<mjloggm ver="2.3"><GO type="225" lobby="0"/><UN n0="%E3%81%BF%E3%81%BF%E3%81%9A" n1="%E3%80%93%E3%81%97%E3%83%BC%E3%82%89%E3%80%93" n2="%E3%83%A9%E3%82%A4%E3%83%B3%E3%81%AE%E8%99%8E" n3="%E9%80%86%E9%80%A3%E5%B8%AF%E3%81%AE%E9%AC%BC" dan="17,16,16,17" rate="2178.13,2222.10,2181.62,2116.47" sx="M,M,M,M"/><TAIKYOKU oya="0"/><INIT seed="0,0,0,0,2,121" ten="250,250,250,250" oya="0" hai0="110,32,79,55,67,117,84,4,129,53,83,17,3" hai1="122,18,45,127,8,72,77,85,9,13,105,35,14" hai2="23,24,128,31,132,115,108,68,40,15,70,63,75" hai3="96,78,64,60,92,126,20,116,42,58,65,25,21"/><T57/><D117/><U5/><E105/><V16/><F115/><W97/><G126/><T101/><D32/><U33/><E72/><V80/><F128/><W99/><G116/><T73/><D129/><U7/><E122/><V38/><F132/><W43/><G78/><T29/><D29/><U66/><E127/><V30/><F30/><W94/><G65/><T86/><D101/><U47/><E66/><V119/><F119/><W134/><G134/><T34/><D34/><U88/><E77/><V93/><F63/><W118/><G118/><T11/><D67/><U46/><REACH who="1" step="1"/><E18/><REACH who="1" ten="250,240,250,250" step="2"/><V36/><F75/><W27/><G27/><T59/><D17/><U49/><E49/><V48/><F16/><W87/><G25/><T102/><D110/><U112/><E112/><V26/><F108/><W98/><G21/><T22/><D22/><U106/><E106/><V111/><F24/><W107/><G20/><T69/><D69/><U62/><E62/><V135/><F23/><W104/><G107/><T133/><D133/><U19/><E19/><V76/><F26/><W1/><G104/><T6/><D73/><U124/><E124/><V28/><F68/><W81/><N who="3" m="24576" /><DORA hai="113" /><W89/><G1/><T130/><D130/><U131/><E131/><V114/><F70/><W100/><G100/><T82/><D102/><U91/><E91/><V54/><F111/><W120/><G120/><T95/><D3/><U37/><E37/><V90/><F38/><W12/><G12/><T109/><D79/><U41/><E41/><AGARI ba="0,1" hai="41,42,43,58,60,64,81,87,89,92,94" m="24576" machi="41" ten="50,1600,0" yaku="8,1" doraHai="121,113" who="3" fromWho="1" sc="250,0,240,-16,250,0,250,26" /><INIT seed="1,0,0,0,1,50" ten="250,224,250,276" oya="1" hai0="25,88,98,42,121,35,90,77,73,72,2,122,28" hai1="130,114,4,14,22,65,86,85,83,33,1,17,18" hai2="103,0,107,69,8,127,109,40,57,75,113,21,19" hai3="132,93,51,71,27,67,70,44,15,123,100,78,59"/><U91/><E33/><V74/><F69/><W64/><G123/><N who="0" m="47115" /><D2/><U119/><E119/><V43/><F109/><W62/><G132/><T39/><D77/><U79/><E114/><V129/><F113/><W110/><G110/><T60/><D60/><U13/><E130/><V29/><F29/><W116/><G116/><T30/><D28/><U6/><E65/><V7/><F127/><W47/><G78/><T41/><D98/><U66/><E66/><V5/><F5/><W80/><G80/><T61/><D61/><U104/><E104/><V12/><F129/><W54/><G27/><T126/><D126/><U99/><E99/><V87/><F107/><W124/><G124/><T53/><D53/><U125/><E1/><V76/><F76/><W84/><G67/><T81/><D81/><U46/><E46/><V36/><F7/><W82/><G71/><T20/><D35/><U101/><E101/><V32/><F103/><W3/><G3/><T111/><D111/><U95/><REACH who="1" step="1"/><E125/><REACH who="1" ten="250,214,250,276" step="2"/><V9/><F0/><W37/><G70/><T97/><D97/><U134/><E134/><V133/><F133/><W11/><G64/><T55/><D41/><U68/><E68/><V52/><F32/><W112/><G112/><T10/><D42/><U24/><E24/><V31/><F40/><W45/><G45/><T96/><D96/><U135/><E135/><V89/><F43/><W92/><G44/><T34/><D34/><U106/><E106/><V56/><F36/><W63/><G37/><T120/><D39/><U48/><E48/><V118/><F118/><W23/><G100/><RYUUKYOKU ba="0,1" sc="250,-10,214,30,250,-10,276,-10" hai1="4,6,13,14,17,18,22,79,83,85,86,91,95" /><INIT seed="1,1,1,2,1,91" ten="240,244,240,266" oya="1" hai0="7,104,73,27,93,19,124,106,41,123,84,92,99" hai1="96,36,25,102,117,32,75,33,79,131,100,78,43" hai2="103,98,63,51,80,112,108,130,81,5,111,89,107" hai3="67,15,83,21,109,74,35,135,118,119,22,134,14"/><U77/><E117/><N who="3" m="44554" /><G35/><T95/><D7/><U17/><E131/><V70/><F5/><W46/><G67/><T18/><D73/><U127/><E127/><V97/><F51/><W133/><G46/><T58/><D41/><U6/><E75/><V55/><F55/><W122/><G122/><T9/><D124/><U87/><E6/><V129/><F63/><W2/><G2/><T0/><D123/><U68/><E68/><V113/><F70/><W72/><G109/><N who="2" m="42057" /><F97/><W31/><G31/><T62/><D0/><U48/><E48/><V132/><F132/><W126/><G126/><T114/><D114/><N who="2" m="44138" /><F89/><W56/><G56/><T115/><D115/><U120/><E120/><V125/><F125/><W11/><G14/><N who="0" m="7503" /><D106/><U60/><E43/><V8/><F8/><W50/><G50/><T24/><D104/><U49/><E49/><V3/><F3/><W59/><G59/><T76/><D99/><U90/><E96/><V116/><F116/><W13/><G13/><T121/><D121/><U10/><E60/><V39/><F39/><W85/><G11/><T26/><D62/><U86/><E36/><V20/><F20/><N who="3" m="7787" /><G15/><T44/><D58/><U47/><E10/><V64/><F64/><W71/><G71/><T4/><D44/><U66/><E47/><V61/><F61/><W105/><G105/><T30/><D4/><U57/><E66/><V16/><F16/><W94/><G135/><T37/><D37/><U88/><E17/><V42/><F42/><W29/><G134/><T53/><D19/><U110/><E110/><V101/><F101/><W40/><G133/><RYUUKYOKU ba="1,1" sc="240,-10,244,-10,240,30,266,-10" hai2="80,81,98,103,107,129,130" /><INIT seed="2,2,1,3,1,109" ten="230,234,270,256" oya="2" hai0="84,49,3,32,21,73,69,85,106,121,5,71,40" hai1="111,25,8,4,9,23,102,82,20,31,107,7,100" hai2="91,132,117,63,13,59,67,104,76,128,65,56,16" hai3="103,68,83,94,50,134,1,135,12,52,95,34,96"/><V79/><F117/><W22/><G1/><T133/><D121/><U80/><E111/><V36/><F36/><W89/><G34/><T35/><D21/><U43/><E43/><V116/><F116/><W88/><G68/><T74/><D49/><U86/><E107/><V108/><F108/><W113/><G113/><T87/><D40/><U92/><E92/><V0/><F0/><W61/><G61/><T57/><D3/><U72/><E72/><N who="0" m="27753" /><D57/><U101/><E23/><V118/><F118/><W6/><G83/><N who="1" m="31786" /><E86/><N who="0" m="22017" /><T42/><DORA hai="115" /><D42/><U10/><AGARI ba="2,1" hai="4,7,8,9,10,20,25,31,100,101,102" m="31786" machi="10" ten="40,1500,0" yaku="8,1" doraHai="109,115" who="1" fromWho="1" sc="230,-6,234,31,270,-9,256,-6" /><INIT seed="3,0,0,3,4,31" ten="224,265,261,250" oya="3" hai0="36,93,100,130,123,89,27,122,78,7,129,63,8" hai1="43,15,52,54,88,106,90,83,13,39,107,25,99" hai2="16,20,26,132,68,9,135,22,109,4,76,69,108" hai3="121,40,112,37,42,61,111,110,134,84,73,125,23"/><W82/><G121/><T45/><D100/><U95/><E107/><V60/><F76/><W114/><G73/><T118/><D118/><U70/><E70/><V120/><F60/><W35/><G134/><N who="2" m="51241" /><F120/><W38/><G125/><T124/><D78/><U67/><E106/><V1/><F22/><W101/><G101/><T79/><D79/><U2/><E2/><V128/><F128/><N who="0" m="49258" /><D63/><U3/><E3/><V59/><F59/><W119/><G119/><T55/><D27/><U64/><E25/><V10/><F9/><W126/><G126/><T75/><D75/><U41/><E39/><V56/><F56/><W87/><G61/><T113/><D113/><U48/><E83/><V24/><F24/><W91/><G23/><T44/><D44/><N who="1" m="27655" /><E54/><V57/><F57/><W103/><G103/><T19/><D19/><U46/><E90/><V28/><F28/><W85/><G91/><T80/><D80/><U5/><E46/><V29/><F29/><W65/><G82/><T14/><D124/><U102/><E102/><V49/><F49/><W117/><G117/><T104/><D104/><U0/><E0/><V47/><F47/><W127/><G127/><T18/><D18/><U30/><E30/><V86/><F86/><W115/><G115/><T105/><D105/><U81/><E81/><V72/><F72/><W74/><G74/><T96/><D36/><U6/><E67/><V77/><F77/><W11/><G65/><T53/><D45/><U116/><E64/><V71/><AGARI ba="0,0" hai="1,4,10,16,20,26,68,69,71,108,109" m="51241" machi="71" ten="40,2700,0" yaku="20,1,54,1" doraHai="31" who="2" fromWho="2" sc="224,-7,265,-7,261,27,250,-13" /><INIT seed="4,0,0,2,2,131" ten="217,258,288,237" oya="0" hai0="92,16,117,80,25,64,6,23,13,88,98,96,67" hai1="128,108,69,32,116,122,104,72,21,85,54,46,45" hai2="11,24,129,114,8,58,17,61,31,95,41,56,20" hai3="102,51,103,4,73,94,14,36,105,79,66,35,90"/><T27/><D117/><U60/><E72/><V40/><F114/><W1/><G36/><T101/><D6/><U107/><E32/><V126/><F129/><W29/><G1/><T71/><D71/><U49/><E128/><V44/><F126/><W70/><G105/><T130/><D130/><U42/><E116/><V59/><F61/><W75/><G70/><T82/><D98/><U133/><E108/><V87/><F44/><W100/><G66/><N who="0" m="25131" /><D101/><U2/><E69/><V12/><F8/><W62/><G62/><T124/><D124/><U38/><E2/><V28/><F31/><W83/><G75/><T18/><D27/><U112/><E60/><V134/><F134/><W97/><G51/><T111/><D111/><U132/><E122/><V19/><F28/><W99/><G35/><T0/><D0/><U65/><E65/><V121/><F121/><W3/><G3/><T55/><D55/><U39/><E39/><V127/><F127/><W89/><G29/><T81/><D82/><U119/><E119/><V63/><F63/><W43/><G43/><T15/><D25/><U118/><E118/><V78/><F95/><N who="3" m="56559" /><G14/><T93/><D92/><U26/><E85/><V9/><F9/><AGARI ba="0,0" hai="9,13,15,16,18,23,80,81,88,93,96" m="25131" machi="9" ten="30,5800,0" yaku="8,1,54,2" doraHai="131" who="0" fromWho="2" sc="217,58,258,0,288,-58,237,0" /><INIT seed="4,1,0,1,3,95" ten="275,258,230,237" oya="0" hai0="63,96,113,83,42,17,12,27,18,80,69,58,98" hai1="46,94,123,74,122,75,87,88,129,133,31,5,130" hai2="61,91,1,52,109,62,57,72,39,3,92,7,11" hai3="104,10,102,128,112,44,135,121,60,22,100,49,118"/><T9/><D69/><U28/><E5/><V79/><F109/><W119/><G121/><N who="1" m="46090" /><E46/><V25/><F39/><W4/><G112/><T131/><D113/><U125/><E31/><V117/><F117/><W33/><G33/><T116/><D131/><N who="1" m="50187" /><E28/><V101/><F101/><W55/><G135/><T45/><D116/><U43/><E43/><V82/><F25/><W66/><G128/><T71/><D71/><U126/><E133/><V24/><F24/><W41/><G22/><N who="0" m="13775" /><D45/><U51/><E51/><V103/><F103/><W73/><G73/><AGARI ba="1,0" hai="73,74,75,87,88,94,125,126" m="50187,46090" machi="73" ten="40,8000,1" yaku="19,1,34,2,54,1" doraHai="95" who="1" fromWho="3" sc="275,0,258,83,230,0,237,-83" owari="275,7.5,341,44.1,230,-17.0,154,-34.6" /></mjloggm>