<mjloggm ver="2.3"><GO type="225" lobby="0"/><UN n0="%E3%83%A9%E3%83%BC%E3%83%A1%E3%83%B3%E4%BA%94%E9%83%8E" n1="%E6%81%A5%E6%99%92%E3%81%97" n2="%E6%B4%BE%E9%81%A3%E3%81%AE%E3%82%B8%E3%83%A3%E3%83%83%E3%82%AF" n3="%E3%81%BF%E3%81%BF%E3%81%9A" dan="16,16,17,18" rate="2087.42,2080.18,2198.16,2252.29" sx="M,M,M,M"/><TAIKYOKU oya="0"/><INIT seed="0,0,0,2,4,59" ten="250,250,250,250" oya="0" hai0="42,65,26,85,37,53,82,15,81,83,120,34,10" hai1="80,86,113,73,4,66,109,90,32,69,6,98,1" hai2="102,121,106,11,104,2,31,75,130,12,36,47,0" hai3="111,56,50,84,74,72,27,96,107,77,78,125,14"/><T61/><D120/><U63/><E109/><V5/><F121/><W44/><G111/><T64/><D37/><U123/><E123/><V46/><F75/><W76/><G84/><T127/><D127/><U71/><E73/><V110/><F110/><W132/><G125/><T95/><D42/><U94/><E113/><V134/><F134/><W18/><G132/><T25/><D95/><U41/><E32/><V116/><F130/><W28/><G56/><N who="0" m="34959" /><D85/><U45/><E1/><V22/><F116/><W30/><G96/><T49/><D49/><U100/><REACH who="1" step="1"/><E71/><REACH who="1" ten="250,240,250,250" step="2"/><V126/><F0/><W122/><G122/><T118/><D34/><U135/><E135/><V133/><F133/><W87/><G74/><T17/><D118/><U92/><E92/><V62/><F2/><W67/><G72/><T33/><D33/><U91/><E91/><V57/><F126/><W60/><G107/><T43/><D43/><U68/><E68/><V103/><F104/><W101/><G101/><T55/><D55/><U58/><E58/><V105/><F105/><W119/><G119/><T3/><D3/><U54/><E54/><V40/><F106/><W7/><G77/><T112/><D112/><U38/><AGARI ba="0,1" hai="4,6,38,41,45,63,66,69,80,86,90,94,98,100" machi="38" ten="20,5200,0" yaku="1,1,0,1,7,1,52,1,53,0" doraHai="59" doraHaiUra="117" who="1" fromWho="1" sc="250,-26,240,62,250,-13,250,-13" /><INIT seed="1,0,0,4,0,87" ten="224,302,237,237" oya="1" hai0="27,92,129,20,2,45,1,54,100,104,86,112,91" hai1="80,12,4,23,8,61,32,126,117,11,78,13,108" hai2="53,49,39,62,18,22,123,65,67,59,102,79,115" hai3="111,84,35,14,113,95,107,93,131,85,26,127,66"/><U60/><E117/><V5/><F123/><W9/><G107/><T17/><D129/><U99/><E126/><V44/><F115/><W57/><G127/><T3/><D112/><U134/><E134/><V103/><F5/><W34/><G113/><T21/><D104/><U119/><E32/><V125/><F79/><W77/><G131/><T72/><D72/><U88/><E119/><V116/><F116/><W68/><G68/><T73/><D73/><U120/><E120/><V128/><F128/><W19/><G111/><T51/><D100/><N who="2" m="38442" /><F39/><W7/><G35/><T46/><REACH who="0" step="1"/><D21/><REACH who="0" ten="214,302,237,237" step="2"/><U71/><E23/><V98/><F125/><W28/><G34/><T42/><D42/><U29/><E71/><V124/><F124/><W6/><G28/><T69/><D69/><U52/><E108/><V56/><F98/><W89/><G26/><T15/><D15/><U63/><E99/><V24/><F59/><AGARI ba="0,1" hai="1,2,3,17,20,27,45,46,51,54,59,86,91,92" machi="59" ten="40,2600,0" yaku="1,1,52,1,53,0" doraHai="87" doraHaiUra="31" who="0" fromWho="2" sc="214,36,302,0,237,-26,237,0" /><INIT seed="2,0,0,4,4,109" ten="250,302,211,237" oya="2" hai0="52,27,84,94,22,103,131,8,107,35,89,130,64" hai1="122,99,50,63,11,14,73,124,75,81,0,67,126" hai2="30,98,129,119,2,76,117,104,62,105,111,65,93" hai3="128,60,61,9,116,24,57,36,18,91,37,23,92"/><V29/><F2/><W48/><G116/><T20/><D64/><U68/><E122/><V34/><F76/><W49/><G128/><N who="0" m="49195" /><D8/><U77/><E0/><V123/><F123/><W85/><G36/><T115/><D115/><U118/><E118/><V44/><F129/><W86/><G37/><T97/><D52/><U56/><E99/><V40/><F111/><W88/><G9/><T10/><D10/><U132/><E132/><V31/><F34/><W120/><G120/><T4/><D4/><U69/><E75/><V114/><F114/><W90/><G60/><T7/><D7/><U113/><E113/><V39/><F117/><W59/><G59/><T17/><D20/><U16/><REACH who="1" step="1"/><E50/><REACH who="1" ten="250,292,211,237" step="2"/><N who="3" m="19562" /><G92/><N who="0" m="54311" /><D107/><U108/><E108/><V12/><F119/><W106/><G106/><T110/><D110/><U133/><E133/><V102/><REACH who="2" step="1"/><F12/><REACH who="2" ten="250,292,201,237" step="2"/><W100/><G100/><T42/><D103/><U1/><E1/><V112/><F112/><W127/><G127/><AGARI ba="0,2" hai="11,14,16,56,63,67,68,69,73,77,81,124,126,127" machi="127" ten="40,12000,2" yaku="1,1,18,1,54,1,53,3" doraHai="109" doraHaiUra="135" who="1" fromWho="3" sc="250,0,292,140,201,0,237,-120" /><INIT seed="3,0,0,1,0,17" ten="250,432,201,117" oya="3" hai0="43,96,125,40,51,106,59,109,20,107,24,76,130" hai1="103,4,84,129,98,99,72,122,105,50,127,87,91" hai2="6,45,102,41,97,67,83,88,9,75,104,32,120" hai3="86,92,115,28,113,2,63,25,131,13,42,29,65"/><W64/><G2/><T18/><D109/><U117/><E4/><V16/><F32/><W82/><G131/><T5/><D130/><U36/><E36/><V114/><F114/><W101/><G42/><T69/><D69/><U74/><E50/><V90/><F67/><W94/><G29/><T23/><D106/><U70/><E70/><V54/><F54/><W116/><G116/><T135/><D107/><U78/><E129/><V134/><F134/><W68/><G65/><T132/><D125/><U27/><E27/><V15/><F120/><W89/><G13/><N who="0" m="9295" /><D76/><U33/><E33/><V80/><F6/><W1/><G1/><T19/><D96/><U126/><E122/><V7/><F7/><W11/><G11/><T48/><D5/><U8/><E8/><V93/><F75/><W119/><G119/><T124/><D124/><U14/><E99/><V58/><F58/><W57/><G68/><T53/><D51/><U81/><E14/><V49/><F104/><W118/><G118/><T111/><D111/><U71/><E71/><V60/><F60/><W100/><G113/><T47/><D59/><U39/><E117/><V3/><F3/><W22/><REACH who="3" step="1"/><G115/><REACH who="3" ten="250,432,201,107" step="2"/><T52/><D40/><U108/><E126/><V30/><F30/><W77/><G77/><T0/><D0/><U133/><E127/><V66/><F66/><W44/><G44/><T55/><D135/><U85/><E133/><V37/><F37/><W35/><G35/><T56/><D132/><U34/><E34/><V123/><F123/><W61/><G61/><N who="0" m="35975" /><D43/><U10/><E10/><V73/><F73/><RYUUKYOKU ba="0,1" sc="250,10,432,-30,201,10,107,10" hai0="19,23,24,47,48,53,55" hai2="9,15,16,41,45,49,80,83,88,90,93,97,102" hai3="22,25,28,57,63,64,82,86,89,92,94,100,101" /><INIT seed="3,1,1,5,1,69" ten="260,402,211,117" oya="3" hai0="3,1,41,93,80,122,46,71,56,87,103,107,130" hai1="10,95,108,57,99,2,14,12,100,21,135,34,117" hai2="13,52,119,120,90,51,114,115,36,5,58,44,7" hai3="38,133,110,4,62,105,74,24,131,94,129,29,121"/><W134/><G121/><T88/><D122/><U65/><E34/><V77/><F120/><W109/><G105/><T22/><D71/><U113/><E14/><V32/><F32/><N who="3" m="20519" /><G74/><T25/><D130/><N who="3" m="49673" /><G94/><T35/><D35/><U125/><E57/><V91/><F119/><W23/><G62/><T70/><D70/><U112/><E95/><V81/><F114/><W54/><G54/><T111/><D107/><U85/><E112/><V45/><F115/><W0/><G23/><T11/><D56/><U15/><E21/><V64/><F64/><W86/><G86/><T48/><D11/><U42/><E65/><V53/><F53/><W50/><G50/><T20/><D20/><U17/><E85/><V72/><F45/><W27/><G27/><T116/><D116/><U26/><E117/><V128/><F128/><W43/><G4/><T102/><D93/><U123/><E123/><V79/><F7/><W124/><G0/><T118/><D1/><U106/><E2/><V8/><REACH who="2" step="1"/><F77/><REACH who="2" ten="260,402,201,117" step="2"/><W97/><G97/><T40/><D118/><U78/><E78/><V63/><F63/><W98/><G98/><T68/><D46/><U47/><E26/><V59/><F59/><W37/><G124/><T127/><D25/><U49/><E49/><V61/><F61/><W55/><G55/><T84/><D48/><U18/><E125/><V28/><F28/><W60/><G60/><T82/><D127/><U132/><E113/><V67/><F67/><W66/><G66/><T16/><D68/><U9/><E106/><V89/><F89/><W101/><G101/><T73/><D102/><RYUUKYOKU ba="1,2" sc="260,-10,402,-10,201,30,117,-10" hai2="5,8,13,36,44,51,52,58,72,79,81,90,91" owari="250,5.0,412,51.2,231,-16.9,107,-39.3" /></mjloggm>