<mjloggm ver="2.3"><GO type="225" lobby="0"/><UN n0="%E3%81%99%E3%81%84%E3%81%BE%E3%81%9B%E3%83%BC%E3%82%93" n1="%E7%B4%94%E6%BD%94%E3%83%94%E3%83%A9%E3%83%8B%E3%82%A2" n2="%E3%81%AF%E3%82%88%E3%81%8A%E3%81%98%E3%81%95%E3%82%93" n3="%E3%83%A9%E3%82%B9%E7%8E%87%EF%BC%93%E5%89%B2" dan="18,16,17,17" rate="2189.35,2162.17,2208.07,2217.90" sx="M,M,M,F"/><TAIKYOKU oya="0"/><INIT seed="0,0,0,2,4,122" ten="250,250,250,250" oya="0" hai0="111,117,132,66,52,114,112,110,90,104,79,51,40" hai1="100,65,85,69,36,72,28,16,96,7,118,62,101" hai2="5,129,53,59,133,73,42,103,93,119,46,107,95" hai3="45,2,48,84,32,78,22,121,55,30,47,10,70"/><T18/><D104/><U57/><E72/><V115/><F115/><W8/><G32/><T29/><D117/><U83/><E36/><V44/><F73/><W35/><G35/><T88/><D132/><U124/><E124/><V76/><F76/><W99/><G70/><T26/><D79/><U91/><E28/><V94/><F133/><W106/><G121/><T120/><D40/><U64/><E7/><V24/><F119/><W17/><G30/><T15/><D66/><U27/><E118/><V81/><F81/><N who="3" m="47159" /><G106/><T49/><D120/><U56/><E100/><V41/><F129/><W131/><G2/><T38/><D38/><U11/><E64/><V34/><F5/><W109/><G109/><N who="0" m="41483" /><D114/><U39/><E39/><V105/><F42/><W19/><G47/><N who="2" m="17961" /><F41/><W125/><G125/><T33/><D112/><U37/><E37/><V71/><F71/><W82/><G131/><T128/><D128/><U98/><E69/><V6/><F103/><W14/><G99/><T116/><D116/><U1/><E96/><V50/><F6/><W60/><G60/><T67/><D67/><U123/><E62/><V4/><F4/><W12/><G82/><T68/><D68/><U127/><E65/><V25/><F34/><W126/><G126/><T102/><D102/><U113/><E113/><V135/><F135/><W23/><AGARI ba="0,0" hai="8,10,12,14,17,19,22,23,45,48,55" m="47159" machi="23" ten="30,1100,0" yaku="8,1" doraHai="122" who="3" fromWho="3" sc="250,-5,250,-3,250,-3,250,11" /><INIT seed="1,0,0,5,1,6" ten="245,247,247,261" oya="1" hai0="33,0,9,37,10,60,96,92,133,39,132,88,35" hai1="20,24,4,79,14,46,81,100,22,103,47,63,120" hai2="41,69,57,34,107,54,76,62,44,29,128,40,70" hai3="117,21,53,72,119,134,80,127,89,110,51,3,75"/><U115/><E115/><V130/><F107/><W18/><G3/><T135/><D60/><U74/><E120/><V31/><F76/><W65/><G65/><T1/><D1/><U124/><E124/><V90/><F90/><W23/><G23/><T125/><D125/><U12/><E63/><V116/><F34/><N who="0" m="12810" /><D0/><U73/><E4/><V19/><F19/><W68/><G89/><T112/><D112/><U77/><REACH who="1" step="1"/><E81/><REACH who="1" ten="245,237,247,261" step="2"/><V102/><F62/><W48/><G80/><T106/><D106/><U126/><E126/><V101/><F70/><W50/><G68/><T25/><D25/><AGARI ba="0,1" hai="12,14,20,22,24,25,46,47,73,74,77,79,100,103" machi="25" ten="25,4800,0" yaku="1,1,22,2,53,0" doraHai="6" doraHaiUra="15" who="1" fromWho="0" sc="245,-48,237,58,247,0,261,0" /><INIT seed="1,1,0,2,4,127" ten="197,295,247,261" oya="1" hai0="25,6,102,70,75,112,43,58,48,126,15,22,111" hai1="124,59,35,66,86,80,55,9,0,34,49,54,115" hai2="62,52,120,74,99,79,128,19,96,28,77,69,44" hai3="46,125,21,12,40,50,71,84,105,61,94,29,73"/><U65/><E124/><V76/><F120/><W33/><G73/><T119/><D112/><U83/><E115/><V26/><F74/><W132/><G132/><T90/><D119/><U103/><E103/><V8/><F128/><W31/><G105/><T23/><D126/><U14/><E0/><V122/><F122/><W108/><G108/><T123/><D70/><U87/><E34/><V101/><F69/><W18/><G33/><T97/><D75/><U42/><E35/><V117/><F117/><W37/><G125/><T38/><D111/><U63/><E42/><V109/><F109/><W116/><G116/><T41/><D38/><U60/><E86/><V17/><F28/><W51/><G51/><T82/><D123/><U113/><E83/><V64/><F64/><W106/><G106/><T72/><D72/><U32/><E32/><V47/><F26/><W2/><G2/><T95/><D6/><U135/><E135/><V30/><F30/><W7/><G7/><T91/><D15/><U129/><E129/><V3/><F3/><W92/><G37/><T39/><D39/><U68/><E49/><V118/><F118/><W121/><G121/><T131/><D131/><U11/><E113/><V89/><F101/><W5/><G5/><T104/><D104/><U114/><E114/><V36/><F36/><W24/><G84/><N who="0" m="50455" /><D102/><U88/><E14/><N who="2" m="7367" /><F19/><W10/><REACH who="3" step="1"/><G31/><REACH who="3" ten="197,295,247,251" step="2"/><N who="0" m="17847" /><D23/><U4/><E4/><V133/><F133/><W13/><G13/><T107/><D107/><U93/><E80/><V20/><F20/><W110/><G110/><T98/><D98/><N who="2" m="37418" /><F89/><W67/><AGARI ba="1,1" hai="10,12,18,21,24,29,40,46,50,61,67,71,92,94" machi="67" ten="30,4000,0" yaku="1,1,5,1,0,1,53,0" doraHai="127" doraHaiUra="100" who="3" fromWho="3" sc="197,-11,295,-21,247,-11,251,53" /><INIT seed="2,0,0,0,1,95" ten="186,274,236,304" oya="2" hai0="11,20,60,99,121,42,13,84,61,3,17,78,67" hai1="90,113,65,53,133,94,135,37,38,6,107,73,77" hai2="12,130,80,48,19,21,106,109,52,43,86,122,69" hai3="112,44,88,55,33,50,15,98,63,41,97,103,59"/><V105/><F122/><W31/><G33/><T89/><D121/><U116/><E107/><V1/><F1/><W25/><G112/><T35/><D35/><U8/><E113/><V129/><F69/><W9/><G103/><T27/><D3/><U131/><E116/><V49/><F109/><W114/><G114/><T74/><D42/><U93/><E93/><V110/><F110/><W14/><G14/><T83/><D74/><U126/><E65/><V117/><F117/><W54/><G88/><T62/><D78/><U26/><E26/><V72/><F72/><W127/><G127/><T85/><D84/><U102/><E102/><V57/><F48/><W134/><G134/><N who="1" m="51210" /><E53/><V75/><F43/><W123/><G123/><T58/><REACH who="0" step="1"/><D99/><REACH who="0" ten="176,274,236,304" step="2"/><N who="3" m="37897" /><G41/><T22/><D22/><U47/><E77/><V29/><F75/><W0/><G0/><T16/><AGARI ba="0,1" hai="11,13,16,17,20,27,58,60,61,62,67,83,85,89" machi="16" ten="20,8000,1" yaku="1,1,0,1,7,1,8,1,54,1,53,0" doraHai="95" doraHaiUra="96" who="0" fromWho="0" sc="176,90,274,-20,236,-40,304,-20" /><INIT seed="3,0,0,5,2,80" ten="266,254,196,284" oya="3" hai0="0,93,98,43,61,96,128,129,95,77,101,74,75" hai1="92,134,13,121,65,56,126,122,83,76,60,100,91" hai2="102,46,94,84,38,35,49,63,21,99,51,19,17" hai3="54,120,64,42,69,68,108,12,59,15,5,88,106"/><W52/><G106/><T110/><D43/><U70/><E126/><V14/><F35/><W34/><G34/><T71/><D61/><U4/><E134/><V22/><F38/><W37/><G120/><T117/><D71/><U72/><E100/><V67/><F46/><N who="3" m="23887" /><G54/><T10/><D10/><U32/><E32/><V39/><F39/><W50/><G68/><T125/><D0/><U116/><E116/><V109/><F109/><W105/><G105/><T44/><D44/><U114/><E114/><V118/><F118/><W86/><G5/><T85/><D110/><U7/><E70/><V132/><F132/><W9/><G9/><T62/><D62/><U130/><E130/><N who="0" m="50281" /><D125/><U23/><E4/><V3/><F3/><W57/><G57/><T29/><D29/><U78/><E78/><V115/><F115/><W28/><G28/><T41/><D41/><U47/><E47/><V73/><F73/><W124/><G124/><T24/><D24/><U119/><E119/><V87/><F63/><N who="3" m="40095" /><G108/><T31/><D31/><U1/><E1/><V104/><F67/><W133/><G133/><T103/><D117/><U27/><E7/><V25/><F104/><W33/><G33/><T11/><D11/><U111/><E111/><V36/><F36/><W112/><G112/><T131/><D131/><U6/><E6/><V2/><F2/><W113/><G113/><T79/><D79/><U90/><E27/><V30/><F30/><W16/><G16/><T82/><AGARI ba="0,0" hai="74,75,77,82,85,93,95,96,98,101,103" m="50281" machi="82" ten="30,7900,0" yaku="19,1,34,2,52,1" doraHai="80" who="0" fromWho="0" sc="266,79,254,-20,196,-20,284,-39" owari="345,44.5,234,-16.6,176,-32.4,245,4.5" /></mjloggm>