<mjloggm ver="2.3"><GO type="225" lobby="0"/><UN n0="%E7%B4%94%E6%BD%94%E3%83%94%E3%83%A9%E3%83%8B%E3%82%A2" n1="%E3%83%8F%E3%83%B3%E3%83%89%E3%83%A9%E3%83%BC%E3%83%BB%E3%83%AF%E3%83%B3" n2="%E4%BF%BA%E3%81%A8%E5%A6%96%E5%A4%A2" n3="%E3%83%96%E3%83%83%E3%83%91%E3%82%AA%E3%83%96%E3%83%81%E3%82%AD%E3%83%B3" dan="17,18,16,16" rate="2165.86,2231.00,2266.08,2186.44" sx="M,M,F,M"/><TAIKYOKU oya="0"/><INIT seed="0,0,0,1,2,28" ten="250,250,250,250" oya="0" hai0="106,69,79,51,13,64,47,40,65,1,128,44,93" hai1="126,24,46,77,49,101,4,114,67,58,29,27,84" hai2="105,72,113,132,104,20,103,129,73,125,37,89,56" hai3="6,42,18,16,66,9,14,102,95,118,131,33,90"/><T108/><D106/><N who="2" m="41066" /><F56/><W41/><G118/><T59/><D1/><U76/><E126/><V134/><F20/><W83/><G131/><T11/><D128/><U63/><E114/><V54/><F54/><W3/><G33/><T45/><D69/><U122/><E122/><V127/><F37/><W35/><G35/><T68/><D68/><U31/><E101/><V57/><F57/><W133/><G133/><N who="2" m="51305" /><F129/><W82/><G66/><T50/><D79/><U0/><E4/><V43/><F43/><N who="3" m="16395" /><G102/><T94/><D108/><U98/><E0/><V123/><F103/><W39/><G39/><T86/><D86/><U10/><E84/><V96/><F123/><W100/><G3/><T120/><D120/><U135/><E135/><V97/><F113/><W17/><G100/><T119/><D119/><U124/><E67/><N who="0" m="25673" /><D40/><U12/><E124/><N who="2" m="47691" /><F89/><W75/><G6/><N who="0" m="3319" /><D50/><U110/><E49/><V61/><F61/><W38/><G38/><T116/><D116/><U22/><E63/><V53/><F53/><AGARI ba="0,0" hai="44,45,47,51,53,59,93,94" m="3319,25673" machi="53" ten="30,1500,0" yaku="8,1" doraHai="28" who="0" fromWho="2" sc="250,15,250,0,250,-15,250,0" /><INIT seed="0,1,0,1,5,117" ten="265,250,235,250" oya="0" hai0="115,101,49,39,93,125,58,126,98,26,68,33,82" hai1="79,80,20,6,119,110,29,55,76,86,124,60,128" hai2="84,97,129,111,47,36,30,16,5,67,132,54,57" hai3="91,121,48,38,112,99,90,130,64,61,0,78,22"/><T116/><D116/><U32/><E119/><V35/><F111/><W83/><G112/><T62/><D39/><U59/><E110/><V65/><F132/><W19/><G38/><T31/><D115/><U11/><E128/><V56/><F129/><W46/><G130/><T104/><D82/><U89/><E32/><V106/><F5/><W41/><G0/><T73/><D73/><U42/><E42/><V127/><F127/><N who="0" m="48650" /><D49/><U102/><E102/><V94/><F106/><W7/><G7/><T24/><D24/><N who="1" m="16519" /><E124/><V25/><F84/><W120/><G99/><T12/><D12/><AGARI ba="1,0" hai="6,11,12,55,59,60,76,79,80,86,89" m="16519" machi="12" ten="30,1000,0" yaku="8,1" doraHai="117" who="1" fromWho="0" sc="265,-13,250,13,235,0,250,0" /><INIT seed="1,0,0,0,4,52" ten="252,263,235,250" oya="1" hai0="3,131,118,14,20,18,0,69,130,65,70,126,40" hai1="60,84,114,79,78,45,101,62,51,22,108,77,75" hai2="2,120,1,39,24,122,128,64,119,16,29,6,83" hai3="85,99,49,94,102,50,54,105,125,27,66,26,132"/><U63/><E114/><V103/><F39/><W73/><G132/><T10/><D118/><U61/><E75/><V113/><F103/><W134/><G134/><T91/><D126/><U13/><E101/><V25/><F64/><W34/><G125/><T5/><D40/><U109/><N who="1" m="15360" /><DORA hai="30" /><U72/><E72/><V53/><F53/><W92/><G73/><T98/><D65/><U135/><E135/><V68/><F83/><W116/><G66/><T96/><D0/><N who="2" m="106" /><F68/><W71/><G71/><T9/><D20/><U93/><E93/><V33/><F119/><W11/><G116/><T19/><D91/><U21/><E84/><V67/><F67/><W117/><G117/><T82/><D3/><U55/><REACH who="1" step="1"/><E13/><REACH who="1" ten="252,253,235,250" step="2"/><V127/><F113/><W46/><G92/><T123/><D14/><U7/><E7/><V8/><F127/><W121/><G94/><T111/><D5/><U31/><E31/><N who="2" m="19687" /><F6/><W81/><G102/><T80/><D123/><U17/><E17/><V23/><F128/><W43/><G121/><T104/><D104/><U112/><E112/><V86/><F86/><W12/><G85/><T110/><AGARI ba="0,1" hai="9,10,18,19,69,70,80,82,96,98,110,111,130,131" machi="110" ten="25,3200,0" yaku="0,1,22,2" doraHai="52,30" who="0" fromWho="0" sc="252,42,253,-16,235,-8,250,-8" /><INIT seed="2,0,0,3,5,112" ten="294,237,227,242" oya="2" hai0="16,93,65,27,106,91,72,7,61,121,117,18,84" hai1="126,48,71,95,21,90,87,127,66,28,79,35,116" hai2="11,123,10,68,111,12,97,42,56,54,77,58,43" hai3="30,55,25,37,44,40,67,1,46,70,33,50,17"/><V23/><F123/><W63/><REACH who="3" step="1"/><G17/><REACH who="3" ten="294,237,227,232" step="2"/><T53/><D16/><U89/><E127/><V6/><F68/><W14/><G14/><T78/><D18/><U130/><E126/><V119/><F111/><W36/><G36/><T59/><D27/><U101/><E71/><V80/><F119/><W74/><G74/><T32/><D72/><U45/><E116/><V26/><F10/><W20/><G20/><T102/><D117/><U22/><E22/><V135/><F135/><W124/><G124/><T115/><D32/><U134/><E21/><V38/><F38/><W107/><G107/><T88/><D106/><U69/><E35/><V81/><F23/><W9/><G9/><T76/><D121/><U0/><E69/><V131/><F26/><W5/><G5/><T83/><D7/><U104/><E104/><V125/><F125/><W94/><G94/><T103/><D115/><U52/><E95/><V114/><F114/><W96/><G96/><N who="0" m="57383" /><D65/><U34/><E66/><V3/><F97/><W108/><G108/><T113/><D113/><U100/><E134/><V73/><F12/><W133/><G133/><T47/><D47/><U51/><E45/><V24/><F24/><W85/><G85/><T2/><D2/><AGARI ba="0,1" hai="1,2,25,30,33,37,40,44,46,50,55,63,67,70" machi="2" ten="40,2600,0" yaku="21,2,53,0" doraHai="112" doraHaiUra="86" who="3" fromWho="0" sc="294,-26,237,0,227,0,232,36" /><INIT seed="3,0,0,1,0,106" ten="268,237,227,268" oya="3" hai0="76,27,18,87,88,15,61,86,132,112,94,28,102" hai1="122,33,35,21,101,81,60,58,31,125,105,116,119" hai2="108,32,123,111,107,42,124,34,39,84,73,66,134" hai3="90,16,41,25,8,128,113,82,93,3,0,47,30"/><W114/><G128/><T53/><D132/><U115/><E122/><V83/><F107/><W14/><G82/><T117/><D117/><N who="1" m="45131" /><E115/><V131/><F134/><W37/><G114/><T40/><D40/><U20/><E125/><V57/><F131/><W98/><REACH who="3" step="1"/><G113/><REACH who="3" ten="268,237,227,258" step="2"/><T79/><D112/><U63/><E81/><V120/><F124/><W100/><G100/><T62/><D102/><U71/><E101/><V96/><F73/><W1/><G1/><T126/><D126/><U110/><E110/><N who="2" m="42027" /><F123/><W9/><G9/><T13/><D76/><U130/><E130/><V55/><F120/><W103/><G103/><T70/><D79/><U92/><E105/><V54/><F96/><W78/><G78/><T22/><D94/><U19/><E92/><V24/><F83/><W77/><G77/><T12/><D87/><U6/><E35/><AGARI ba="0,1" hai="0,3,8,14,16,25,30,35,37,41,47,90,93,98" machi="35" ten="30,11600,0" yaku="1,1,7,1,54,1,53,1" doraHai="106" doraHaiUra="23" who="3" fromWho="1" sc="268,0,237,-116,227,0,258,126" owari="268,6.8,121,-37.9,227,-17.3,384,48.4" /></mjloggm>