<mjloggm ver="2.3"><GO type="225" lobby="0"/><UN n0="%E3%82%8F%E3%81%8B%E3%81%B0%2A%E3%82%AC%E3%83%BC%E3%83%AB" n1="%E3%81%BF%E3%81%BF%E3%81%9A" n2="%E7%B4%94%E6%BD%94%E3%83%94%E3%83%A9%E3%83%8B%E3%82%A2" n3="%E3%81%95%E3%81%8D%E3%81%9F%E3%81%BE%E6%9E%97%E6%AA%8E" dan="16,17,17,16" rate="2062.98,2201.97,2170.37,2114.11" sx="M,M,M,M"/><TAIKYOKU oya="0"/><INIT seed="0,0,0,5,1,8" ten="250,250,250,250" oya="0" hai0="84,80,96,45,121,124,13,87,62,21,77,5,98" hai1="50,120,52,64,69,99,78,27,35,123,22,40,70" hai2="129,1,65,51,66,34,24,37,16,7,12,75,93" hai3="28,61,31,11,71,104,94,115,17,67,4,41,95"/><T102/><D121/><U82/><E35/><V103/><F37/><W60/><G115/><T135/><D135/><U132/><E40/><V55/><F75/><W106/><G41/><T112/><D112/><U42/><E42/><V92/><F129/><W108/><G108/><T2/><D2/><U53/><E99/><V79/><F79/><W90/><G95/><T125/><D45/><U107/><E107/><V131/><F131/><W38/><G38/><T100/><D62/><U19/><E132/><V134/><F1/><W89/><G17/><N who="0" m="10415" /><D5/><U9/><E53/><V76/><F76/><W44/><G44/><T101/><D87/><U29/><E64/><N who="2" m="24683" /><F103/><W86/><G61/><T91/><D77/><U32/><E9/><N who="2" m="4159" /><F34/><W49/><G90/><T46/><D46/><U128/><E128/><V58/><F134/><W133/><G133/><T126/><AGARI ba="0,0" hai="80,84,91,96,98,100,101,102,124,125,126" m="10415" machi="126" ten="40,3900,0" yaku="18,1,52,1" doraHai="8" who="0" fromWho="0" sc="250,39,250,-13,250,-13,250,-13" /><INIT seed="0,1,0,0,1,90" ten="289,237,237,237" oya="0" hai0="54,135,116,83,93,110,27,119,13,77,44,21,50" hai1="107,10,30,71,47,95,117,128,121,5,103,84,125" hai2="79,23,3,89,19,35,129,68,108,39,32,63,104" hai3="76,65,99,20,9,46,59,60,132,81,37,114,67"/><T0/><D0/><U24/><E117/><V28/><F108/><W38/><G114/><T42/><D110/><U72/><E121/><V58/><F68/><W56/><G132/><T96/><D135/><U2/><E72/><V88/><F129/><W127/><G127/><T14/><D42/><U113/><E113/><V120/><F120/><W16/><G9/><T66/><D66/><U61/><E125/><V75/><F104/><W18/><G99/><T57/><D44/><U7/><E7/><V122/><F39/><W131/><G131/><T69/><D69/><U43/><E128/><V4/><F79/><W73/><G46/><T112/><D112/><U22/><E107/><V26/><F75/><W8/><G8/><T130/><D130/><U40/><E40/><V91/><F122/><W105/><G105/><T101/><D116/><U41/><E41/><V53/><F4/><W25/><REACH who="3" step="1"/><G18/><REACH who="3" ten="289,237,237,227" step="2"/><N who="0" m="12727" /><D119/><U48/><E10/><V87/><F3/><W82/><G82/><T98/><D96/><N who="1" m="59807" /><E2/><V64/><F19/><W29/><G29/><T51/><D51/><U62/><E5/><V111/><F111/><W126/><G126/><T109/><D109/><U12/><E48/><V11/><F11/><W94/><G94/><T118/><D118/><U33/><E47/><V45/><F45/><W106/><G106/><T124/><D124/><U80/><E43/><V100/><F28/><W78/><G78/><T133/><D133/><U55/><E30/><V1/><F1/><W17/><G17/><T70/><D83/><U86/><E80/><N who="2" m="49383" /><F63/><AGARI ba="1,1" hai="16,20,25,37,38,56,59,60,63,65,67,73,76,81" machi="63" ten="40,5200,0" yaku="1,1,9,1,54,1,53,0" doraHai="90" doraHaiUra="49" who="3" fromWho="2" sc="289,0,237,0,237,-55,227,65" /><INIT seed="1,0,0,1,4,132" ten="289,237,182,292" oya="1" hai0="55,123,62,44,75,7,24,127,71,46,63,93,48" hai1="18,129,3,50,31,131,122,83,14,86,88,102,45" hai2="28,26,96,115,104,120,68,51,135,118,91,111,9" hai3="58,125,20,11,29,23,19,53,27,84,41,25,16"/><U97/><E122/><V17/><F91/><W128/><G125/><T105/><D105/><U103/><E3/><V109/><F96/><W0/><G128/><N who="1" m="49226" /><E31/><V35/><F51/><W72/><G72/><T56/><D127/><U77/><E77/><V78/><F78/><W89/><G41/><T54/><D75/><U13/><E18/><V8/><F68/><W66/><G66/><N who="0" m="41431" /><D24/><U126/><E126/><V98/><F98/><W61/><G0/><T124/><D93/><N who="1" m="58671" /><E103/><V43/><F43/><AGARI ba="0,0" hai="13,14,43,45,50,83,86,88" m="58671,49226" machi="43" ten="30,2900,0" yaku="19,1,54,1" doraHai="132" who="1" fromWho="2" sc="289,0,237,29,182,-29,292,0" /><INIT seed="1,1,0,2,3,90" ten="289,266,153,292" oya="1" hai0="28,83,81,2,114,122,77,118,131,119,23,117,6" hai1="92,59,11,41,34,73,30,37,111,12,50,3,106" hai2="120,51,46,132,124,94,0,21,8,128,26,49,116" hai3="47,62,22,74,33,112,71,113,13,72,79,87,63"/><U61/><E106/><V43/><F116/><W15/><G33/><T25/><D114/><U31/><E73/><V38/><F120/><W32/><G32/><T75/><D122/><U105/><E37/><V44/><F124/><W107/><G107/><T57/><D131/><U104/><E3/><V84/><F128/><W110/><G110/><T14/><D2/><U64/><E111/><V101/><F132/><W125/><G125/><T121/><D121/><U85/><E105/><V52/><F0/><W86/><G71/><T55/><D83/><U99/><E85/><V65/><F65/><W20/><REACH who="3" step="1"/><G47/><REACH who="3" ten="289,266,153,282" step="2"/><T95/><D117/><U102/><E104/><V103/><F8/><W133/><G133/><T80/><D118/><U16/><E34/><V109/><F109/><W115/><G115/><T100/><D119/><U35/><E35/><V54/><F43/><W4/><G4/><T129/><D6/><U5/><E5/><V1/><F1/><W24/><G24/><T9/><D25/><U19/><E19/><V48/><F48/><W78/><AGARI ba="1,1" hai="13,15,20,22,62,63,72,74,78,79,86,87,112,113" machi="78" ten="25,6400,0" yaku="1,1,0,1,22,2,53,0" doraHai="90" doraHaiUra="66" who="3" fromWho="3" sc="289,-17,266,-33,153,-17,282,77" /><INIT seed="2,0,0,1,4,76" ten="272,233,136,359" oya="2" hai0="82,135,129,116,46,72,21,64,103,38,108,2,110" hai1="111,35,84,7,60,85,130,126,124,58,22,114,1" hai2="98,118,95,127,18,105,6,113,128,61,87,59,49" hai3="17,107,16,29,52,27,104,32,57,120,0,15,14"/><V54/><F113/><W77/><G120/><T28/><D129/><U44/><E35/><V81/><F118/><W121/><G121/><T37/><D2/><U23/><E114/><V92/><F128/><W79/><G0/><T99/><D116/><U71/><E130/><V75/><F127/><N who="1" m="48681" /><E71/><V91/><F6/><W42/><G42/><T24/><D64/><N who="1" m="38935" /><E111/><N who="0" m="42537" /><D135/><U78/><E44/><V117/><F117/><W3/><G3/><T101/><D46/><U69/><E69/><V9/><F75/><W26/><G107/><N who="0" m="63935" /><D103/><U102/><E102/><V109/><F109/><W13/><G104/><T8/><D8/><N who="1" m="2159" /><E78/><AGARI ba="0,0" hai="21,24,28,37,38,72,78,82" m="63935,42537" machi="78" ten="30,2000,0" yaku="14,1,52,1" doraHai="76" who="0" fromWho="1" sc="272,20,233,-20,136,0,359,0" /><INIT seed="3,0,0,5,5,71" ten="292,213,136,359" oya="3" hai0="11,72,36,33,94,63,6,65,75,29,18,48,74" hai1="112,28,17,10,21,129,119,109,128,120,106,115,78" hai2="9,127,102,31,56,58,95,59,1,61,32,0,53" hai3="37,116,35,82,15,90,3,100,64,47,55,44,7"/><W124/><G116/><T25/><D48/><U103/><E78/><V113/><F113/><W16/><G35/><T4/><D94/><U132/><E103/><V123/><F123/><W43/><G64/><T89/><D89/><U88/><E106/><V5/><F127/><W41/><G100/><T99/><D99/><U67/><E67/><V114/><F114/><W80/><G55/><T107/><D107/><U73/><E73/><V8/><F32/><W60/><G124/><T66/><D66/><U49/><E49/><V69/><F31/><W76/><G60/><T24/><D24/><U57/><E57/><V34/><F34/><W23/><G90/><T122/><D122/><U20/><E88/><V38/><F69/><W22/><G22/><T87/><D87/><U135/><E120/><V2/><F2/><W77/><G7/><T104/><D104/><U45/><E45/><V96/><REACH who="2" step="1"/><F38/><REACH who="2" ten="292,213,126,359" step="2"/><N who="3" m="21559" /><G3/><T27/><D36/><U86/><E28/><V131/><F131/><W97/><G37/><T68/><D33/><U93/><E115/><V121/><F121/><W52/><G77/><T50/><D29/><U83/><E112/><V111/><F111/><W40/><G76/><T12/><D68/><U125/><E109/><V92/><F92/><W98/><G82/><T117/><D117/><U118/><E93/><V30/><F30/><W14/><G80/><T62/><D74/><U84/><E125/><V110/><F110/><W91/><G43/><T42/><D42/><U19/><E83/><V126/><F126/><W105/><G40/><T54/><D72/><U46/><E119/><RYUUKYOKU ba="0,1" sc="292,-10,213,-10,126,30,359,-10" hai2="0,1,5,8,9,53,56,58,59,61,95,96,102" owari="282,8.2,203,-19.7,156,-34.4,359,45.9" /></mjloggm>