<mjloggm ver="2.3"><GO type="225" lobby="0"/><UN n0="%E5%B8%86%E7%AB%8B%E5%A4%8F%E8%A1%A3" n1="%E3%82%A4%E3%83%BC%E3%82%B1%E3%83%97%E3%83%A9" n2="%77%72%77%72%77%72%77%72" n3="%E6%9C%88%E5%B3%B6%E5%9F%BA" dan="17,16,17,16" rate="2191.17,2187.74,2162.00,2100.20" sx="M,M,M,M"/><TAIKYOKU oya="0"/><INIT seed="0,0,0,2,4,25" ten="250,250,250,250" oya="0" hai0="122,108,131,67,87,133,83,102,37,127,6,17,12" hai1="57,90,82,44,78,86,8,5,81,107,40,51,1" hai2="42,69,14,76,113,130,70,23,39,92,117,105,61" hai3="88,74,20,26,30,95,71,41,123,94,101,99,134"/><T43/><D122/><U112/><E112/><V3/><F113/><W56/><G123/><T75/><D75/><U52/><E107/><V2/><F105/><W104/><G71/><T77/><D127/><U116/><E116/><V72/><F117/><W4/><G74/><T85/><D131/><U55/><REACH who="1" step="1"/><E57/><REACH who="1" ten="250,240,250,250" step="2"/><V91/><F130/><W45/><G104/><T46/><D133/><U31/><E31/><V62/><F70/><W34/><G134/><T33/><D108/><U27/><E27/><V109/><F69/><W29/><G56/><T24/><D102/><U118/><E118/><V126/><F109/><W47/><G34/><T97/><D33/><U121/><E121/><V66/><F126/><W100/><G100/><T32/><D32/><U120/><E120/><V59/><F59/><W79/><G30/><T111/><D111/><U11/><E11/><V10/><F10/><W19/><G29/><T16/><D24/><U93/><E93/><V119/><F92/><W38/><G95/><T128/><D128/><U132/><E132/><V96/><F119/><W22/><G101/><T9/><D97/><U53/><E53/><V35/><F96/><W48/><G99/><T98/><D98/><U50/><E50/><V129/><F35/><W65/><G94/><T73/><REACH who="0" step="1"/><D67/><REACH who="0" ten="240,240,250,250" step="2"/><U0/><E0/><V124/><F2/><W84/><G65/><T110/><D110/><U13/><E13/><V54/><F3/><W125/><G26/><T80/><D80/><U89/><E89/><V18/><F66/><W28/><G88/><T60/><D60/><U49/><E49/><RYUUKYOKU ba="0,2" sc="240,15,240,15,250,-15,250,-15" hai0="6,9,12,16,17,37,43,46,73,77,83,85,87" hai1="1,5,8,40,44,51,52,55,78,81,82,86,90" /><INIT seed="0,1,2,3,3,129" ten="255,255,235,235" oya="0" hai0="111,110,102,61,82,2,130,27,26,83,20,90,84" hai1="34,30,56,121,63,135,64,107,15,1,72,120,98" hai2="67,74,41,128,106,124,49,9,94,80,50,4,92" hai3="43,16,132,32,96,131,24,101,35,71,47,113,65"/><T114/><D114/><U44/><E1/><V86/><F106/><W48/><G113/><T81/><D2/><U125/><E72/><V59/><F128/><W39/><G131/><T134/><D130/><U55/><E125/><V7/><F74/><W51/><G132/><T17/><D134/><U69/><E135/><V79/><F124/><W57/><G48/><N who="2" m="18537" /><F41/><W0/><G0/><T13/><D102/><N who="1" m="62935" /><E15/><N who="2" m="5543" /><F7/><W127/><G127/><T5/><D61/><AGARI ba="1,2" hai="59,61,67,79,80,86,92,94" m="5543,18537" machi="61" ten="30,1000,0" yaku="8,1" doraHai="129" who="2" fromWho="0" sc="255,-13,255,0,235,33,235,0" /><INIT seed="1,0,0,1,3,70" ten="242,255,268,235" oya="1" hai0="116,39,95,57,69,104,86,120,26,73,121,64,68" hai1="133,88,94,87,46,101,61,130,112,6,72,14,4" hai2="124,81,66,128,100,22,92,17,9,59,93,32,110" hai3="28,15,51,89,2,53,103,113,105,67,99,20,114"/><U117/><E112/><V122/><F122/><N who="0" m="47210" /><D73/><U80/><E117/><V65/><F32/><W48/><G2/><T107/><D116/><U123/><E123/><V50/><F110/><W98/><G67/><N who="2" m="25609" /><F128/><W21/><G51/><T106/><D26/><U79/><E130/><V16/><F124/><W71/><G71/><N who="0" m="27211" /><D95/><U35/><E35/><V63/><F100/><W135/><G135/><T58/><D86/><U27/><E133/><V0/><F0/><W45/><G21/><T31/><D31/><U115/><E115/><V97/><F81/><W1/><G1/><T102/><D102/><U3/><E3/><V24/><F50/><W23/><G23/><T5/><D5/><U11/><E61/><V19/><F9/><W134/><G134/><T91/><D91/><U8/><E27/><V129/><F129/><W29/><G15/><T60/><D58/><U74/><E101/><N who="2" m="60583" /><F93/><W38/><G103/><T90/><D90/><U96/><E74/><V47/><F24/><N who="3" m="16391" /><G89/><T18/><D18/><U78/><E72/><V13/><F13/><W108/><G29/><T7/><D7/><U109/><E109/><V37/><F22/><W33/><G108/><T84/><D84/><U44/><E79/><V49/><F19/><W54/><G33/><T30/><D30/><U111/><E111/><V40/><F16/><W34/><G34/><T119/><D119/><U62/><E6/><V36/><F17/><W76/><G76/><T10/><D10/><U127/><E11/><V25/><F25/><W126/><G113/><T52/><D64/><U42/><E8/><V12/><F12/><RYUUKYOKU ba="0,0" sc="242,15,255,-15,268,15,235,-15" hai0="39,52,57,60,104,106,107" hai2="36,37,40,47,49,59,63" /><INIT seed="2,1,0,3,2,24" ten="257,240,283,220" oya="2" hai0="66,15,54,27,0,121,50,134,131,22,17,23,127" hai1="109,32,77,124,132,100,51,97,61,34,81,115,21" hai2="28,19,8,55,88,47,48,96,45,46,76,41,133" hai3="5,104,116,72,25,43,44,73,79,69,94,119,67"/><V111/><F133/><W35/><G94/><T126/><D0/><U26/><E115/><V122/><F122/><W40/><G40/><T80/><D121/><U87/><E132/><V78/><F28/><N who="3" m="19855" /><G5/><T114/><D114/><U31/><E109/><V82/><F111/><W130/><G104/><T65/><D80/><U33/><E124/><N who="0" m="47657" /><D131/><U37/><E37/><V71/><F71/><W60/><G130/><T92/><D92/><U125/><E125/><V102/><F102/><W128/><G128/><T7/><D134/><U64/><E51/><N who="2" m="27055" /><F46/><W3/><G3/><T58/><D7/><U103/><REACH who="1" step="1"/><E97/><REACH who="1" ten="257,230,283,220" step="2"/><V6/><F96/><W113/><G113/><T42/><D42/><U70/><AGARI ba="1,1" hai="21,26,31,32,33,34,61,64,70,77,81,87,100,103" machi="70" ten="30,7900,0" yaku="1,1,2,1,0,1,52,1,53,0" doraHai="24" doraHaiUra="13" who="1" fromWho="1" sc="257,-21,230,92,283,-40,220,-21" /><INIT seed="3,0,0,0,3,114" ten="236,322,243,199" oya="3" hai0="76,63,33,17,121,44,51,27,50,79,59,87,112" hai1="92,2,20,24,108,5,128,9,18,69,77,100,53" hai2="58,134,71,135,40,107,101,62,116,110,45,37,28" hai3="65,126,78,90,132,74,26,34,127,86,73,31,89"/><W46/><G132/><N who="2" m="50729" /><F110/><W30/><G65/><T35/><D121/><U111/><E69/><V0/><F0/><W81/><G31/><T124/><D124/><N who="3" m="47657" /><G46/><T70/><D70/><U117/><E117/><V15/><F116/><W3/><G3/><T67/><D112/><U29/><E128/><V60/><F28/><W115/><G115/><T83/><D79/><U47/><E77/><V43/><F43/><W54/><G54/><T125/><D125/><U25/><E92/><V80/><F15/><W122/><G122/><T7/><D7/><U14/><E100/><V6/><F6/><W32/><G34/><T96/><D50/><N who="1" m="28895" /><E25/><V36/><F36/><W13/><G13/><T102/><D27/><U4/><E4/><V16/><F16/><W72/><AGARI ba="0,0" hai="26,30,32,72,73,74,78,81,86,89,90" m="47657" machi="72" ten="40,2100,0" yaku="18,1" doraHai="114" who="3" fromWho="3" sc="236,-7,322,-7,243,-7,199,21" /><INIT seed="3,1,0,3,5,91" ten="229,315,236,220" oya="3" hai0="82,96,48,26,38,88,70,62,23,127,56,3,30" hai1="112,92,106,64,109,126,73,68,36,94,123,35,81" hai2="111,79,116,7,67,78,47,42,41,0,54,61,114" hai3="51,22,65,129,101,104,43,31,83,105,98,2,39"/><W113/><G113/><T108/><D38/><U76/><RYUUKYOKU type="yao9" ba="1,0" sc="229,0,315,0,236,0,220,0" hai1="35,36,64,68,73,76,81,92,94,106,109,112,123,126" /><INIT seed="3,2,0,1,0,79" ten="229,315,236,220" oya="3" hai0="3,25,61,63,108,36,49,130,103,110,31,37,72" hai1="2,99,114,4,24,104,92,40,50,91,124,73,96" hai2="127,18,76,27,121,44,118,32,101,67,62,52,58" hai3="39,22,125,75,89,115,112,134,23,42,66,8,119"/><W33/><G33/><T84/><D72/><U1/><E114/><V6/><F118/><W59/><G119/><T135/><D3/><U65/><E73/><V28/><F127/><W45/><G75/><T35/><D135/><U111/><E111/><N who="0" m="42537" /><D130/><U29/><E124/><V64/><F121/><W15/><G134/><T132/><D132/><U106/><E65/><V123/><F123/><W53/><G125/><T80/><D49/><U17/><E17/><V19/><F6/><W100/><G66/><T69/><D103/><U128/><E128/><V86/><F101/><W83/><G100/><T55/><D55/><U88/><E104/><V102/><F102/><W46/><G112/><T48/><D48/><U47/><E106/><V98/><F98/><W95/><G115/><T41/><D41/><U13/><E13/><V77/><F67/><W12/><G12/><T68/><D68/><U51/><E4/><V71/><F44/><N who="3" m="17003" /><G42/><T0/><D0/><U7/><E51/><V129/><F129/><W11/><G39/><N who="0" m="14923" /><D69/><U16/><E7/><V56/><F71/><W26/><G15/><T87/><D87/><U122/><E122/><V9/><F86/><N who="3" m="50399" /><G95/><T54/><D54/><U113/><E113/><V10/><F52/><W116/><G116/><T38/><D38/><U126/><E126/><V70/><F70/><W90/><G90/><AGARI ba="2,0" hai="25,31,35,61,63,80,84,90" m="14923,42537" machi="90" ten="30,2000,0" yaku="14,1,52,1" doraHai="79" who="0" fromWho="3" sc="229,26,315,0,236,0,220,-26" owari="255,5.5,315,41.5,236,-16.4,194,-30.6" /></mjloggm>