<mjloggm ver="2.3"><GO type="225" lobby="0"/><UN n0="%E3%81%BF%E3%81%BF%E3%81%9A" n1="%E3%83%81%E3%83%A7%E3%83%99%E3%83%83%E3%82%AF" n2="%E5%A4%8F%E9%88%B4%E9%88%B4%E5%A4%8F" n3="%E4%BF%BA%E3%81%A8%E5%A6%96%E5%A4%A2" dan="18,16,16,16" rate="2249.45,2068.99,2106.66,2115.35" sx="M,M,M,F"/><TAIKYOKU oya="0"/><INIT seed="0,0,0,2,3,66" ten="250,250,250,250" oya="0" hai0="39,70,109,5,83,120,107,106,28,100,31,78,41" hai1="115,132,37,73,113,92,81,13,86,43,2,55,22" hai2="110,35,128,97,87,60,99,76,112,45,15,50,118" hai3="108,63,129,75,34,135,27,54,122,32,53,7,3"/><T16/><D120/><U98/><E2/><V105/><F112/><N who="1" m="43081" /><E37/><V30/><F110/><W121/><G75/><T133/><D5/><U125/><E43/><V62/><F128/><W102/><G108/><T56/><D109/><U95/><E55/><V24/><F118/><W42/><G129/><T49/><D133/><U58/><E58/><V69/><F15/><W33/><G135/><T131/><D131/><U130/><E130/><V26/><F26/><W67/><G42/><T8/><D39/><U80/><E13/><V123/><F123/><N who="3" m="47115" /><G102/><T93/><D70/><U134/><E22/><V6/><F6/><W47/><G27/><T126/><D126/><U40/><E40/><V17/><F17/><W124/><G124/><T23/><D8/><U20/><E20/><V0/><F0/><W74/><G74/><T114/><D114/><U11/><E11/><V101/><F99/><W36/><G36/><T48/><D107/><U51/><E51/><N who="0" m="19529" /><D106/><U44/><E44/><V117/><F117/><W111/><G47/><T72/><D56/><U127/><E73/><V119/><F119/><W1/><G111/><T19/><D41/><U25/><E25/><V103/><F103/><W61/><G7/><T85/><D72/><U59/><E59/><V91/><F69/><N who="3" m="42223" /><G53/><T90/><D100/><N who="1" m="60487" /><E134/><V89/><F50/><W12/><G12/><N who="0" m="9607" /><D19/><U4/><E132/><V52/><F45/><W104/><G104/><T14/><D14/><U9/><E127/><V71/><F71/><W18/><G18/><T64/><D64/><U88/><E125/><V29/><F52/><W79/><G79/><RYUUKYOKU ba="0,0" sc="250,10,250,10,250,-30,250,10" hai0="28,31,78,83,85,90,93" hai1="4,9,80,81,86,88,95" hai3="1,3,32,33,34,54,63" /><INIT seed="0,1,0,4,1,45" ten="260,260,220,260" oya="0" hai0="97,77,79,23,30,99,48,113,4,58,123,127,29" hai1="56,86,5,117,38,105,55,116,61,122,110,52,90" hai2="64,91,112,46,68,119,126,95,82,50,17,114,34" hai3="66,120,36,18,14,16,57,118,25,65,28,108,40"/><T89/><D113/><U75/><E122/><V41/><F126/><W109/><G118/><T51/><D123/><U104/><E110/><N who="3" m="42602" /><G120/><T32/><D32/><U133/><E75/><V121/><F121/><W98/><G98/><N who="0" m="37387" /><D127/><U20/><E38/><V92/><F119/><W71/><G71/><T6/><D89/><U84/><E133/><V3/><F3/><W44/><G57/><T103/><D103/><U100/><E117/><V19/><F34/><N who="3" m="20751" /><G18/><T26/><D29/><U10/><E116/><V94/><F64/><W78/><G78/><N who="0" m="29707" /><D58/><N who="1" m="35015" /><E105/><V81/><F68/><W131/><G131/><T130/><D130/><U59/><E104/><V22/><F17/><W132/><G132/><T134/><D134/><U111/><E100/><V12/><REACH who="2" step="1"/><F91/><REACH who="2" ten="260,260,210,260" step="2"/><W33/><G33/><T106/><D106/><U73/><E111/><V7/><F7/><AGARI ba="1,1" hai="4,6,7,23,26,30,48,51" m="29707,37387" machi="7" ten="30,5800,0" yaku="8,1,52,2" doraHai="45" who="0" fromWho="2" sc="260,71,260,0,210,-61,260,0" /><INIT seed="0,2,0,0,1,4" ten="331,260,149,260" oya="0" hai0="38,62,52,55,123,5,130,2,111,13,20,110,91" hai1="14,18,82,40,29,26,89,65,66,0,10,121,64" hai2="74,118,23,32,85,76,50,106,39,6,108,22,56" hai3="134,131,119,124,129,59,43,98,96,93,67,114,30"/><T69/><D123/><U87/><E40/><V117/><F85/><W88/><G114/><T107/><D38/><U42/><E42/><V86/><F86/><W102/><G119/><N who="2" m="45577" /><F56/><W73/><G73/><T24/><D107/><U78/><E121/><V47/><F76/><W104/><G124/><T94/><D2/><U68/><E0/><V33/><F50/><W51/><G30/><T45/><D130/><N who="3" m="49673" /><G134/><T31/><D69/><U21/><REACH who="1" step="1"/><E68/><REACH who="1" ten="331,250,149,260" step="2"/><V77/><F39/><W16/><G43/><T1/><D1/><U48/><E48/><V127/><F127/><W132/><G132/><T125/><D125/><U71/><E71/><V126/><F126/><W46/><G51/><T28/><D45/><U35/><E35/><V80/><F32/><W12/><G46/><T135/><D135/><U61/><E61/><V19/><F33/><W7/><G59/><T113/><D113/><U34/><E34/><V53/><F108/><N who="0" m="41514" /><D62/><U84/><E84/><V36/><F74/><W49/><G49/><T120/><D120/><U25/><E25/><V103/><F36/><W9/><G67/><T90/><D31/><U57/><E57/><V58/><F58/><W100/><G96/><N who="0" m="57431" /><D91/><AGARI ba="2,1" hai="10,14,18,21,26,29,64,65,66,78,82,87,89,91" machi="91" ten="40,5200,0" yaku="1,1,8,1,52,1,53,0" doraHai="4" doraHaiUra="92" who="1" fromWho="0" sc="331,-58,250,68,149,0,260,0" /><INIT seed="1,0,0,1,5,115" ten="273,318,149,260" oya="1" hai0="1,39,72,95,44,0,63,135,11,2,134,86,9" hai1="40,4,114,25,126,101,21,45,23,87,56,76,38" hai2="80,78,90,64,88,60,37,48,104,99,55,132,18" hai3="24,7,129,61,103,28,123,122,27,34,57,26,20"/><U107/><E114/><V33/><F37/><W105/><G105/><T3/><N who="0" m="0" /><DORA hai="69" /><T77/><D63/><U50/><E4/><V93/><F132/><N who="0" m="50730" /><D72/><U65/><E126/><V121/><F121/><W15/><G103/><T73/><D73/><U22/><E101/><V14/><F33/><W70/><G70/><T81/><D95/><U102/><E102/><V30/><F30/><W32/><G123/><T112/><D112/><U58/><E107/><V42/><F42/><AGARI ba="0,0" hai="9,11,39,42,44,77,81,86" m="50730,0" machi="42" ten="60,3900,0" yaku="20,1,52,1" doraHai="115,69" who="0" fromWho="2" sc="273,39,318,0,149,-39,260,0" /><INIT seed="2,0,0,3,2,54" ten="312,318,110,260" oya="2" hai0="96,72,61,114,115,82,48,28,66,83,2,87,39" hai1="41,52,77,79,97,93,101,65,111,120,116,110,44" hai2="119,131,58,6,26,21,11,129,42,102,132,47,51" hai3="5,69,105,135,35,70,94,40,88,62,56,80,113"/><V43/><F119/><W126/><G105/><T29/><D39/><U37/><E116/><V127/><F102/><W23/><G35/><T90/><D2/><U89/><E65/><V50/><F127/><W64/><G126/><T31/><D96/><U32/><E32/><V10/><F132/><W53/><G135/><T27/><D27/><U60/><E120/><V12/><F11/><W13/><G113/><T1/><D1/><U46/><E101/><V95/><F95/><W81/><G40/><T73/><D48/><N who="1" m="28679" /><E60/><V4/><F4/><W133/><G133/><T84/><D114/><U9/><E9/><V100/><F100/><W14/><G14/><T57/><REACH who="0" step="1"/><D115/><REACH who="0" ten="302,318,110,260" step="2"/><U34/><E34/><V68/><F68/><W78/><G70/><T19/><D19/><U118/><E118/><V92/><F92/><W104/><G104/><T107/><D107/><U7/><E7/><V85/><F85/><W17/><G5/><T38/><D38/><U20/><E111/><V0/><F0/><W25/><G78/><AGARI ba="0,1" hai="28,29,31,57,61,66,72,73,78,82,83,84,87,90" machi="78" ten="40,8000,1" yaku="1,1,52,1,53,3" doraHai="54" doraHaiUra="24" who="0" fromWho="3" sc="302,90,318,0,110,0,260,-80" /><INIT seed="3,0,0,4,5,4" ten="392,318,110,180" oya="3" hai0="3,19,34,92,51,106,2,9,116,113,49,71,18" hai1="82,17,99,73,91,54,14,28,133,81,90,50,115" hai2="7,0,59,15,37,22,93,31,47,45,20,74,43" hai3="62,29,98,132,129,75,35,66,114,32,8,107,131"/><W128/><G75/><T16/><D106/><U30/><E115/><V77/><F15/><W121/><G114/><T80/><D116/><U94/><E73/><V103/><F31/><W25/><G121/><T58/><D71/><U68/><E68/><V127/><F127/><W69/><G35/><T39/><D39/><U26/><E133/><V72/><F72/><W134/><G8/><T117/><D34/><U123/><E26/><V85/><F47/><W110/><G110/><T70/><D70/><U65/><E65/><V21/><F59/><W40/><G40/><T12/><D117/><U1/><E1/><V52/><F52/><W109/><G109/><T104/><D104/><U119/><E123/><V124/><F124/><W24/><G24/><T53/><D113/><U79/><E79/><V46/><F45/><W100/><AGARI ba="0,0" hai="25,29,32,62,66,69,98,100,107,128,129,131,132,134" machi="100" ten="40,18000,2" yaku="0,1,25,2,19,1,23,2" doraHai="4" who="3" fromWho="3" sc="392,-60,318,-60,110,-60,180,180" owari="332,13.2,258,-14.2,50,-45.0,360,46.0" /></mjloggm>