<mjloggm ver="2.3"><GO type="225" lobby="0"/><UN n0="%E9%B3%B3%E6%9D%B1%E3%81%AE%E3%81%86%E3%81%95%E3%81%8E%E3%81%95%E3%82%93" n1="%E5%A4%8F%E9%88%B4%E9%88%B4%E5%A4%8F" n2="%33%74%72%65%65" n3="%E6%81%A5%E6%99%92%E3%81%97" dan="17,16,17,17" rate="2190.11,2162.98,2156.95,2196.22" sx="M,F,F,M"/><TAIKYOKU oya="0"/><INIT seed="0,0,0,0,1,45" ten="250,250,250,250" oya="0" hai0="81,108,33,118,99,83,41,46,94,29,26,35,73" hai1="1,36,131,3,14,135,22,43,98,97,6,64,66" hai2="105,107,7,19,9,34,116,101,37,128,13,15,23" hai3="133,50,2,76,77,51,100,75,67,24,102,74,95"/><T47/><D118/><U38/><E22/><V91/><F116/><W88/><G2/><N who="1" m="522" /><E43/><V89/><F128/><W123/><G123/><T93/><D108/><U49/><E49/><N who="3" m="18442" /><G75/><T129/><D129/><U72/><E97/><V30/><F37/><W59/><G74/><T58/><D35/><U28/><E98/><V119/><F119/><W20/><G133/><T106/><D58/><U86/><E66/><V130/><F130/><W114/><G114/><T84/><D73/><U27/><E86/><V68/><F68/><W44/><G44/><T82/><D84/><U71/><E64/><V126/><F105/><W5/><G5/><T78/><D78/><N who="3" m="30313" /><G59/><T124/><D46/><U40/><E6/><V112/><F7/><W90/><G67/><T48/><REACH who="0" step="1"/><D124/><REACH who="0" ten="240,250,250,250" step="2"/><U70/><E72/><V39/><F126/><W113/><G113/><T11/><D11/><U79/><E131/><V96/><F9/><W56/><G56/><T125/><D125/><U21/><E71/><V127/><F127/><W61/><G61/><T60/><D60/><U17/><E70/><V120/><F112/><W18/><G90/><T87/><D87/><AGARI ba="0,1" hai="18,20,24,87,88,95,100,102" m="30313,18442" machi="87" ten="30,8000,1" yaku="8,1,52,3,54,1" doraHai="45" who="3" fromWho="0" sc="240,-80,250,0,250,0,250,90" /><INIT seed="1,0,0,3,3,108" ten="160,250,250,340" oya="1" hai0="18,110,3,25,50,40,47,132,119,87,120,99,55" hai1="30,71,29,66,94,96,122,79,13,111,112,34,52" hai2="21,76,133,104,38,56,36,135,22,58,17,16,65" hai3="95,45,62,115,73,41,69,130,8,26,49,6,80"/><U59/><E122/><V117/><F104/><W5/><G130/><T23/><D132/><N who="2" m="50762" /><F76/><W15/><G115/><T46/><D110/><U92/><E112/><V48/><F117/><W124/><G124/><T39/><D119/><U121/><E121/><V113/><F113/><W2/><G26/><T63/><D120/><U70/><E111/><V118/><F118/><W19/><G2/><T129/><D129/><U32/><E79/><V81/><F81/><W20/><G20/><N who="2" m="7785" /><F65/><W9/><G95/><T107/><D3/><U44/><E92/><V105/><F105/><W101/><G80/><T10/><D10/><U134/><E30/><V97/><F97/><W61/><G9/><T100/><REACH who="0" step="1"/><D63/><REACH who="0" ten="150,250,250,340" step="2"/><U72/><E134/><V57/><F48/><W53/><G62/><T77/><D77/><U11/><E11/><V127/><F127/><W123/><G8/><T84/><AGARI ba="0,1" hai="18,23,25,39,40,46,47,50,55,84,87,99,100,107" machi="84" ten="30,4000,0" yaku="1,1,0,1,53,1" doraHai="108" doraHaiUra="12" who="0" fromWho="0" sc="150,50,250,-20,250,-10,340,-10" /><INIT seed="2,0,0,2,2,65" ten="200,230,240,330" oya="2" hai0="77,10,51,96,131,63,45,121,32,124,49,15,133" hai1="126,21,105,57,68,89,8,19,72,83,75,40,69" hai2="104,92,94,58,4,95,53,9,78,114,20,120,90" hai3="79,6,38,62,5,2,88,23,86,26,35,55,98"/><V99/><F114/><W59/><G35/><T52/><D121/><U1/><E105/><V84/><F120/><W134/><G134/><T103/><D133/><U33/><E33/><V0/><F78/><W80/><G38/><T16/><D131/><U101/><E101/><V24/><F104/><W100/><G2/><T29/><D124/><U123/><E40/><V70/><F70/><W73/><G73/><T91/><D77/><U85/><E123/><V122/><F84/><W129/><G129/><T115/><D115/><U97/><E126/><V67/><F67/><W60/><G60/><T87/><D63/><U44/><E97/><V116/><F116/><W17/><G79/><T102/><D96/><U81/><E44/><V18/><REACH who="2" step="1"/><F122/><REACH who="2" ten="200,230,230,330" step="2"/><W14/><G98/><T119/><D119/><U76/><E75/><V117/><F117/><W42/><G86/><T110/><D110/><U22/><E68/><V30/><F30/><W48/><G80/><N who="0" m="49639" /><D29/><U43/><E69/><V46/><F46/><W71/><G71/><T36/><D36/><U127/><E127/><V93/><F93/><W31/><G31/><T37/><D37/><U113/><E113/><V106/><F106/><W74/><G74/><T111/><D111/><U66/><E72/><V132/><F132/><W47/><G100/><N who="0" m="38443" /><D32/><U112/><E112/><V125/><F125/><W56/><G88/><T108/><D108/><U25/><E83/><V3/><F3/><W64/><G59/><T135/><D135/><U7/><E89/><V130/><F130/><W107/><G107/><T118/><D118/><U27/><E76/><RYUUKYOKU ba="0,1" sc="200,15,230,-15,230,15,330,-15" hai0="10,15,16,45,49,51,52" hai2="0,4,9,18,20,24,53,58,90,92,94,95,99" /><INIT seed="2,1,1,1,3,7" ten="215,215,245,315" oya="2" hai0="128,64,117,23,52,10,14,79,115,110,126,88,108" hai1="130,42,22,32,113,78,48,97,134,51,133,28,106" hai2="100,30,121,111,70,63,73,101,34,90,118,37,39" hai3="80,105,99,125,20,21,96,65,131,82,43,41,6"/><V17/><F118/><W109/><G109/><N who="0" m="42091" /><D128/><U107/><E113/><V60/><F111/><W26/><G6/><T98/><D126/><U19/><E130/><V93/><F121/><W5/><G131/><T135/><D135/><N who="1" m="51723" /><E78/><V58/><F73/><W29/><G5/><N who="0" m="3407" /><D115/><U69/><E69/><V24/><F70/><W103/><G125/><T71/><D117/><U27/><E42/><V16/><F39/><W66/><G26/><T18/><D79/><U8/><E8/><V119/><F37/><W104/><G29/><T87/><D98/><U59/><E59/><V49/><F119/><W122/><REACH who="3" step="1"/><G103/><REACH who="3" ten="215,215,245,305" step="2"/><T31/><D31/><U3/><E3/><V0/><F101/><W67/><G67/><T46/><D64/><U74/><E74/><V92/><F100/><W91/><G91/><T57/><D88/><U44/><E97/><V76/><F90/><W54/><G54/><T35/><D52/><N who="1" m="29703" /><E51/><V124/><F49/><W11/><G11/><T55/><D55/><U15/><AGARI ba="1,2" hai="15,19,22,27,28,32,106,107" m="29703,51723" machi="15" ten="30,2000,0" yaku="20,1,54,1" doraHai="7" who="1" fromWho="1" sc="215,-6,215,43,245,-11,305,-6" /><INIT seed="3,0,0,3,1,106" ten="209,258,234,299" oya="3" hai0="129,114,9,82,90,1,112,65,120,50,43,104,135" hai1="124,2,22,10,48,11,67,66,35,46,105,44,42" hai2="126,33,85,108,102,57,68,8,81,28,79,80,40" hai3="34,99,20,14,109,38,54,95,47,119,36,96,52"/><W132/><G119/><T91/><D120/><U18/><E35/><V64/><F68/><W49/><G34/><T58/><D129/><U94/><E105/><V92/><F108/><W56/><G132/><T88/><D135/><U125/><E94/><V32/><F126/><W26/><G109/><T60/><D104/><U51/><E2/><V123/><F123/><W111/><G111/><T59/><D82/><U70/><E70/><V13/><F40/><W39/><G14/><T75/><D75/><U117/><E117/><V131/><F131/><W16/><REACH who="3" step="1"/><G95/><REACH who="3" ten="209,258,234,289" step="2"/><T98/><D98/><U6/><E125/><V73/><F32/><W97/><G97/><T86/><D86/><U23/><E124/><V21/><F13/><W127/><G127/><T7/><REACH who="0" step="1"/><D43/><REACH who="0" ten="199,258,234,289" step="2"/><U17/><E42/><V24/><F85/><W121/><G121/><T113/><D113/><U130/><E130/><V118/><F118/><W37/><N who="3" m="9216" /><DORA hai="12" /><W62/><AGARI ba="0,2" hai="16,20,26,47,49,52,54,56,62,96,99" m="9216" machi="62" ten="60,18000,2" yaku="1,1,4,1,0,1,52,1,54,2,53,0" doraHai="106,12" doraHaiUra="5,76" who="3" fromWho="3" sc="199,-60,258,-60,234,-60,289,200" owari="139,-36.1,198,-0.2,174,-22.6,489,58.9" /></mjloggm>