<mjloggm ver="2.3"><GO type="225" lobby="0"/><UN n0="%E3%81%99%E3%81%84%E3%81%BE%E3%81%9B%E3%83%BC%E3%82%93" n1="%E3%83%96%E3%83%83%E3%83%91%E3%82%AA%E3%83%96%E3%83%81%E3%82%AD%E3%83%B3" n2="%53%61%63%68%69%30%34" n3="%E3%83%81%E3%83%A7%E3%83%99%E3%83%83%E3%82%AF" dan="18,16,16,16" rate="2237.46,2127.25,2067.58,2110.25" sx="M,M,M,M"/><TAIKYOKU oya="0"/><INIT seed="0,0,0,1,5,120" ten="250,250,250,250" oya="0" hai0="74,18,32,36,133,89,101,111,62,41,40,49,14" hai1="72,93,81,118,114,115,100,84,58,85,19,54,37" hai2="116,47,109,125,65,28,76,135,86,91,117,82,113" hai3="105,78,130,94,57,10,83,66,131,31,70,20,33"/><T110/><D133/><U106/><E37/><V7/><F113/><N who="1" m="43017" /><E118/><N who="2" m="45675" /><F135/><W102/><G105/><T121/><D121/><U38/><E38/><V34/><F125/><W29/><G33/><T69/><D36/><U92/><E106/><V48/><F7/><W16/><G10/><T17/><D32/><U90/><E100/><V39/><F39/><W59/><G70/><T12/><D74/><U68/><E72/><N who="2" m="43271" /><F65/><W11/><G11/><T129/><D101/><U24/><E68/><V2/><F2/><W80/><G94/><T126/><D126/><U60/><E85/><V128/><F128/><N who="3" m="49195" /><G83/><T63/><D129/><U42/><E42/><N who="2" m="24695" /><F109/><W96/><G96/><T134/><D134/><U5/><E5/><V108/><F108/><W22/><G102/><T56/><D69/><U112/><E112/><V13/><F13/><N who="3" m="9231" /><G22/><AGARI ba="0,0" hai="19,22,24,54,58,60,81,84,90,92,93" m="43017" machi="22" ten="30,1000,0" yaku="11,1" doraHai="120" who="1" fromWho="3" sc="250,0,250,10,250,0,250,-10" /><INIT seed="1,0,0,1,2,59" ten="250,260,250,240" oya="1" hai0="74,60,98,128,135,106,42,38,69,122,39,36,19" hai1="87,51,81,119,71,125,6,132,40,108,15,9,131" hai2="65,27,123,50,11,134,57,104,22,53,17,2,115" hai3="127,3,18,84,4,78,49,29,121,46,13,86,124"/><U126/><E119/><V7/><F123/><W34/><G121/><T5/><D122/><U33/><E33/><V63/><F134/><W12/><G78/><T105/><D74/><U77/><E132/><V32/><F115/><W89/><G86/><T103/><D135/><U120/><E120/><V95/><F104/><W75/><G75/><T116/><D116/><U80/><E131/><V99/><F32/><W45/><G45/><T96/><D128/><U102/><E108/><V110/><F110/><W82/><G3/><T94/><D5/><U72/><E102/><V21/><F21/><W25/><G4/><T30/><D30/><U0/><E0/><V79/><F79/><W88/><G89/><T73/><D73/><U93/><E93/><V54/><REACH who="2" step="1"/><F50/><REACH who="2" ten="250,260,240,240" step="2"/><W114/><G114/><T133/><D133/><U10/><E51/><V8/><F8/><N who="3" m="6407" /><G13/><T90/><D106/><U28/><E15/><V58/><F58/><W118/><G118/><T24/><D39/><U100/><E10/><V91/><AGARI ba="0,1" hai="2,7,11,17,22,27,53,54,57,63,65,91,95,99" machi="91" ten="20,5200,0" yaku="1,1,0,1,7,1,52,1,53,0" doraHai="59" doraHaiUra="64" who="2" fromWho="2" sc="250,-13,260,-26,240,62,240,-13" /><INIT seed="2,0,0,5,0,87" ten="237,234,302,227" oya="2" hai0="109,72,96,58,86,17,93,94,3,97,118,41,19" hai1="133,28,66,15,38,69,78,62,111,75,45,81,39" hai2="32,135,120,76,85,80,105,131,82,46,130,100,83" hai3="24,119,49,31,68,10,14,128,65,79,12,127,98"/><V112/><F32/><W91/><G119/><T102/><D72/><U50/><E111/><V53/><F46/><W129/><G68/><T126/><D109/><U2/><E133/><V92/><F53/><W36/><G36/><T125/><D3/><U115/><E115/><V29/><F29/><W22/><G65/><T9/><D118/><U43/><E2/><V71/><F71/><W11/><G79/><T33/><D33/><U73/><E73/><N who="2" m="43023" /><F112/><W101/><G101/><T54/><D41/><U67/><E67/><V5/><F5/><W21/><G127/><N who="0" m="48651" /><D86/><U27/><REACH who="1" step="1"/><E15/><REACH who="1" ten="237,224,302,227" step="2"/><V110/><F110/><W56/><G12/><T113/><D113/><U116/><E116/><V18/><F135/><W122/><G122/><T121/><D121/><U25/><E25/><V106/><F120/><W8/><G14/><T103/><D9/><U34/><AGARI ba="0,1" hai="27,28,34,38,39,43,45,50,62,66,69,75,78,81" machi="34" ten="20,2700,0" yaku="1,1,0,1,7,1,53,0" doraHai="87" doraHaiUra="13" who="1" fromWho="1" sc="237,-7,224,37,302,-13,227,-7" /><INIT seed="3,0,0,0,2,49" ten="230,261,289,220" oya="3" hai0="41,67,84,126,81,61,134,60,109,107,48,88,58" hai1="96,112,54,44,104,102,39,57,75,14,91,68,108" hai2="27,98,31,38,99,37,97,133,125,135,115,26,28" hai3="110,15,77,7,20,105,2,21,130,86,71,33,78"/><W13/><G105/><T32/><D109/><U70/><E112/><V116/><F115/><W47/><G71/><T22/><D32/><U66/><E108/><V52/><F116/><W53/><G110/><T87/><D107/><U34/><E75/><V94/><F94/><W101/><G33/><T72/><D134/><N who="2" m="51210" /><F125/><W55/><G2/><T123/><D72/><U6/><E34/><N who="2" m="20759" /><F52/><N who="3" m="20043" /><G130/><T73/><D73/><U127/><E127/><V83/><F83/><N who="3" m="47471" /><G78/><T89/><D126/><U0/><E0/><V24/><F31/><W124/><G124/><T36/><D123/><U17/><E70/><V76/><F76/><W10/><G101/><T64/><D36/><AGARI ba="0,0" hai="24,27,36,37,38,97,98,99" m="20759,51210" machi="36" ten="40,1300,0" yaku="20,1" doraHai="49" who="2" fromWho="0" sc="230,-13,261,0,289,13,220,0" owari="217,-28.3,261,6.1,302,40.2,220,-18.0" /></mjloggm>