<mjloggm ver="2.3"><GO type="225" lobby="0"/><UN n0="%E3%83%A9%E3%83%BC%E3%83%A1%E3%83%B3%E4%BA%94%E9%83%8E" n1="%72%69%6F%75%63%68%61%6E" n2="%E3%83%96%E3%83%83%E3%83%91%E3%82%AA%E3%83%96%E3%83%81%E3%82%AD%E3%83%B3" n3="%E3%82%8F%E3%81%8B%E3%81%B0%2A%E3%82%AC%E3%83%BC%E3%83%AB" dan="16,16,17,16" rate="2157.31,2133.95,2157.68,2063.79" sx="M,M,M,M"/><TAIKYOKU oya="0"/><INIT seed="0,0,0,4,1,121" ten="250,250,250,250" oya="0" hai0="95,18,41,14,1,96,97,116,118,64,83,99,35" hai1="108,72,51,78,55,39,89,45,129,69,85,33,34" hai2="47,67,28,70,131,8,73,63,104,9,123,80,31" hai3="49,21,87,91,119,60,79,111,53,57,0,24,117"/><T82/><D35/><U132/><E108/><V62/><F123/><W26/><G0/><T94/><D1/><U102/><E129/><V4/><F131/><W32/><G79/><T56/><D41/><U23/><E132/><V71/><F104/><W16/><G111/><T52/><D64/><U114/><E69/><V110/><F110/><W59/><G32/><T100/><D116/><U46/><E114/><V42/><F73/><W101/><G101/><T43/><D43/><U13/><E102/><V113/><F113/><W124/><G124/><T22/><D118/><U7/><E39/><V98/><F98/><N who="0" m="37994" /><D94/><U37/><E37/><V44/><F80/><W135/><G135/><T126/><D126/><U109/><E109/><V38/><F47/><W65/><REACH who="3" step="1"/><G24/><REACH who="3" ten="250,250,250,240" step="2"/><T103/><D103/><U12/><E78/><V93/><F71/><W122/><G122/><T74/><D74/><U48/><E72/><V19/><F70/><W20/><G20/><T10/><D22/><U5/><E23/><V115/><F115/><W75/><G75/><T88/><D100/><U58/><E33/><V6/><F38/><W86/><G86/><T40/><D40/><N who="1" m="24615" /><E34/><V128/><F42/><W50/><G50/><AGARI ba="0,1" hai="10,14,18,50,52,56,82,83,88,95,99" m="37994" machi="50" ten="30,5800,0" yaku="8,1,54,2" doraHai="121" who="0" fromWho="3" sc="250,68,250,0,250,0,240,-58" /><INIT seed="0,1,0,3,0,109" ten="318,250,250,182" oya="0" hai0="25,52,62,99,41,128,101,132,111,54,61,56,42" hai1="40,96,51,15,81,4,13,78,115,68,80,119,35" hai2="31,86,50,92,39,0,36,95,122,70,134,85,8" hai3="106,88,28,46,110,73,75,57,126,121,53,59,23"/><T89/><D111/><U49/><E119/><V90/><F122/><W6/><G121/><T112/><D128/><U1/><E35/><V16/><F70/><W3/><G110/><T2/><D2/><U82/><E68/><V94/><F134/><W135/><G135/><T76/><D132/><U55/><E78/><V71/><F71/><W116/><G116/><T60/><D76/><U20/><E115/><V98/><F31/><W93/><G106/><T79/><D79/><U32/><E32/><V107/><F107/><W58/><G126/><T38/><D38/><U34/><E34/><V127/><F127/><W63/><G6/><T87/><D61/><U11/><E96/><V133/><F133/><W12/><G3/><T37/><D37/><U17/><E40/><V26/><F86/><W113/><G113/><T84/><D25/><U24/><REACH who="1" step="1"/><E49/><REACH who="1" ten="318,240,250,182" step="2"/><V48/><F48/><N who="3" m="28823" /><G75/><T10/><D112/><U33/><E33/><V21/><F50/><W130/><G73/><T123/><D123/><U105/><E105/><V27/><F98/><N who="3" m="57639" /><G130/><T29/><D99/><U114/><E114/><V19/><F39/><W124/><G124/><T129/><D129/><U45/><AGARI ba="1,1" hai="1,4,11,13,15,17,20,24,45,51,55,80,81,82" machi="45" ten="30,2000,0" yaku="1,1,0,1,53,0" doraHai="109" doraHaiUra="103" who="1" fromWho="1" sc="318,-11,240,33,250,-6,182,-6" /><INIT seed="1,0,0,4,2,105" ten="307,273,244,176" oya="1" hai0="34,94,27,0,123,41,17,80,36,65,49,124,106" hai1="126,107,30,29,98,60,109,52,121,37,43,93,102" hai2="3,76,92,2,75,61,25,10,110,42,127,97,116" hai3="119,28,68,99,132,129,100,8,16,48,120,45,67"/><U133/><E126/><V108/><F116/><W53/><G120/><T134/><D106/><U20/><E133/><V50/><F127/><W118/><G132/><T21/><D134/><U122/><E109/><N who="2" m="42091" /><F61/><W85/><G129/><T115/><D115/><U24/><E30/><V111/><N who="2" m="42099" /><V35/><DORA hai="26" /><F10/><W38/><G38/><T91/><D36/><U125/><E125/><V81/><F42/><W51/><G85/><T66/><D0/><U32/><E32/><V63/><F63/><W77/><G77/><T33/><D33/><U130/><E130/><V104/><F50/><W6/><G51/><T70/><D34/><U13/><E13/><V19/><F104/><W72/><G72/><T84/><D124/><U15/><E15/><V96/><F96/><W88/><G67/><T47/><D123/><U58/><REACH who="1" step="1"/><E107/><REACH who="1" ten="307,263,244,176" step="2"/><V57/><F35/><W131/><G131/><T39/><D70/><U59/><E59/><V22/><F57/><W128/><G68/><T69/><D69/><U4/><E4/><V73/><F73/><W12/><G128/><T9/><D27/><U18/><E18/><V54/><F54/><W5/><G28/><T62/><D17/><U90/><E90/><AGARI ba="0,1" hai="2,3,19,22,25,75,76,81,90,92,97" m="42099" machi="90" ten="40,2600,0" yaku="14,1,52,1" doraHai="105,26" who="2" fromWho="1" sc="307,0,263,-26,244,36,176,0" /><INIT seed="2,0,0,1,0,132" ten="307,237,280,176" oya="2" hai0="118,89,15,115,38,25,101,122,8,103,108,14,102" hai1="22,49,58,88,33,100,82,125,57,131,109,6,129" hai2="98,105,126,1,120,111,56,32,106,84,123,0,31" hai3="85,34,55,81,13,116,83,96,3,127,41,60,66"/><V77/><F32/><W16/><G116/><T62/><D122/><N who="2" m="46634" /><F31/><W69/><G3/><T113/><D38/><U46/><E125/><V40/><F56/><W29/><G41/><T45/><D118/><U91/><E109/><V26/><F26/><W72/><G72/><T35/><D108/><U78/><E33/><V121/><F40/><W112/><G112/><T63/><D45/><U50/><E6/><V23/><F23/><W71/><G71/><T54/><D89/><N who="1" m="34379" /><E100/><N who="2" m="62615" /><F0/><W70/><G70/><T51/><D115/><U24/><E49/><V80/><F1/><W7/><G127/><T9/><D113/><U18/><E129/><V12/><F12/><N who="0" m="4650" /><D25/><U133/><E133/><V37/><F37/><W30/><G7/><T44/><D35/><U28/><E131/><V99/><F111/><W130/><G130/><T5/><D5/><U10/><E10/><AGARI ba="0,0" hai="8,9,10,44,51,54,62,63,101,102,103" m="4650" machi="10" ten="30,1000,0" yaku="8,1" doraHai="132" who="0" fromWho="1" sc="307,10,237,-10,280,0,176,0" /><INIT seed="3,0,0,2,0,113" ten="317,227,280,176" oya="3" hai0="111,132,97,100,118,85,131,14,108,68,26,124,47" hai1="99,91,15,38,121,75,25,23,61,45,110,30,87" hai2="6,28,3,125,89,79,116,69,39,90,78,104,44" hai3="8,50,73,106,48,4,133,65,52,109,107,0,115"/><W32/><G115/><T64/><D124/><U21/><E121/><V59/><F104/><W12/><G73/><T10/><D131/><U20/><E110/><N who="0" m="42025" /><D132/><U77/><E75/><V54/><F69/><W9/><G109/><T2/><D118/><U62/><E38/><V102/><F116/><W72/><G72/><T74/><D74/><U63/><E45/><V117/><F117/><W40/><G133/><T46/><D2/><U22/><E77/><V49/><F125/><W11/><G32/><T101/><D85/><U13/><E99/><V82/><F102/><N who="0" m="39530" /><D97/><U35/><E35/><V42/><F28/><W24/><G24/><T98/><D98/><U92/><AGARI ba="0,0" hai="13,15,20,21,22,23,25,30,61,62,63,87,91,92" machi="92" ten="30,2000,0" yaku="0,1,8,1" doraHai="113" who="1" fromWho="1" sc="317,-5,227,20,280,-5,176,-10" owari="312,41.2,247,-15.3,275,7.5,166,-33.4" /></mjloggm>