<mjloggm ver="2.3"><GO type="225" lobby="0"/><UN n0="%77%72%77%72%77%72%77%72" n1="%E3%83%A9%E3%83%BC%E3%83%A1%E3%83%B3%E4%BA%94%E9%83%8E" n2="%6C%61%6D%62" n3="%61%6D%69%61%6D%69" dan="17,16,16,16" rate="2185.63,2173.75,2229.17,2169.11" sx="M,M,M,M"/><TAIKYOKU oya="0"/><INIT seed="0,0,0,1,5,54" ten="250,250,250,250" oya="0" hai0="110,20,57,42,99,45,131,125,102,37,49,32,130" hai1="75,85,119,40,97,26,98,93,128,81,25,112,79" hai2="74,22,124,101,43,47,48,63,52,0,95,27,17" hai3="116,56,29,114,14,73,68,38,127,60,31,109,16"/><T64/><D32/><U35/><E119/><V129/><F124/><W55/><G116/><T15/><D125/><U4/><E128/><N who="0" m="49193" /><D110/><U113/><E40/><V21/><F129/><W8/><G114/><N who="1" m="44138" /><E4/><V11/><F74/><W76/><G127/><T9/><D20/><U80/><E35/><V134/><F134/><W77/><G109/><T23/><D23/><U117/><E117/><V61/><F0/><W28/><G38/><T7/><D37/><U41/><E41/><V58/><F11/><W18/><G73/><T133/><D133/><U108/><E108/><V2/><F2/><W82/><G82/><T62/><D99/><N who="1" m="37899" /><E93/><V122/><F122/><W67/><REACH who="3" step="1"/><G18/><REACH who="3" ten="250,250,250,240" step="2"/><T96/><D96/><U24/><E80/><V72/><F72/><AGARI ba="0,1" hai="24,25,26,72,75,79,81,85" m="37899,44138" machi="72" ten="40,1300,0" yaku="11,1" doraHai="54" who="1" fromWho="2" sc="250,0,250,23,250,-13,240,0" /><INIT seed="1,0,0,5,4,38" ten="250,273,237,240" oya="1" hai0="99,96,8,7,58,109,114,117,115,123,54,44,43" hai1="97,32,119,30,34,73,48,87,45,37,135,101,108" hai2="19,105,77,31,51,61,93,103,112,126,62,65,90" hai3="131,52,47,89,104,133,84,100,60,71,22,25,107"/><U80/><E119/><V50/><F126/><W16/><G133/><T127/><D117/><U106/><E73/><V21/><F112/><W94/><G131/><T33/><D127/><U15/><E135/><V0/><F0/><W111/><G111/><T4/><D109/><U125/><E108/><V110/><F110/><W134/><G134/><T76/><D123/><U75/><E75/><V11/><F77/><W63/><G71/><T6/><D33/><U72/><E72/><V120/><F105/><W130/><G130/><T118/><D118/><U2/><E2/><V36/><F36/><W24/><G24/><T41/><D76/><U55/><E125/><V92/><F11/><W128/><G128/><T10/><D115/><U95/><E106/><V13/><F120/><W124/><G124/><T68/><D68/><U116/><E37/><V3/><F3/><W91/><G107/><T122/><D122/><U82/><E116/><V23/><F103/><W113/><G113/><T57/><D114/><U66/><E66/><V64/><F31/><W79/><G79/><T29/><D29/><U83/><E30/><V14/><REACH who="2" step="1"/><F19/><REACH who="2" ten="250,273,227,240" step="2"/><W88/><G104/><T132/><D132/><U69/><E101/><V9/><F9/><W27/><G84/><T18/><D18/><U17/><E87/><V59/><F59/><N who="0" m="22538" /><D8/><U53/><E69/><V86/><F86/><W102/><G100/><T42/><D10/><U78/><E78/><V67/><F67/><W46/><G102/><T28/><D28/><U56/><E17/><V5/><F5/><W98/><G98/><T81/><D81/><RYUUKYOKU ba="0,1" sc="250,15,273,-15,227,15,240,-15" hai0="4,6,7,41,42,43,44,54,96,99" hai2="13,14,21,23,50,51,61,62,64,65,90,92,93" /><INIT seed="2,1,1,3,2,60" ten="265,258,242,225" oya="2" hai0="29,78,8,22,14,101,87,74,24,54,52,88,25" hai1="12,108,27,126,55,18,48,4,122,62,106,37,96" hai2="76,41,125,36,109,2,130,71,116,85,58,79,82" hai3="118,39,120,21,40,93,13,43,0,72,103,95,63"/><V80/><F71/><W68/><G120/><T59/><D101/><U127/><E122/><V77/><F116/><W61/><G118/><T133/><D133/><U123/><E123/><V113/><F113/><W99/><G0/><T26/><D78/><U134/><E37/><V98/><F2/><W42/><G39/><T67/><D74/><U110/><E134/><V17/><F125/><N who="1" m="47625" /><E62/><N who="3" m="23562" /><G68/><T81/><D67/><U83/><E83/><V129/><F58/><W91/><G72/><T28/><D59/><N who="1" m="33255" /><E27/><N who="0" m="10313" /><D28/><U7/><E96/><V6/><F98/><N who="3" m="57663" /><G43/><T38/><D38/><U115/><E106/><V30/><F30/><W112/><G112/><T51/><D51/><U1/><E115/><V102/><F102/><W16/><AGARI ba="1,1" hai="13,16,21,40,42,95,99,103" m="57663,23562" machi="16" ten="30,2000,0" yaku="8,1,54,1" doraHai="60" who="3" fromWho="3" sc="265,-6,258,-6,242,-11,225,33" /><INIT seed="3,0,0,2,2,36" ten="259,252,231,258" oya="3" hai0="91,74,5,17,12,48,83,61,114,108,51,60,24" hai1="75,26,3,135,67,15,124,1,98,40,43,92,64" hai2="90,77,122,121,89,82,128,42,113,111,110,103,105" hai3="16,72,86,25,41,116,57,85,45,68,50,8,115"/><W87/><G116/><T79/><D108/><N who="2" m="41514" /><F113/><W132/><G115/><T7/><D114/><U13/><E75/><N who="2" m="43327" /><F128/><W69/><G72/><T22/><D91/><N who="2" m="34826" /><F42/><N who="1" m="15913" /><E1/><V2/><F2/><W123/><G123/><N who="2" m="47113" /><F103/><W112/><G112/><T66/><D61/><U134/><E3/><V107/><AGARI ba="0,0" hai="105,107" m="47113,34826,43327,41514" machi="107" ten="40,8000,1" yaku="14,1,13,1,34,2" doraHai="36" who="2" fromWho="2" sc="259,-20,252,-20,231,80,258,-40" owari="239,3.9,232,-16.8,311,41.1,218,-28.2" /></mjloggm>