<mjloggm ver="2.3"><GO type="225" lobby="0"/><UN n0="%70%6F%69%73%6F%6E%30%32" n1="%E4%BF%BA%E3%81%A8%E5%A6%96%E5%A4%A2" n2="%E6%A1%9C%E8%8A%B1%E9%96%83%E3%80%85" n3="%E3%81%82%E3%81%84%E3%81%82%E3%81%8A%E3%81%84" dan="16,16,17,18" rate="2089.68,2213.32,2248.21,2196.73" sx="M,F,M,M"/><TAIKYOKU oya="0"/><INIT seed="0,0,0,5,0,126" ten="250,250,250,250" oya="0" hai0="99,18,110,30,63,132,29,92,19,73,98,9,131" hai1="61,52,83,125,25,105,60,94,133,7,31,62,111" hai2="88,108,11,80,116,40,128,28,56,12,104,53,107" hai3="86,67,124,34,74,117,23,134,64,58,82,1,71"/><T96/><D132/><U36/><E105/><V100/><F108/><W46/><G34/><T4/><D73/><U59/><E111/><V26/><F116/><W78/><G117/><T21/><D110/><U101/><E125/><V121/><F121/><W76/><G1/><T27/><D92/><U65/><E133/><V44/><F100/><W91/><G71/><T42/><D131/><U38/><E7/><V119/><F119/><W14/><G124/><T33/><D42/><U35/><E83/><V55/><F128/><W32/><G32/><T45/><D45/><U130/><E130/><V84/><F107/><W50/><G134/><T51/><D51/><U37/><REACH who="1" step="1"/><E65/><REACH who="1" ten="250,240,250,250" step="2"/><V13/><F104/><W106/><G106/><T120/><D120/><U6/><E6/><V109/><F109/><W93/><G67/><T41/><D4/><U66/><E66/><V129/><F129/><W5/><G64/><T54/><D54/><U0/><E0/><V102/><F55/><W81/><G81/><T127/><D127/><U3/><E3/><V118/><F118/><W43/><G82/><T8/><D41/><U122/><E122/><V90/><F80/><W112/><G74/><T68/><D68/><U16/><E16/><N who="0" m="6185" /><D30/><U95/><E95/><V15/><F28/><W89/><G5/><T10/><D33/><U75/><E75/><V69/><F53/><W24/><G43/><T39/><D39/><U48/><E48/><V20/><F40/><W115/><G50/><T2/><D2/><U85/><E85/><V72/><F72/><W87/><G93/><T103/><D63/><RYUUKYOKU ba="0,1" sc="250,15,240,15,250,-15,250,-15" hai0="8,9,10,21,27,29,96,98,99,103" hai1="25,31,35,36,37,38,52,59,60,61,62,94,101" /><INIT seed="0,1,1,4,1,1" ten="265,255,235,235" oya="0" hai0="104,63,90,91,106,36,12,135,22,110,56,65,97" hai1="128,51,23,123,100,80,15,62,109,70,35,115,49" hai2="89,121,71,60,87,131,58,57,113,13,41,52,10" hai3="77,93,20,61,50,82,68,73,40,72,108,105,74"/><T9/><D36/><U86/><E123/><V129/><F121/><W119/><G105/><T43/><D43/><U112/><E35/><V25/><F113/><N who="1" m="43593" /><E109/><V120/><F120/><W66/><G119/><T75/><D135/><U59/><E70/><V17/><F71/><W99/><G108/><T67/><D110/><U53/><E100/><V42/><F25/><W127/><G127/><T39/><D39/><U4/><E128/><N who="2" m="49227" /><F58/><W125/><G125/><T27/><D75/><U124/><E124/><V7/><F17/><W79/><G79/><T94/><D67/><U5/><E23/><V96/><F96/><W2/><G2/><T64/><D64/><N who="1" m="39007" /><E15/><V3/><F3/><W6/><G20/><T81/><D81/><AGARI ba="1,1" hai="7,10,13,41,42,52,57,60,81,87,89" m="49227" machi="81" ten="30,3900,0" yaku="19,1,52,1,54,1" doraHai="1" who="2" fromWho="0" sc="265,-42,255,0,235,52,235,0" /><INIT seed="1,0,0,4,0,46" ten="223,255,287,235" oya="1" hai0="86,41,124,129,2,21,34,7,75,24,58,36,48" hai1="16,119,26,96,27,61,98,83,81,43,99,12,65" hai2="13,5,74,100,37,35,56,23,84,31,49,32,120" hai3="20,114,17,103,79,117,109,69,0,14,80,122,64"/><U42/><E119/><V66/><F74/><W54/><G122/><T105/><D75/><U71/><E27/><V70/><F37/><W95/><G0/><T127/><D105/><U94/><E26/><V115/><F100/><W132/><G114/><T125/><D34/><U126/><E126/><V93/><F70/><W67/><G109/><T33/><D33/><U59/><E71/><V106/><F106/><W28/><G28/><T123/><D123/><U82/><REACH who="1" step="1"/><E94/><REACH who="1" ten="223,245,287,235" step="2"/><V47/><F93/><W111/><G95/><T63/><D129/><U134/><E134/><V92/><F92/><W130/><G69/><T52/><D127/><U73/><E73/><V38/><F120/><W40/><G132/><T91/><D125/><U90/><E90/><V108/><F115/><W89/><G89/><T128/><D124/><U107/><E107/><V29/><F32/><W110/><G117/><T87/><D128/><U118/><E118/><V72/><F72/><W30/><G130/><T60/><D91/><U10/><AGARI ba="0,1" hai="10,12,16,42,43,59,61,65,81,82,83,96,98,99" machi="10" ten="30,11700,0" yaku="1,1,0,1,8,1,54,1,53,0" doraHai="46" doraHaiUra="113" who="1" fromWho="1" sc="223,-39,245,127,287,-39,235,-39" /><INIT seed="1,1,0,5,1,13" ten="184,372,248,196" oya="1" hai0="75,105,71,62,18,3,46,58,86,65,73,89,91" hai1="27,34,41,107,110,35,39,117,93,108,123,69,26" hai2="44,23,14,70,98,118,84,85,109,19,133,28,88" hai3="80,112,6,1,0,92,68,96,25,51,32,119,102"/><U12/><E107/><V5/><F118/><W33/><G112/><T61/><D3/><U63/><E117/><V130/><F109/><N who="1" m="42089" /><E123/><V53/><F70/><W99/><G119/><T30/><D105/><U60/><E93/><N who="2" m="56615" /><F133/><W67/><G6/><T87/><D30/><U48/><E39/><V134/><F134/><W76/><G99/><T10/><D46/><N who="1" m="25679" /><E12/><V42/><F130/><W31/><G33/><N who="1" m="12298" /><E69/><V128/><F128/><W52/><G68/><T36/><D36/><U38/><E38/><V66/><F5/><W16/><G67/><T17/><D10/><U126/><E126/><V131/><F66/><W120/><G120/><T54/><D75/><U125/><E125/><V64/><F64/><W8/><G80/><T104/><D73/><U22/><E27/><N who="2" m="16511" /><F42/><W122/><G122/><T49/><D104/><U37/><E37/><V50/><F131/><W43/><G43/><T24/><D24/><U95/><E95/><V47/><F47/><W2/><G0/><T45/><D45/><U15/><E15/><V94/><F94/><W56/><G1/><T72/><D72/><U90/><E90/><N who="0" m="34313" /><D71/><U114/><E114/><V21/><AGARI ba="1,0" hai="14,19,21,44,50,53,84,85" m="16511,56615" machi="21" ten="30,4000,0" yaku="8,1,52,1,54,1" doraHai="13" who="2" fromWho="2" sc="184,-11,372,-21,248,43,196,-11" /><INIT seed="2,0,0,4,5,125" ten="173,351,291,185" oya="2" hai0="121,50,19,66,135,102,128,84,8,112,109,111,83" hai1="106,29,42,61,16,60,33,101,26,86,3,20,5" hai2="94,6,1,31,38,119,54,80,2,82,23,93,76" hai3="123,9,107,118,69,130,133,17,117,52,65,46,88"/><V45/><F119/><W63/><G123/><T0/><D112/><U75/><E75/><N who="2" m="43039" /><F82/><W87/><G107/><T27/><D121/><U24/><E42/><N who="2" m="22743" /><F54/><W98/><G98/><T73/><D135/><U12/><E26/><N who="2" m="16863" /><F1/><W95/><G133/><T134/><D134/><U32/><E32/><V62/><F62/><W116/><G130/><T68/><D73/><U72/><E72/><V115/><F115/><W78/><G78/><T110/><D102/><U97/><REACH who="1" step="1"/><E86/><REACH who="1" ten="173,341,291,185" step="2"/><V100/><F100/><W13/><REACH who="3" step="1"/><G117/><REACH who="3" ten="173,341,291,175" step="2"/><T58/><D128/><U14/><E14/><V56/><F56/><W91/><G91/><T71/><D58/><U74/><E74/><V34/><F34/><W21/><G21/><T30/><D111/><U129/><E129/><V57/><F57/><W28/><G28/><T70/><D110/><U4/><E4/><V67/><F67/><W59/><G59/><T81/><D109/><U39/><E39/><V132/><F132/><W92/><G92/><T90/><D66/><U89/><E89/><V11/><AGARI ba="0,2" hai="2,6,11,93,94" m="16863,22743,43039" machi="11" ten="30,1500,0" yaku="25,1" doraHai="125" who="2" fromWho="2" sc="173,-5,341,-5,291,35,175,-5" /><INIT seed="2,1,0,5,0,20" ten="168,336,326,170" oya="2" hai0="119,10,65,28,107,105,115,40,56,101,113,81,22" hai1="21,132,96,111,83,61,60,33,126,3,116,99,14" hai2="2,39,112,64,67,102,75,89,12,59,57,124,88" hai3="122,16,66,106,55,49,52,38,53,73,68,36,114"/><V25/><F112/><W72/><G106/><T29/><D119/><U62/><E116/><V24/><F2/><W27/><G122/><T58/><D101/><U4/><E33/><V34/><F75/><W5/><G114/><T123/><D123/><U125/><E111/><V35/><F12/><W128/><G128/><T131/><D131/><U0/><E132/><V26/><F26/><W48/><G5/><T74/><D40/><U127/><E83/><V129/><F129/><W92/><G92/><T87/><D74/><U104/><E104/><V41/><F41/><W108/><G73/><T94/><D94/><U97/><E4/><V7/><F7/><W47/><G72/><T77/><D10/><U19/><AGARI ba="1,0" hai="0,3,14,19,21,60,61,62,96,97,99,125,126,127" machi="19" ten="40,8000,1" yaku="0,1,29,2,18,1" doraHai="20" who="1" fromWho="1" sc="168,-21,336,83,326,-41,170,-21" /><INIT seed="3,0,0,0,0,19" ten="147,419,285,149" oya="3" hai0="38,41,98,82,63,70,9,68,11,7,109,61,77" hai1="125,112,90,47,81,126,114,59,111,117,51,102,78" hai2="124,99,123,71,55,4,94,33,67,96,62,25,104" hai3="8,15,118,0,58,69,10,37,44,3,34,66,36"/><W20/><G34/><T64/><D109/><U1/><E111/><V35/><F124/><N who="1" m="47721" /><E1/><V91/><F123/><W45/><G69/><T89/><D89/><U106/><E90/><V105/><F4/><W129/><G118/><T95/><D95/><U5/><E5/><V103/><F105/><W122/><G122/><T132/><D98/><N who="1" m="61783" /><E59/><V120/><F120/><W115/><G58/><T88/><D88/><U18/><E18/><V100/><F91/><W17/><G17/><T134/><D11/><U74/><E117/><V57/><F25/><W12/><G66/><N who="0" m="41039" /><D41/><AGARI ba="0,0" hai="41,47,51,74,78,81,112,114" m="61783,47721" machi="41" ten="30,1000,0" yaku="18,1" doraHai="19" who="1" fromWho="0" sc="147,-10,419,10,285,0,149,0" owari="137,-36.3,429,52.9,285,8.5,149,-25.1" /></mjloggm>