<mjloggm ver="2.3"><GO type="225" lobby="0"/><UN n0="%E3%81%BF%E3%81%BF%E3%81%9A" n1="%E3%81%95%E3%81%8D%E3%81%9F%E3%81%BE%E6%9E%97%E6%AA%8E" n2="%E3%81%A9%E3%82%93%E3%82%88%E3%81%8F%4D%6B%2E%32" n3="%E6%80%AA%E3%81%97%E3%81%99%E3%81%8E%E3%82%8B%E3%83%81%E3%83%BC" dan="17,16,16,16" rate="2265.15,2130.50,2149.25,2099.44" sx="M,M,M,M"/><TAIKYOKU oya="0"/><INIT seed="0,0,0,0,5,122" ten="250,250,250,250" oya="0" hai0="93,82,78,72,98,41,65,85,33,102,40,39,70" hai1="42,88,89,9,84,115,49,17,134,103,120,108,35" hai2="79,133,75,10,112,52,47,135,128,7,0,124,104" hai3="116,66,5,117,94,11,56,54,16,80,67,48,28"/><T38/><D33/><U43/><E120/><V6/><F112/><W46/><G28/><T13/><D70/><U111/><E115/><V14/><F104/><W3/><G80/><T105/><D65/><U92/><E35/><V18/><F124/><W34/><G34/><T73/><D13/><N who="1" m="7343" /><E134/><N who="2" m="51211" /><F128/><W4/><G4/><T123/><D123/><U19/><E19/><V74/><F79/><W8/><G94/><T24/><D24/><U76/><E76/><V96/><F96/><W130/><G130/><T106/><D105/><U126/><E126/><V119/><F119/><W97/><G97/><T50/><D50/><U22/><E22/><N who="2" m="11607" /><F7/><W100/><G100/><T69/><D69/><U27/><E103/><V107/><F107/><W91/><G91/><N who="0" m="53487" /><D72/><U77/><E77/><V87/><F87/><W37/><G116/><T55/><D55/><U64/><E89/><V2/><F2/><W53/><G117/><T20/><D20/><U31/><E64/><V95/><F95/><W114/><G114/><T36/><AGARI ba="0,0" hai="36,38,39,40,41,73,78,82,98,102,106" m="53487" machi="36" ten="30,1500,0" yaku="24,1" doraHai="122" who="0" fromWho="0" sc="250,15,250,-5,250,-5,250,-5" /><INIT seed="0,1,0,4,5,38" ten="265,245,245,245" oya="0" hai0="121,49,116,99,28,5,12,70,106,30,123,100,4" hai1="130,50,43,71,131,119,13,53,29,103,101,40,96" hai2="73,44,32,64,72,39,86,113,3,34,117,127,122" hai3="46,2,115,76,59,79,17,8,75,82,6,27,35"/><T10/><D116/><U52/><E71/><V66/><F86/><W33/><G115/><T124/><D124/><U11/><E29/><V129/><F44/><W54/><G79/><T65/><D4/><U1/><E1/><V25/><F25/><W31/><G46/><T56/><D70/><U120/><E120/><V45/><F45/><W67/><G17/><T42/><D42/><N who="1" m="15915" /><E119/><V51/><F51/><W104/><G67/><T110/><D110/><U112/><E112/><V105/><F66/><W48/><REACH who="3" step="1"/><G104/><REACH who="3" ten="265,245,245,235" step="2"/><T69/><D65/><U83/><E83/><V23/><F64/><W16/><G16/><T109/><D109/><U47/><E53/><V91/><F105/><W114/><G114/><T21/><D30/><U9/><E9/><V108/><F113/><W135/><G135/><T22/><D69/><U74/><E74/><V88/><F73/><W20/><AGARI ba="1,1" hai="2,6,8,20,27,31,33,35,48,54,59,75,76,82" machi="20" ten="20,2700,0" yaku="1,1,0,1,7,1,53,0" doraHai="38" doraHaiUra="37" who="3" fromWho="3" sc="265,-14,245,-8,245,-8,235,40" /><INIT seed="1,0,0,1,4,3" ten="251,237,237,275" oya="1" hai0="98,84,94,52,107,117,85,72,134,115,1,39,118" hai1="108,83,16,10,4,80,24,17,67,40,8,44,135" hai2="66,5,46,90,31,38,30,73,34,92,60,45,69" hai3="79,26,78,102,103,100,9,21,111,58,112,15,119"/><U82/><E135/><V131/><F73/><W50/><G112/><T61/><D39/><U123/><E123/><V124/><F131/><W70/><G70/><T121/><D72/><U49/><E108/><V2/><F124/><W11/><G111/><T59/><D115/><U122/><E122/><V57/><F34/><W120/><G120/><T132/><D121/><U65/><E24/><V27/><F38/><W7/><G11/><N who="1" m="4138" /><E4/><V96/><F69/><W29/><G119/><N who="0" m="45579" /><D107/><U19/><AGARI ba="0,0" hai="16,17,19,40,44,49,65,67,80,82,83" m="4138" machi="19" ten="40,3900,0" yaku="8,1,54,1" doraHai="3" who="1" fromWho="1" sc="251,-13,237,39,237,-13,275,-13" /><INIT seed="1,1,0,3,3,127" ten="238,276,224,262" oya="1" hai0="48,87,16,52,120,5,134,24,67,126,69,46,60" hai1="51,125,35,54,92,34,11,15,49,135,131,56,66" hai2="78,100,31,30,3,115,27,119,40,116,38,130,63" hai3="81,85,12,55,19,8,76,70,53,10,121,128,97"/><U118/><E118/><V13/><F3/><W108/><G128/><T110/><D126/><U98/><E125/><V79/><F115/><W91/><G108/><T72/><D110/><U14/><E135/><V21/><F100/><W107/><G70/><T37/><D72/><U62/><E51/><V9/><F31/><W124/><G124/><T65/><D134/><U101/><E131/><V68/><F130/><W4/><G121/><T103/><D5/><U84/><E84/><V50/><F38/><W43/><G43/><T93/><D120/><U113/><E113/><V39/><F39/><W111/><G111/><T18/><D67/><U89/><E15/><V94/><F94/><W86/><G97/><T96/><D24/><U36/><E36/><V1/><F1/><W57/><G57/><N who="0" m="32903" /><D87/><U88/><E35/><V33/><F33/><W25/><G107/><T75/><D75/><U109/><E34/><V71/><F119/><W74/><G74/><T82/><D82/><U42/><E42/><AGARI ba="1,0" hai="16,18,37,42,46,60,65,69,93,96,103" m="32903" machi="42" ten="30,3900,0" yaku="24,1,54,2" doraHai="127" who="0" fromWho="1" sc="238,42,276,-42,224,0,262,0" /><INIT seed="2,0,0,2,2,124" ten="280,234,224,262" oya="2" hai0="0,101,64,97,46,69,113,86,37,57,72,83,121" hai1="15,92,28,84,32,56,128,27,123,81,21,68,6" hai2="2,99,3,53,5,49,45,127,67,132,95,119,23" hai3="40,47,58,8,76,105,109,16,131,22,75,126,14"/><V100/><F119/><W78/><G126/><T4/><D121/><U70/><E123/><V103/><F127/><W12/><G105/><T89/><D113/><U55/><E92/><V48/><F132/><W133/><G133/><T82/><D69/><U110/><E110/><V120/><F120/><W80/><G131/><T39/><D64/><U104/><E104/><V114/><F114/><W65/><G109/><T79/><D57/><U90/><E128/><V29/><F100/><W60/><G78/><T111/><D111/><U30/><E30/><V85/><F5/><W87/><G75/><T41/><D37/><U91/><E91/><V63/><F49/><W1/><G1/><T77/><D77/><U116/><E116/><V11/><F11/><W44/><REACH who="3" step="1"/><G40/><REACH who="3" ten="280,234,224,252" step="2"/><T74/><D72/><U7/><E70/><V9/><F9/><W134/><G134/><T20/><D0/><U122/><E68/><V98/><F98/><W62/><G62/><T107/><D4/><AGARI ba="0,1" hai="4,8,12,14,16,22,44,47,58,60,65,76,80,87" machi="4" ten="30,8000,1" yaku="1,1,7,1,8,1,54,1,53,1" doraHai="124" doraHaiUra="17" who="3" fromWho="0" sc="280,-80,234,0,224,0,252,90" /><INIT seed="3,0,0,5,4,71" ten="200,234,224,342" oya="3" hai0="103,87,7,32,99,118,2,114,5,104,81,121,18" hai1="4,25,93,10,45,108,131,101,98,110,12,73,75" hai2="8,31,130,92,84,127,133,22,42,122,66,132,67" hai3="91,96,48,46,27,58,88,17,44,125,79,64,102"/><W94/><G125/><T49/><D118/><U54/><E131/><V61/><F122/><W36/><G36/><T135/><D121/><U111/><E25/><N who="2" m="16823" /><F127/><W6/><G6/><T28/><D135/><N who="2" m="51786" /><F130/><W86/><G79/><T105/><D114/><U37/><E54/><V34/><F34/><W83/><G102/><T106/><D18/><U53/><E53/><V70/><F42/><AGARI ba="0,0" hai="4,10,12,37,42,45,73,75,93,98,101,108,110,111" machi="42" ten="40,2600,0" yaku="14,1,52,1" doraHai="71" who="1" fromWho="2" sc="200,0,234,26,224,-26,342,0" owari="200,-20.0,260,6.0,198,-30.2,342,44.2" /></mjloggm>