<mjloggm ver="2.3"><GO type="225" lobby="0"/><UN n0="%2D%E8%B1%8A%E5%8F%A3%E3%82%81%E3%81%90%E3%81%BF%2D" n1="%E3%83%96%E3%83%83%E3%83%91%E3%82%AA%E3%83%96%E3%83%81%E3%82%AD%E3%83%B3" n2="%E3%81%8F%E3%82%8A%E3%83%94%E3%83%BC" n3="%E7%B4%94%E6%BD%94%E3%83%94%E3%83%A9%E3%83%8B%E3%82%A2" dan="17,17,16,16" rate="2220.68,2183.74,2101.07,2149.69" sx="F,M,M,M"/><TAIKYOKU oya="0"/><INIT seed="0,0,0,1,4,113" ten="250,250,250,250" oya="0" hai0="63,37,75,48,22,96,114,130,116,38,105,46,133" hai1="74,50,12,92,44,93,45,33,126,86,53,16,47" hai2="43,129,68,3,25,6,72,18,20,52,27,21,24" hai3="128,0,118,87,102,39,4,81,69,13,15,51,112"/><T79/><D114/><U56/><E74/><V60/><F129/><W108/><G39/><T70/><D116/><U66/><E33/><V101/><F72/><W103/><G118/><T41/><D130/><U98/><E126/><V132/><F132/><W73/><G69/><T49/><D133/><U54/><E66/><V127/><F127/><W122/><G73/><T120/><D120/><U91/><E54/><V107/><F43/><W95/><G0/><T32/><D32/><U26/><E26/><V110/><F110/><W40/><G108/><T35/><D35/><U29/><E29/><V88/><F107/><W28/><G28/><T100/><D22/><U76/><E76/><V7/><F3/><W8/><G95/><T89/><D89/><U2/><E2/><V65/><F101/><W90/><G122/><T99/><D99/><U10/><REACH who="1" step="1"/><E47/><REACH who="1" ten="250,240,250,250" step="2"/><V85/><F52/><W5/><G128/><T78/><D78/><U109/><E109/><V125/><F125/><W1/><G1/><T64/><D79/><U123/><E123/><V34/><F34/><W111/><G111/><T94/><D75/><U55/><E55/><V106/><F106/><W104/><G104/><T36/><D105/><U71/><E71/><V67/><F65/><W82/><G112/><T17/><D17/><U124/><E124/><V11/><F18/><W58/><G58/><T134/><D134/><U19/><E19/><V14/><REACH who="2" step="1"/><F6/><REACH who="2" ten="250,240,240,250" step="2"/><W31/><G5/><T115/><D115/><U84/><E84/><V23/><F23/><W80/><G31/><T131/><D131/><U117/><E117/><RYUUKYOKU ba="0,2" sc="250,10,240,10,240,10,250,-30" hai0="36,37,38,41,46,48,49,63,64,70,94,96,100" hai1="10,12,16,44,45,50,53,56,86,91,92,93,98" hai2="7,11,14,20,21,24,25,27,60,67,68,85,88" /><INIT seed="0,1,2,5,1,43" ten="260,250,250,220" oya="0" hai0="11,46,104,81,129,64,92,83,51,90,48,59,75" hai1="63,102,22,93,28,120,1,35,14,42,61,69,133" hai2="7,33,87,73,18,111,27,39,122,52,76,85,5" hai3="70,101,58,82,110,24,117,40,79,97,26,53,127"/><T45/><D104/><U130/><E120/><V65/><F122/><W31/><G70/><T54/><D129/><U134/><E1/><V12/><F39/><W3/><G3/><T21/><D11/><U37/><E130/><V9/><F73/><W99/><G117/><T0/><D0/><U44/><E35/><V49/><F111/><W6/><G110/><T125/><D125/><U72/><E72/><V96/><F33/><W88/><G6/><N who="2" m="2057" /><F65/><W20/><G127/><T47/><D75/><U103/><E69/><V94/><F27/><W66/><G40/><T60/><D21/><U25/><E14/><V131/><F76/><W68/><G24/><T132/><D132/><N who="1" m="50795" /><E103/><N who="2" m="60823" /><F131/><W30/><G79/><T41/><REACH who="0" step="1"/><D47/><AGARI ba="1,2" hai="9,12,18,47,49,52,85,87" m="60823,2057" machi="47" ten="30,3900,0" yaku="8,1,52,1,54,1" doraHai="43" who="2" fromWho="0" sc="260,-42,250,0,250,62,220,0" /><INIT seed="1,0,0,1,3,43" ten="218,250,312,220" oya="1" hai0="79,119,117,73,12,57,23,28,30,40,11,31,72" hai1="108,16,13,131,65,70,93,27,2,4,60,130,98" hai2="47,74,104,50,35,103,88,82,110,97,102,122,69" hai3="134,7,15,76,25,5,114,32,39,124,91,59,128"/><U86/><E27/><V45/><F122/><W9/><G114/><T34/><D57/><U24/><E24/><V3/><F69/><W129/><G39/><T0/><D40/><U101/><E108/><V133/><F35/><W87/><G76/><T42/><D42/><U54/><E2/><V6/><F133/><W89/><G134/><T83/><D72/><U41/><E4/><V111/><F103/><W113/><G113/><T135/><D34/><U26/><E26/><V17/><F17/><W51/><G5/><T94/><D135/><U125/><E125/><V61/><F61/><W126/><G59/><T49/><D0/><U115/><E115/><V99/><F50/><W132/><G51/><T33/><D33/><U84/><E41/><V21/><F21/><W62/><G62/><T77/><D23/><U20/><REACH who="1" step="1"/><E54/><REACH who="1" ten="218,240,312,220" step="2"/><V29/><F6/><W106/><G25/><T90/><D119/><U14/><E14/><V8/><F3/><W96/><G32/><T67/><D117/><U55/><E55/><V63/><F111/><W58/><G132/><T10/><D12/><U116/><E116/><V18/><F110/><W22/><G124/><T38/><D31/><U95/><E95/><V80/><F29/><W46/><G126/><T109/><D94/><U100/><E100/><V37/><F102/><W123/><G15/><T48/><D109/><U81/><E81/><V85/><F82/><W120/><G7/><T68/><D30/><U78/><E78/><V19/><F80/><W66/><G120/><T44/><D28/><U105/><E105/><V121/><F104/><RYUUKYOKU ba="0,1" sc="218,-10,240,30,312,-10,220,-10" hai1="13,16,20,60,65,70,84,86,93,98,101,130,131" /><INIT seed="1,1,1,5,2,87" ten="208,270,302,210" oya="1" hai0="110,78,50,25,54,83,63,66,17,94,76,96,39" hai1="95,102,131,6,119,30,134,57,92,13,26,42,32" hai2="11,89,80,5,124,86,48,62,64,19,24,49,53" hai3="99,108,20,3,101,8,85,107,34,7,45,56,38"/><U97/><E119/><V105/><F124/><W29/><G56/><N who="0" m="37223" /><D39/><U40/><E131/><V21/><F105/><W68/><G20/><N who="0" m="13455" /><D83/><U125/><E125/><V46/><F49/><W74/><G85/><T100/><D110/><U73/><E73/><V1/><F62/><W14/><G14/><T130/><D130/><U33/><E33/><V113/><REACH who="2" step="1"/><F64/><REACH who="2" ten="208,270,292,210" step="2"/><W31/><G107/><T35/><D35/><U123/><E32/><V71/><F71/><W60/><G68/><T90/><D100/><U116/><E102/><V59/><F59/><AGARI ba="1,2" hai="50,54,59,76,78,90,94,96" m="13455,37223" machi="59" ten="30,2000,0" yaku="8,1,52,1" doraHai="87" who="0" fromWho="2" sc="208,43,270,0,292,-23,210,0" /><INIT seed="2,0,0,5,3,82" ten="251,270,269,210" oya="2" hai0="66,38,61,132,122,63,10,120,90,119,12,5,13" hai1="76,21,125,97,11,83,6,79,64,45,19,46,9" hai2="124,36,3,110,31,129,135,101,100,103,57,42,18" hai3="95,2,30,112,33,98,105,77,78,71,133,96,51"/><V118/><F118/><W108/><G2/><T60/><D38/><U29/><E125/><V23/><F3/><W117/><G71/><T67/><D119/><U54/><E29/><V87/><F124/><W25/><G108/><T4/><D132/><U86/><E64/><V62/><F135/><W22/><G112/><T69/><D90/><U20/><E79/><V93/><F110/><W1/><G1/><T34/><D34/><U134/><E134/><V55/><F129/><W41/><G117/><T56/><REACH who="0" step="1"/><D63/><REACH who="0" ten="241,270,269,210" step="2"/><U28/><E76/><V94/><F36/><W68/><G33/><T47/><D47/><U65/><E46/><V89/><F42/><W43/><G43/><T59/><D59/><U81/><E45/><V27/><REACH who="2" step="1"/><F31/><REACH who="2" ten="241,270,259,210" step="2"/><W35/><G41/><T70/><D70/><U131/><E28/><V130/><F130/><W44/><G68/><T85/><D85/><U116/><E131/><V15/><F15/><W74/><G30/><T109/><D109/><U8/><E86/><V48/><F48/><W73/><G51/><T92/><D92/><AGARI ba="0,2" hai="18,23,27,55,57,62,87,89,92,93,94,100,101,103" machi="92" ten="40,7700,0" yaku="1,1,8,1,52,1,53,0" doraHai="82" doraHaiUra="72" who="2" fromWho="0" sc="241,-77,270,0,259,97,210,0" /><INIT seed="2,1,0,1,4,84" ten="164,270,356,210" oya="2" hai0="33,130,135,118,9,117,19,89,38,85,69,87,91" hai1="73,78,35,40,120,126,127,12,0,26,1,32,103" hai2="88,83,111,66,39,36,46,61,133,16,71,50,56" hai3="102,27,4,113,67,15,105,80,75,24,28,106,47"/><V29/><F133/><W131/><G131/><T11/><D38/><U8/><E103/><V64/><F29/><W79/><G113/><T45/><D69/><U21/><E40/><V68/><F111/><W108/><G108/><T134/><D33/><N who="1" m="12875" /><E78/><V97/><F16/><W6/><G67/><T10/><D19/><N who="1" m="12607" /><E73/><V110/><F110/><W74/><G15/><T81/><D45/><U51/><E51/><V48/><F48/><W3/><G28/><T31/><D31/><U58/><E58/><V54/><F46/><W94/><G94/><T34/><D34/><U18/><E120/><V7/><F7/><W101/><G80/><N who="0" m="49319" /><D130/><U114/><E114/><V104/><F104/><W98/><G47/><T100/><D100/><U115/><E115/><V53/><F53/><W82/><G82/><T65/><D65/><U17/><E17/><V23/><F83/><W124/><G79/><T37/><D37/><U5/><E0/><V96/><F66/><W30/><G3/><T116/><AGARI ba="1,0" hai="9,10,11,81,87,91,116,117,118,134,135" m="49319" machi="116" ten="40,5200,0" yaku="12,1,52,2" doraHai="84" who="0" fromWho="0" sc="164,55,270,-14,356,-27,210,-14" /><INIT seed="3,0,0,1,1,109" ten="219,256,329,196" oya="3" hai0="2,90,130,0,92,85,57,3,56,53,5,132,4" hai1="127,7,72,69,10,73,48,27,63,125,129,108,99" hai2="124,79,131,8,83,80,9,70,110,115,35,68,59" hai3="81,22,16,44,42,29,38,117,55,88,14,1,30"/><W89/><G117/><T133/><D130/><U6/><E108/><V78/><F59/><N who="0" m="22602" /><D53/><U60/><E129/><V41/><F115/><W113/><G113/><T95/><D95/><U17/><E48/><V96/><F124/><N who="1" m="47689" /><E99/><V40/><F96/><W24/><G1/><T46/><D46/><U51/><E51/><V94/><F94/><W64/><G55/><T86/><D86/><U100/><E100/><V32/><F131/><W123/><G123/><T121/><D121/><U15/><E6/><V50/><F50/><W19/><G64/><T87/><D87/><U107/><E107/><V52/><F52/><W134/><G134/><AGARI ba="0,0" hai="0,2,3,4,5,85,90,92,132,133,134" m="22602" machi="134" ten="40,1300,0" yaku="20,1" doraHai="109" who="0" fromWho="3" sc="219,13,256,0,329,0,196,-13" owari="232,-16.8,256,5.6,329,42.9,183,-31.7" /></mjloggm>