<mjloggm ver="2.3"><GO type="225" lobby="0"/><UN n0="%E5%8D%A0%E3%81%84%E5%B8%AB%E8%A3%8F%E3%81%AA%E3%81%84%E3%81%97" n1="%E6%B8%A9%E2%98%85%E6%83%85%E2%98%85%E6%8E%AA%E2%98%85%E7%BD%AE" n2="%E3%81%BF%E3%81%BF%E3%81%9A" n3="%E3%83%8F%E3%83%B3%E3%83%89%E3%83%A9%E3%83%BC%E3%83%BB%E3%83%AF%E3%83%B3" dan="17,17,18,17" rate="2203.72,2164.69,2230.08,2192.52" sx="M,M,M,M"/><TAIKYOKU oya="0"/><INIT seed="0,0,0,5,4,131" ten="250,250,250,250" oya="0" hai0="79,95,76,4,50,5,74,114,45,86,0,77,83" hai1="115,103,104,121,107,90,29,49,53,125,88,122,64" hai2="12,82,134,78,43,71,108,102,111,56,16,18,96" hai3="39,100,120,118,117,91,81,40,42,123,19,84,58"/><T110/><D114/><U23/><E115/><V99/><F99/><W21/><G100/><T3/><D110/><U1/><BYE who="2" /><E1/><V65/><F65/><W52/><G117/><UN n2="%E3%81%BF%E3%81%BF%E3%81%9A" /><T119/><D119/><U97/><E125/><V11/><F71/><W37/><G118/><T87/><D74/><U126/><E126/><V10/><F56/><W132/><G40/><T62/><D0/><U22/><E64/><V28/><F28/><W72/><G72/><T112/><D112/><U135/><E135/><V75/><F43/><W61/><G132/><T48/><D62/><U130/><E130/><V17/><F134/><W34/><G34/><T66/><D66/><U80/><E107/><V33/><F33/><W93/><G81/><T14/><D3/><U127/><E127/><V38/><F38/><W36/><REACH who="3" step="1"/><G42/><REACH who="3" ten="250,250,250,240" step="2"/><T98/><D83/><U60/><E80/><V9/><REACH who="2" step="1"/><F12/><AGARI ba="0,1" hai="12,19,21,36,37,39,52,58,61,84,91,93,120,123" machi="12" ten="40,5200,0" yaku="1,1,2,1,54,1,53,0" doraHai="131" doraHaiUra="113" who="3" fromWho="2" sc="250,0,250,0,250,-52,240,62" /><INIT seed="1,0,0,5,3,95" ten="250,250,198,302" oya="1" hai0="16,98,47,36,63,12,116,27,129,135,50,10,0" hai1="35,85,71,64,123,22,41,21,94,86,124,72,24" hai2="68,51,90,88,5,83,126,39,53,79,69,20,55" hai3="34,7,60,118,91,30,97,31,42,119,120,67,26"/><U73/><E123/><V105/><F39/><W18/><G120/><T1/><D116/><N who="3" m="44585" /><G7/><T92/><D36/><U81/><E35/><V103/><F126/><W8/><G42/><T45/><D135/><U49/><E124/><V3/><F20/><N who="3" m="13591" /><G8/><T44/><D129/><U109/><E21/><V54/><F51/><W29/><G34/><T125/><D125/><U9/><E9/><V108/><F108/><W132/><G132/><T57/><D50/><U70/><E109/><V133/><F133/><W128/><G128/><T117/><D27/><U100/><E49/><V87/><F5/><W14/><G14/><T111/><D111/><U82/><E41/><V66/><F3/><W40/><G40/><T19/><D19/><U61/><E71/><V131/><F131/><W114/><G114/><T13/><D12/><U80/><E73/><V65/><F68/><N who="3" m="42087" /><G91/><T93/><D93/><U58/><E70/><V78/><F90/><W77/><G77/><T84/><D117/><U134/><E72/><V76/><REACH who="2" step="1"/><F69/><REACH who="2" ten="250,250,188,302" step="2"/><W96/><AGARI ba="0,1" hai="29,30,31,96,97" m="42087,13591,44585" machi="96" ten="40,5200,0" yaku="12,1,52,2" doraHai="95" who="3" fromWho="3" sc="250,-13,250,-26,188,-13,302,62" /><INIT seed="2,0,0,3,4,109" ten="237,224,175,364" oya="2" hai0="66,33,31,37,25,84,62,68,71,34,46,92,69" hai1="3,22,0,94,14,82,120,58,106,64,135,101,131" hai2="15,24,87,78,60,132,70,122,12,23,26,103,40" hai3="65,130,134,100,91,127,29,13,54,28,126,19,121"/><V67/><F122/><W52/><G121/><T5/><D92/><U105/><E120/><V38/><F132/><W44/><G134/><T6/><D84/><U4/><E135/><V20/><F103/><W9/><G130/><T111/><D111/><U104/><E131/><V118/><F118/><W86/><G65/><T117/><D117/><U81/><E3/><V90/><F78/><W98/><G28/><N who="0" m="19599" /><D5/><U10/><E0/><V119/><F119/><W11/><G11/><T30/><D6/><U97/><REACH who="1" step="1"/><E22/><REACH who="1" ten="237,214,175,364" step="2"/><V110/><F110/><W45/><G127/><T107/><D34/><U36/><E36/><V61/><F38/><W47/><G126/><T125/><D37/><U83/><E83/><V115/><F40/><W7/><G29/><T43/><D30/><U133/><E133/><V79/><F79/><W80/><REACH who="3" step="1"/><G7/><REACH who="3" ten="237,214,175,354" step="2"/><T1/><D31/><U56/><E56/><V32/><F32/><W77/><G77/><T88/><D69/><U39/><E39/><V85/><F70/><W114/><G114/><T18/><D68/><U96/><E96/><V124/><F124/><W17/><G17/><T95/><D18/><U16/><E16/><V55/><F115/><W42/><G42/><T113/><D113/><U128/><E128/><V27/><F27/><W89/><G89/><T48/><D125/><U41/><E41/><V51/><F90/><W8/><G8/><T112/><D112/><U21/><E21/><V102/><F26/><W72/><G72/><T99/><D1/><U57/><E57/><N who="2" m="33023" /><F24/><W63/><G63/><AGARI ba="0,2" hai="4,10,14,58,63,64,81,82,94,97,101,104,105,106" machi="63" ten="40,1300,0" yaku="1,1,53,0" doraHai="109" doraHaiUra="50" who="1" fromWho="3" sc="237,0,214,33,175,0,354,-13" /><INIT seed="3,0,0,3,3,103" ten="237,247,175,341" oya="3" hai0="14,80,43,72,129,54,62,15,74,39,23,128,130" hai1="5,67,11,120,37,105,100,44,26,93,65,85,83" hai2="134,59,108,87,13,107,77,111,28,47,71,81,42" hai3="125,64,132,18,96,49,61,97,6,70,50,55,95"/><W29/><G125/><T115/><D115/><U68/><E68/><V88/><F71/><W104/><G132/><T22/><D39/><U41/><E105/><V123/><F134/><W52/><G6/><T79/><D43/><U78/><E120/><V118/><F118/><W101/><G29/><T16/><D72/><U48/><E37/><V58/><F28/><W12/><G50/><T73/><D74/><U110/><E110/><V84/><F123/><W102/><G49/><T0/><D0/><U35/><E26/><V19/><F107/><W34/><G34/><T90/><D90/><U33/><E33/><V92/><F111/><W76/><G76/><T17/><D54/><U122/><E35/><V38/><REACH who="2" step="1"/><F108/><REACH who="2" ten="237,247,165,341" step="2"/><W131/><G104/><T99/><D99/><N who="1" m="59503" /><E122/><V53/><F53/><W91/><G52/><T27/><D62/><U10/><E67/><V109/><F109/><W75/><G55/><T8/><REACH who="0" step="1"/><D129/><REACH who="0" ten="227,247,165,341" step="2"/><U2/><E65/><V113/><F113/><W25/><G131/><T45/><D45/><U30/><E44/><V24/><F24/><W124/><G25/><T21/><D21/><AGARI ba="0,2" hai="13,19,21,38,42,47,58,59,77,81,84,87,88,92" machi="21" ten="30,3900,0" yaku="1,1,7,1,54,1,53,0" doraHai="103" doraHaiUra="117" who="2" fromWho="0" sc="227,-39,247,0,165,59,341,0" owari="188,-31.2,247,4.7,224,-17.6,341,44.1" /></mjloggm>