<mjloggm ver="2.3"><GO type="225" lobby="0"/><UN n0="%E3%81%BE%E3%81%A8%E3%81%9F" n1="%E5%91%A8%E6%9D%B1" n2="%33%74%72%65%65" n3="%72%61%6B%33" dan="16,16,16,16" rate="2077.82,2172.41,2096.95,2124.65" sx="M,M,F,M"/><TAIKYOKU oya="0"/><INIT seed="0,0,0,1,4,118" ten="250,250,250,250" oya="0" hai0="99,77,124,31,110,126,27,119,95,73,62,98,133" hai1="103,125,86,47,51,87,65,74,134,111,90,114,53" hai2="0,4,113,15,117,127,28,10,104,128,75,50,123" hai3="12,88,57,20,40,69,21,8,61,26,121,24,135"/><T70/><D119/><U66/><E74/><V94/><F104/><W97/><G69/><T14/><D133/><U116/><E116/><V17/><F75/><W67/><G135/><T7/><D70/><U36/><E134/><V56/><F113/><W120/><G40/><T48/><D62/><U76/><E114/><V115/><F115/><W129/><G129/><T101/><D7/><U81/><E111/><V33/><F128/><W102/><G21/><T6/><D6/><U38/><E125/><V18/><F127/><W63/><G63/><T43/><D14/><U109/><E109/><V71/><F71/><W52/><G67/><T54/><D43/><U1/><E1/><V112/><F112/><W46/><G46/><T19/><D19/><U2/><E2/><V13/><F117/><W131/><G131/><T58/><D110/><U30/><E30/><V96/><F123/><N who="3" m="47179" /><G20/><T41/><D41/><U49/><E38/><V85/><F33/><W60/><G88/><T34/><D99/><U93/><E36/><V89/><F96/><W39/><G61/><T130/><D130/><U59/><E103/><V92/><F89/><W80/><G80/><T37/><D37/><U64/><E51/><V25/><F50/><W23/><G23/><T55/><D55/><U82/><E82/><V91/><F91/><W79/><G79/><T3/><D124/><U100/><E100/><V122/><F122/><W108/><G108/><T105/><D126/><U72/><E47/><V32/><F32/><W5/><G39/><T29/><D34/><U16/><E66/><V22/><F22/><RYUUKYOKU ba="0,0" sc="250,-10,250,-10,250,-10,250,30" hai3="5,8,12,24,26,52,57,60,97,102" /><INIT seed="1,1,0,0,5,109" ten="240,240,240,280" oya="1" hai0="81,133,99,134,110,93,101,59,76,91,60,5,26" hai1="3,123,47,118,120,121,28,16,124,85,122,75,129" hai2="71,73,132,29,11,12,51,100,27,50,7,92,31" hai3="37,89,103,64,86,15,119,30,46,117,130,10,39"/><U83/><E118/><N who="3" m="45066" /><G130/><T61/><D110/><U82/><E129/><V114/><F132/><N who="0" m="50794" /><D5/><U1/><E124/><V44/><F71/><W90/><G103/><T9/><D9/><U65/><E65/><V48/><F73/><W74/><G74/><N who="0" m="43159" /><D26/><U13/><E28/><N who="2" m="10827" /><F114/><W45/><G64/><N who="0" m="38943" /><D61/><U96/><E75/><V98/><F27/><W52/><G30/><T33/><D33/><U69/><E69/><V8/><F8/><W95/><G90/><AGARI ba="1,0" hai="90,91,93,99,101" m="38943,43159,50794" machi="90" ten="30,1000,0" yaku="20,1" doraHai="109" who="0" fromWho="3" sc="240,13,240,0,240,0,280,-13" /><INIT seed="2,0,0,0,4,21" ten="253,240,240,267" oya="2" hai0="5,109,31,98,64,12,103,74,53,134,86,118,123" hai1="3,110,83,51,115,10,97,69,15,96,71,48,29" hai2="44,75,45,40,50,11,119,39,67,22,56,76,114" hai3="32,104,8,37,2,88,105,1,100,49,26,112,91"/><V30/><F114/><W72/><G37/><T27/><D74/><U111/><E115/><V33/><F119/><W0/><G72/><T80/><D123/><U82/><E29/><V65/><F33/><W77/><G77/><T57/><D109/><U24/><E15/><V14/><F56/><W79/><G79/><T41/><D134/><U128/><E10/><V68/><F68/><W36/><G36/><T121/><D64/><U113/><E113/><V70/><F70/><W7/><G112/><T116/><D41/><U35/><E35/><V6/><F76/><W61/><G49/><T92/><D5/><U130/><REACH who="1" step="1"/><E3/><REACH who="1" ten="253,230,240,267" step="2"/><V9/><F9/><W43/><G1/><T120/><D12/><U90/><E90/><V89/><F89/><W84/><G91/><N who="0" m="51655" /><D31/><U78/><E78/><V81/><F75/><W117/><G2/><T133/><D133/><U23/><E23/><V135/><F135/><W127/><G32/><T124/><D120/><U131/><E131/><V34/><F34/><W25/><G8/><T28/><D121/><U129/><E129/><V95/><F22/><W125/><G0/><T52/><D118/><U20/><E20/><V38/><F30/><W94/><G117/><T59/><D116/><U42/><E42/><V60/><F40/><W62/><G43/><T58/><D124/><U4/><E4/><V13/><F6/><W85/><G7/><T107/><D107/><U108/><E108/><V106/><F106/><W122/><G122/><T19/><D28/><U102/><E102/><V17/><F14/><W99/><G105/><T16/><D19/><RYUUKYOKU ba="0,1" sc="253,15,230,15,240,-15,267,-15" hai0="16,27,52,53,57,58,59,92,98,103" hai1="24,48,51,69,71,82,83,96,97,110,111,128,130" /><INIT seed="3,1,1,4,5,85" ten="268,245,225,252" oya="3" hai0="74,65,93,40,83,14,12,96,32,64,5,9,43" hai1="54,66,1,124,78,23,75,110,77,19,134,119,50" hai2="105,34,131,70,41,2,56,102,95,98,4,117,63" hai3="62,104,116,39,123,48,88,87,51,61,113,15,55"/><W121/><G39/><T57/><D32/><U100/><E1/><V18/><F117/><W8/><G116/><T24/><D74/><U101/><E119/><V127/><F127/><W22/><G113/><T46/><D83/><U91/><E124/><V72/><F72/><W125/><G104/><T20/><D14/><U97/><E66/><V79/><F79/><N who="1" m="30217" /><E110/><V103/><F70/><W52/><G22/><T31/><D57/><N who="1" m="32983" /><E134/><V73/><F73/><W112/><G112/><T6/><D6/><U58/><E58/><V82/><F82/><N who="3" m="49271" /><G123/><T44/><D43/><U28/><E28/><V76/><F34/><W135/><G121/><T7/><D44/><U59/><E59/><V16/><F76/><W86/><G86/><T94/><D94/><N who="1" m="56543" /><E75/><V11/><F131/><W3/><G3/><T109/><D109/><U33/><E33/><V118/><F118/><W38/><G38/><T17/><D64/><U133/><E133/><V130/><F130/><W47/><G135/><T49/><REACH who="0" step="1"/><D65/><REACH who="0" ten="258,245,225,252" step="2"/><U10/><E10/><V90/><F41/><W30/><G125/><T13/><D13/><AGARI ba="1,2" hai="13,19,23,100,101" m="56543,32983,30217" machi="13" ten="30,2000,0" yaku="8,1,52,1" doraHai="85" who="1" fromWho="0" sc="258,-23,245,43,225,0,252,0" /><INIT seed="4,0,0,0,1,126" ten="235,288,225,252" oya="0" hai0="103,68,57,43,1,85,91,55,102,111,106,62,28" hai1="8,93,60,12,21,92,52,76,17,5,110,128,10" hai2="109,67,90,51,34,127,7,45,37,120,132,112,131" hai3="129,48,14,75,29,113,30,13,16,26,35,96,105"/><T39/><D1/><U25/><E110/><V50/><F34/><W82/><G129/><T83/><D111/><U56/><E128/><V40/><F7/><W11/><G113/><T47/><D106/><U38/><E38/><V89/><F109/><W0/><G29/><T63/><D28/><U130/><E130/><V95/><F131/><W70/><G70/><T100/><REACH who="0" step="1"/><D68/><REACH who="0" ten="225,288,225,252" step="2"/><U46/><E76/><V42/><F120/><W94/><G105/><T87/><D87/><U72/><E72/><V61/><F127/><W134/><G0/><T77/><D77/><U78/><E78/><V121/><F121/><W32/><G30/><T19/><D19/><U24/><E5/><V116/><F116/><W107/><G16/><T115/><D115/><U2/><E2/><V135/><F112/><W18/><G18/><T84/><D84/><U59/><E10/><V118/><F118/><W22/><G11/><T79/><D79/><U104/><E104/><V73/><F73/><W3/><G107/><T23/><D23/><U66/><E8/><V98/><F90/><W41/><G3/><T54/><D54/><U119/><E119/><V69/><REACH who="2" step="1"/><F42/><REACH who="2" ten="225,288,215,252" step="2"/><W86/><G75/><T133/><D133/><AGARI ba="0,2" hai="37,40,45,50,51,61,67,69,89,95,98,132,133,135" machi="133" ten="40,5200,0" yaku="1,1,2,1,20,1,53,0" doraHai="126" doraHaiUra="101" who="2" fromWho="0" sc="225,-52,288,0,215,72,252,0" /><INIT seed="5,0,0,2,3,49" ten="173,288,287,252" oya="1" hai0="107,16,60,42,114,111,112,15,108,80,82,101,18" hai1="68,93,127,67,62,75,73,39,54,81,8,118,131" hai2="125,34,76,32,109,126,77,35,78,52,85,120,3" hai3="36,89,45,31,6,84,10,51,97,17,47,90,41"/><U44/><E118/><V5/><F109/><N who="0" m="42058" /><D42/><U56/><E131/><V102/><F120/><W72/><G72/><T0/><D0/><U115/><E115/><N who="0" m="44073" /><D107/><U119/><E119/><V64/><F64/><W46/><G31/><T58/><D101/><U71/><E127/><N who="2" m="48651" /><F102/><W74/><G74/><T128/><D128/><U57/><E8/><N who="2" m="2111" /><F52/><N who="3" m="29807" /><G36/><T37/><D37/><U1/><E1/><V83/><AGARI ba="0,0" hai="32,34,35,76,77,78,83,85" m="2111,48651" machi="83" ten="40,1500,0" yaku="18,1" doraHai="49" who="2" fromWho="2" sc="173,-4,288,-7,287,15,252,-4" owari="169,-33.1,281,8.1,302,40.2,248,-15.2" /></mjloggm>