<mjloggm ver="2.3"><GO type="225" lobby="0"/><UN n0="%77%72%77%72%77%72%77%72" n1="%E5%B8%86%E7%AB%8B%E5%A4%8F%E8%A1%A3" n2="%72%69%6F%75%63%68%61%6E" n3="%E3%83%A9%E3%83%BC%E3%83%A1%E3%83%B3%E4%BA%94%E9%83%8E" dan="16,17,16,16" rate="2140.30,2165.07,2131.93,2163.17" sx="M,M,M,M"/><TAIKYOKU oya="0"/><INIT seed="0,0,0,2,2,104" ten="250,250,250,250" oya="0" hai0="1,11,39,66,98,59,101,106,81,57,52,73,28" hai1="87,13,46,33,117,91,90,12,6,25,71,37,89" hai2="23,121,58,16,113,126,134,40,68,14,83,109,54" hai3="131,65,2,62,45,116,10,96,85,77,0,110,88"/><T15/><D39/><U86/><E117/><V36/><F121/><W95/><G116/><T47/><D1/><U50/><E71/><V100/><F113/><W61/><G110/><T64/><D28/><U34/><E37/><V63/><F109/><W53/><G131/><T78/><D57/><U38/><E38/><V60/><F126/><W92/><G10/><T111/><D47/><U31/><E34/><V69/><F134/><W55/><G77/><T43/><D43/><U133/><E133/><V80/><F100/><W112/><G112/><T123/><D123/><U94/><E6/><V125/><F125/><W5/><G5/><T7/><REACH who="0" step="1"/><D111/><REACH who="0" ten="240,250,250,250" step="2"/><U21/><E33/><V108/><F108/><W129/><G0/><T114/><D114/><U120/><E120/><V97/><F69/><W130/><G2/><T99/><D99/><U122/><E122/><V75/><F97/><W74/><G45/><T102/><D102/><U127/><E127/><V32/><F40/><W105/><G96/><T107/><D107/><U119/><E119/><V3/><F36/><W18/><G105/><T79/><D79/><U128/><E128/><V103/><F103/><W56/><G130/><T118/><D118/><U8/><E90/><V26/><F3/><W49/><G129/><T42/><D42/><N who="1" m="24919" /><E8/><V82/><F68/><W70/><G88/><T124/><D124/><U4/><E4/><V132/><F132/><W76/><G76/><T84/><D84/><U17/><E31/><N who="2" m="19575" /><F75/><W19/><G74/><T27/><D27/><U67/><E67/><V72/><F72/><W44/><G65/><RYUUKYOKU ba="0,1" sc="240,10,250,10,250,10,250,-30" hai0="7,11,15,52,59,64,66,73,78,81,98,101,106" hai1="12,13,17,21,25,86,87,89,91,94" hai2="14,16,23,54,58,60,63,80,82,83" /><INIT seed="0,1,1,4,1,78" ten="250,260,260,220" oya="0" hai0="65,125,107,2,87,123,42,11,62,19,40,133,124" hai1="117,52,36,98,22,105,100,108,82,18,99,93,118" hai2="27,86,8,37,129,31,33,9,4,68,120,38,3" hai3="63,29,55,81,30,89,49,88,121,132,28,45,85"/><T126/><D133/><U109/><E36/><V131/><F120/><W130/><G132/><T97/><D123/><U15/><E82/><V41/><F68/><W75/><G121/><T46/><D87/><U39/><E39/><V104/><F104/><W84/><G75/><T21/><D11/><U58/><E109/><V110/><F110/><W47/><G130/><N who="2" m="49673" /><F41/><W112/><G63/><T12/><D2/><U10/><E10/><V51/><F51/><W69/><G69/><T60/><D60/><U1/><E1/><N who="2" m="15" /><F86/><W134/><G134/><T6/><D6/><AGARI ba="1,1" hai="3,6,9,27,31,33,37,38" m="15,49673" machi="6" ten="30,2000,0" yaku="19,1,23,1" doraHai="78" who="2" fromWho="0" sc="250,-23,260,0,260,33,220,0" /><INIT seed="1,0,0,4,2,46" ten="227,260,293,220" oya="1" hai0="72,100,115,7,55,78,98,15,41,99,112,122,68" hai1="2,8,44,94,11,22,108,17,133,104,84,43,131" hai2="135,59,32,27,61,4,39,23,91,81,21,58,51" hai3="9,86,40,67,5,24,113,71,114,106,0,54,42"/><U18/><E104/><V69/><F39/><W105/><G114/><T73/><D68/><U25/><E131/><V124/><F124/><W13/><G113/><T111/><D41/><U75/><E75/><V95/><F135/><W29/><G106/><T26/><D26/><U102/><E133/><V83/><F4/><W118/><G105/><T107/><D111/><U37/><E108/><V96/><F32/><W66/><G118/><T87/><D122/><U48/><E2/><V130/><F130/><W92/><G0/><T110/><D110/><U57/><E18/><V129/><F129/><W77/><G71/><T12/><D55/><U85/><E57/><V128/><F128/><W60/><G54/><T28/><D28/><U120/><E37/><V134/><F134/><W10/><G10/><N who="1" m="3626" /><E120/><V109/><F109/><W89/><G77/><T123/><D123/><U6/><E6/><V97/><F97/><AGARI ba="0,0" hai="17,22,25,43,44,48,84,85,94,97,102" m="3626" machi="97" ten="30,2900,0" yaku="8,1,52,1" doraHai="46" who="1" fromWho="2" sc="227,0,260,29,293,-29,220,0" /><INIT seed="1,1,0,2,2,104" ten="227,289,264,220" oya="1" hai0="30,69,11,86,44,3,29,88,64,47,24,89,126" hai1="13,43,31,78,36,110,23,4,116,45,134,26,62" hai2="105,1,132,121,117,84,120,85,66,35,50,40,8" hai3="103,42,111,99,52,49,129,6,14,48,109,106,61"/><U12/><E116/><V93/><F117/><W107/><G129/><T94/><D126/><U53/><E134/><V123/><F105/><W10/><G107/><T56/><D69/><U67/><E110/><N who="3" m="41994" /><G42/><T90/><D3/><U98/><E4/><V119/><F119/><W54/><G61/><N who="0" m="37927" /><D11/><U82/><E98/><V80/><F35/><W125/><G125/><T76/><D76/><U57/><REACH who="1" step="1"/><E67/><REACH who="1" ten="227,279,264,220" step="2"/><V79/><F66/><W2/><G2/><T32/><D32/><U73/><AGARI ba="1,1" hai="12,13,23,26,31,36,43,45,53,57,62,73,78,82" machi="73" ten="20,18000,2" yaku="1,1,2,1,0,1,7,1,52,1,53,2" doraHai="104" doraHaiUra="9" who="1" fromWho="1" sc="227,-61,279,193,264,-61,220,-61" /><INIT seed="1,2,0,5,1,120" ten="166,472,203,159" oya="1" hai0="54,61,70,28,34,4,83,22,88,71,40,16,51" hai1="69,119,24,97,50,11,53,114,23,128,13,104,47" hai2="14,63,67,91,19,48,105,38,82,79,39,31,17" hai3="113,60,131,44,112,117,32,68,133,106,15,107,108"/><U90/><E114/><V30/><F105/><W55/><G32/><T41/><D4/><U9/><E119/><V115/><F115/><W64/><G117/><T125/><D125/><U122/><E128/><V116/><F116/><W10/><G131/><T37/><D37/><U7/><E69/><V18/><F91/><W95/><G106/><T3/><D3/><U62/><E122/><V94/><F94/><W45/><G107/><T134/><D134/><U86/><E104/><V8/><F39/><W109/><G133/><T103/><D103/><U72/><E72/><V85/><F38/><W65/><G65/><T33/><D33/><U36/><E36/><V73/><F48/><N who="3" m="29063" /><G45/><T57/><D28/><U118/><E118/><V110/><F110/><N who="3" m="42603" /><G95/><T99/><D34/><U58/><E47/><V132/><F132/><W27/><G27/><T26/><D70/><U135/><E24/><V84/><F67/><W96/><G96/><T56/><D71/><U21/><E97/><V81/><F63/><W98/><G98/><T1/><D99/><U46/><E62/><V123/><F123/><W2/><G2/><T126/><D1/><U77/><E46/><V35/><F35/><W6/><AGARI ba="2,0" hai="6,10,15,60,64,68,112,113" m="42603,29063" machi="6" ten="30,7900,0" yaku="14,1,52,3" doraHai="120" who="3" fromWho="3" sc="166,-22,472,-41,203,-22,159,85" /><INIT seed="2,0,0,5,5,0" ten="144,431,181,244" oya="2" hai0="132,57,100,75,13,30,16,113,87,90,49,106,109" hai1="73,15,92,56,114,37,129,121,5,28,1,31,76" hai2="53,29,123,68,88,71,126,111,78,59,62,131,32" hai3="79,40,93,25,34,135,43,101,105,104,96,120,24"/><V63/><F123/><W97/><G120/><T82/><D113/><U18/><E114/><V95/><F126/><W60/><G135/><T91/><D132/><U110/><E110/><V72/><F131/><W81/><G60/><T103/><D75/><U7/><E92/><V122/><F122/><W12/><G12/><T47/><D109/><U10/><E56/><V134/><F134/><W36/><G105/><T27/><D57/><U42/><E129/><V19/><F111/><W116/><G116/><T107/><D107/><U133/><E133/><V67/><F19/><W77/><G77/><T98/><D100/><U14/><E14/><V33/><F71/><W119/><G119/><T52/><D90/><U99/><E99/><V89/><F29/><W21/><G34/><T35/><D13/><U127/><E127/><V65/><F65/><W20/><G36/><T48/><D48/><U55/><E55/><V108/><F108/><W80/><G97/><T44/><D44/><N who="1" m="23631" /><E121/><V85/><REACH who="2" step="1"/><F89/><REACH who="2" ten="144,431,171,244" step="2"/><W41/><G101/><T84/><D16/><U26/><E18/><V23/><F23/><W38/><G20/><T39/><D39/><U50/><E28/><V102/><F102/><N who="3" m="60687" /><G38/><T117/><D117/><U9/><E31/><V124/><F124/><W86/><G21/><T46/><D46/><U70/><E70/><V125/><F125/><W69/><G69/><T2/><D2/><U51/><E26/><V115/><F115/><W64/><G24/><T128/><D128/><U74/><E74/><V3/><F3/><W54/><G25/><T6/><D6/><U4/><E4/><RYUUKYOKU ba="0,1" sc="144,10,431,10,171,10,244,-30" hai0="27,30,35,47,49,52,82,84,87,91,98,103,106" hai1="1,5,7,9,10,15,50,51,73,76" hai2="32,33,53,59,62,63,67,68,72,78,85,88,95" /><INIT seed="2,1,1,0,0,87" ten="154,441,181,214" oya="2" hai0="73,97,111,98,104,59,17,54,80,105,75,13,39" hai1="65,40,135,11,45,47,58,69,115,101,125,128,16" hai2="27,102,49,37,89,79,3,12,131,114,41,52,42" hai3="68,6,23,127,66,108,71,14,50,132,81,99,22"/><V1/><F114/><W8/><G108/><T55/><D39/><U133/><E115/><V129/><F102/><W7/><G127/><T0/><D0/><N who="2" m="74" /><F37/><W60/><G132/><T9/><D111/><U78/><E101/><V95/><F79/><W63/><G6/><T31/><D31/><U88/><E78/><V77/><F77/><W21/><G50/><T123/><D123/><U51/><E51/><V84/><F27/><W134/><G134/><T91/><D55/><U18/><E58/><N who="2" m="33039" /><F12/><W100/><G81/><T122/><D122/><U29/><E29/><V28/><F28/><W110/><G110/><T24/><D24/><U124/><E65/><V44/><F44/><W32/><G32/><T15/><D15/><U19/><E19/><V93/><F93/><W103/><G99/><T35/><D35/><U34/><E34/><V38/><F38/><W70/><G70/><T72/><D98/><U118/><E69/><V107/><F107/><W62/><G62/><T120/><D120/><U57/><E57/><V5/><F5/><W10/><G10/><T126/><D126/><U83/><E11/><V48/><F48/><W67/><AGARI ba="1,1" hai="7,8,14,21,22,23,60,63,66,67,68,71,100,103" machi="67" ten="30,2000,0" yaku="0,1,9,1" doraHai="87" who="3" fromWho="3" sc="154,-6,441,-6,181,-11,214,33" /><INIT seed="3,0,0,4,1,51" ten="148,435,170,247" oya="3" hai0="29,94,31,128,17,89,38,121,44,72,28,75,92" hai1="9,76,65,64,69,81,56,67,30,118,84,16,32" hai2="53,60,107,115,103,99,41,58,46,101,122,132,124" hai3="14,6,61,114,47,70,134,63,73,96,85,100,5"/><W43/><G114/><T50/><D121/><U36/><E118/><V66/><F115/><W97/><G73/><T95/><D38/><U83/><E69/><V109/><F109/><W20/><G134/><T25/><D128/><U24/><E36/><V55/><F132/><W82/><G70/><T127/><D127/><U7/><E16/><V90/><F124/><W15/><G63/><T8/><D89/><U78/><E56/><V126/><F126/><W26/><G61/><T13/><REACH who="0" step="1"/><D25/><REACH who="0" ten="138,435,170,247" step="2"/><U104/><E104/><V4/><F122/><W49/><G26/><T23/><D23/><U52/><E52/><AGARI ba="0,1" hai="8,13,17,28,29,31,44,50,52,72,75,92,94,95" machi="52" ten="40,5200,0" yaku="1,1,52,1,54,1,53,0" doraHai="51" doraHaiUra="39" who="0" fromWho="1" sc="138,62,435,-52,170,0,247,0" owari="200,-20.0,383,48.3,170,-33.0,247,4.7" /></mjloggm>