<mjloggm ver="2.3"><GO type="225" lobby="0"/><UN n0="%E5%B0%8F%E9%B3%A5%E9%81%8A%E7%B7%B4%E7%84%A1%32%31%E6%AD%B3" n1="%E3%82%B3%E3%83%90%E3%83%AC%E3%82%A4" n2="%E3%83%B4%E3%83%A0%EF%BC%99%E3%81%A6" n3="%E7%99%BD%E5%80%89%E5%AF%9B%E4%B9%8B" dan="17,16,17,16" rate="2183.86,2138.73,2133.79,2141.00" sx="F,M,M,M"/><TAIKYOKU oya="0"/><INIT seed="0,0,0,5,0,78" ten="250,250,250,250" oya="0" hai0="47,132,92,19,105,23,21,131,6,59,25,87,67" hai1="72,113,60,18,55,124,85,32,118,79,16,38,70" hai2="97,111,74,33,91,29,5,100,66,102,30,50,112" hai3="40,17,48,7,95,129,71,61,65,15,128,76,110"/><T22/><D105/><U83/><E38/><V86/><F112/><W57/><G110/><T3/><D132/><U31/><E118/><V125/><F74/><W26/><G7/><T90/><D131/><U11/><E113/><V46/><F125/><W77/><G26/><T34/><D34/><U54/><E124/><V35/><F66/><W107/><G107/><T28/><D3/><U58/><E70/><V96/><F5/><W127/><G127/><T2/><D2/><U36/><E36/><V123/><F123/><W117/><G117/><T64/><D6/><U121/><E121/><V106/><F111/><W63/><G95/><T88/><D22/><U42/><E42/><V114/><F114/><W82/><G76/><T116/><D116/><U41/><E41/><V135/><F135/><W81/><G77/><T53/><D90/><U126/><E126/><V99/><F33/><W1/><G1/><T89/><D89/><U12/><E32/><V98/><F35/><W93/><G93/><T37/><D47/><U84/><E31/><V62/><F62/><W75/><G75/><T44/><D44/><U94/><E72/><V27/><F27/><W104/><G104/><T73/><D37/><U68/><E68/><V101/><N who="2" m="24576" /><DORA hai="52" /><V9/><F9/><N who="3" m="6383" /><G48/><N who="0" m="31143" /><D73/><U133/><E133/><V4/><F4/><W69/><G40/><T80/><D92/><U115/><E115/><V134/><F134/><W45/><G45/><T10/><D10/><U49/><E11/><V103/><F106/><W8/><G8/><T108/><D108/><U119/><E119/><V120/><F120/><RYUUKYOKU ba="0,0" sc="250,30,250,-10,250,-10,250,-10" hai0="19,21,23,25,28,64,67,80,87,88" /><INIT seed="0,1,0,0,4,14" ten="280,240,240,240" oya="0" hai0="24,72,105,21,127,122,9,33,84,57,123,106,92" hai1="40,133,30,38,119,65,80,88,13,68,81,95,1" hai2="131,52,46,41,29,90,129,58,22,55,51,114,118" hai3="69,79,39,98,23,18,102,32,78,96,75,54,104"/><T10/><D33/><U61/><E1/><V2/><F2/><W67/><G32/><T50/><D72/><U12/><E119/><V17/><F114/><W37/><G69/><T77/><D127/><U113/><E113/><V115/><F115/><W125/><G67/><T130/><D130/><N who="2" m="49674" /><F118/><W48/><G125/><T47/><D57/><U53/><E133/><V44/><F29/><W62/><G62/><T100/><D9/><U73/><E30/><V63/><F90/><W93/><G75/><T83/><D10/><U6/><E73/><V71/><F71/><W82/><G82/><T94/><D92/><U89/><E89/><V91/><F91/><W27/><G39/><T70/><D94/><U128/><E6/><V28/><F28/><W110/><G37/><T124/><D70/><U8/><E128/><V116/><F116/><W59/><REACH who="3" step="1"/><G110/><REACH who="3" ten="280,240,240,230" step="2"/><T43/><D124/><U121/><E81/><V85/><F85/><W15/><G15/><T99/><REACH who="0" step="1"/><D106/><REACH who="0" ten="270,240,240,230" step="2"/><U120/><E80/><V26/><F46/><W45/><G45/><T108/><D108/><U109/><E109/><V60/><F60/><W87/><G87/><T134/><D134/><U76/><E121/><V19/><F63/><W103/><AGARI ba="1,2" hai="18,23,27,48,54,59,78,79,93,96,98,102,103,104" machi="103" ten="20,5200,0" yaku="1,1,0,1,7,1,52,1,53,0" doraHai="14" doraHaiUra="56" who="3" fromWho="3" sc="270,-27,240,-14,240,-14,230,75" /><INIT seed="1,0,0,2,2,76" ten="243,226,226,305" oya="1" hai0="64,105,46,96,128,87,67,47,80,129,36,41,11" hai1="132,97,58,18,116,23,101,70,8,111,73,110,62" hai2="84,83,77,40,57,50,13,78,15,120,45,12,122" hai3="34,86,100,74,49,65,17,52,115,79,71,10,63"/><U102/><E70/><V60/><REACH who="2" step="1"/><F78/><REACH who="2" ten="243,226,216,305" step="2"/><W33/><G115/><T21/><D129/><U48/><E116/><V109/><F109/><N who="1" m="41481" /><E132/><V19/><F19/><W126/><G79/><T53/><D128/><U123/><E123/><V85/><F85/><W93/><G74/><T16/><D11/><U5/><E73/><V1/><F1/><W89/><G126/><T106/><D96/><U127/><E127/><V35/><F35/><W104/><G17/><T20/><D20/><U113/><E113/><V75/><F75/><W56/><G10/><T121/><D121/><U27/><E97/><V82/><F82/><W108/><G108/><T29/><D29/><U59/><E8/><V38/><F38/><W61/><G33/><T69/><D21/><U90/><E5/><V44/><F44/><W94/><G34/><T135/><D47/><U66/><E90/><V32/><F32/><W134/><G134/><T39/><D39/><U24/><E24/><V37/><F37/><W117/><G117/><T54/><D36/><U43/><E43/><V72/><F72/><W103/><G89/><T26/><D41/><U28/><E28/><V4/><F4/><W114/><G114/><T107/><D26/><U95/><E95/><V98/><F98/><W130/><G94/><T0/><D135/><U9/><E9/><V88/><F88/><N who="3" m="53399" /><G130/><T22/><D22/><U125/><E125/><V3/><F3/><W6/><G6/><T30/><D0/><U99/><E99/><V133/><F133/><W81/><G81/><T124/><D80/><U25/><E27/><V31/><F31/><RYUUKYOKU ba="0,1" sc="243,-15,226,15,216,15,305,-15" hai1="18,23,25,48,58,59,62,66,101,102" hai2="12,13,15,40,45,50,57,60,77,83,84,120,122" /><INIT seed="1,1,1,1,5,69" ten="228,241,231,290" oya="1" hai0="49,9,133,33,56,114,14,71,54,110,134,46,57" hai1="109,129,101,103,77,117,31,27,52,108,121,74,83" hai2="84,11,21,72,124,28,58,81,135,112,2,91,34" hai3="25,70,42,26,89,104,29,8,80,88,23,6,64"/><U115/><E117/><V53/><F34/><W79/><G104/><T118/><D118/><U20/><E121/><V98/><F124/><W17/><G70/><T0/><D33/><U19/><E115/><V97/><F112/><W65/><G42/><T87/><D114/><U61/><E129/><V3/><F135/><N who="0" m="51722" /><D0/><U105/><E31/><V100/><F72/><W41/><G41/><T15/><D71/><U102/><REACH who="1" step="1"/><E105/><REACH who="1" ten="228,231,231,290" step="2"/><V38/><F28/><W123/><G123/><T4/><D110/><U94/><E94/><V32/><F32/><W76/><G29/><T93/><D15/><U37/><E37/><V16/><F38/><W75/><G26/><T85/><D93/><U45/><E45/><V73/><F2/><W50/><G25/><T68/><D68/><U95/><E95/><V125/><F125/><W92/><G92/><T12/><D12/><U66/><E66/><V44/><F44/><W5/><G65/><T119/><D119/><U90/><E90/><V59/><F91/><W122/><G64/><T120/><D120/><U128/><E128/><V131/><F3/><W47/><G89/><T62/><D57/><AGARI ba="1,2" hai="19,20,27,52,57,61,74,77,83,101,102,103,108,109" machi="57" ten="40,12000,1" yaku="1,1,54,1,53,3" doraHai="69" doraHaiUra="99" who="1" fromWho="0" sc="228,-123,231,143,231,0,290,0" /><INIT seed="1,2,0,4,0,22" ten="105,374,231,290" oya="1" hai0="123,29,18,49,37,54,92,131,13,106,74,94,111" hai1="104,84,112,80,130,88,2,117,114,28,116,17,32" hai2="134,101,81,68,99,93,100,118,11,97,126,66,48" hai3="128,8,55,4,23,20,73,119,91,60,96,44,108"/><U82/><E2/><V41/><F118/><N who="1" m="45673" /><E32/><V125/><F134/><W67/><G73/><T0/><D37/><U79/><E28/><V120/><F120/><W105/><G119/><T122/><D106/><U70/><E17/><V113/><F113/><N who="1" m="43625" /><E70/><V3/><F81/><W24/><G23/><T56/><D0/><U45/><E45/><V85/><F85/><W31/><G44/><T25/><D131/><U98/><E130/><V59/><F41/><W9/><G128/><T103/><D74/><N who="1" m="43127" /><E98/><V86/><F68/><W42/><G96/><T50/><D111/><U14/><E14/><V51/><F3/><W43/><G108/><T26/><D50/><U63/><E63/><V133/><F59/><W21/><G60/><T102/><D25/><U71/><E71/><V76/><F66/><W15/><G24/><T10/><D122/><U46/><E46/><V40/><F40/><W75/><G43/><T53/><D54/><U16/><E16/><V110/><F110/><W124/><G42/><T33/><REACH who="0" step="1"/><D123/><REACH who="0" ten="95,374,231,290" step="2"/><U109/><E109/><V77/><F48/><W83/><G55/><T115/><D115/><U90/><E104/><V6/><F51/><W7/><G105/><T30/><D30/><U19/><E19/><V27/><F27/><W78/><G31/><T39/><D39/><U87/><E87/><V127/><F86/><W52/><G75/><T34/><D34/><U64/><E64/><V65/><F65/><W5/><G67/><T61/><D61/><U69/><E69/><V107/><F133/><W38/><G38/><T57/><D57/><U12/><E12/><RYUUKYOKU ba="2,1" sc="95,10,374,10,231,10,290,-30" hai0="10,13,18,26,29,33,49,53,56,92,94,102,103" hai1="82,84,88,90" hai2="6,11,76,77,93,97,99,100,101,107,125,126,127" /><INIT seed="1,3,1,4,3,71" ten="105,384,241,260" oya="1" hai0="79,114,48,119,46,102,19,11,17,47,63,80,10" hai1="39,87,15,130,125,73,0,38,120,59,116,52,110" hai2="93,127,23,101,22,94,32,113,129,83,97,82,76" hai3="49,21,118,132,51,86,74,88,98,13,115,92,54"/><U45/><E0/><V64/><F32/><W20/><G74/><T108/><D114/><U26/><E73/><V1/><F1/><W25/><G115/><T96/><D119/><U81/><E116/><V44/><F113/><W36/><G118/><T40/><D108/><U78/><E120/><V85/><F127/><W70/><G70/><T6/><D46/><U99/><E125/><V123/><F123/><W104/><G132/><T66/><D10/><U61/><E110/><V50/><F64/><W122/><G122/><T7/><D7/><U68/><E130/><V60/><F60/><W9/><G36/><T24/><D24/><U42/><E15/><V18/><F129/><W90/><G104/><T121/><D121/><U37/><E99/><V111/><F111/><W53/><G51/><T100/><D100/><U5/><E5/><V117/><F117/><W134/><G134/><T8/><D8/><U89/><E78/><V27/><F23/><N who="3" m="8779" /><G49/><T41/><D41/><U126/><E126/><V31/><F82/><N who="3" m="49239" /><G25/><T72/><D63/><U35/><REACH who="1" step="1"/><E68/><REACH who="1" ten="105,374,241,260" step="2"/><V133/><F133/><W12/><G13/><T107/><D66/><U56/><E56/><V28/><F28/><AGARI ba="3,2" hai="26,28,35,37,38,39,42,45,52,59,61,81,87,89" machi="28" ten="40,18000,2" yaku="1,1,52,3,54,1,53,1" doraHai="71" doraHaiUra="43" who="1" fromWho="2" sc="105,0,374,209,241,-189,260,0" /><INIT seed="1,4,0,1,5,71" ten="105,583,52,260" oya="1" hai0="27,52,38,105,43,9,96,135,127,74,95,77,109" hai1="30,121,3,131,94,5,107,37,0,23,126,69,24" hai2="58,62,81,101,99,44,72,70,78,14,98,119,25" hai3="64,33,112,39,63,113,26,31,61,91,57,10,11"/><U103/><E121/><V21/><F119/><W86/><G39/><T36/><D43/><U108/><E69/><V83/><F70/><W34/><G34/><T132/><D105/><U49/><E107/><V93/><F98/><W68/><G10/><T88/><D109/><U13/><E37/><V60/><F44/><W116/><G11/><T87/><D9/><N who="1" m="4271" /><E49/><V114/><F114/><W89/><G89/><T104/><D27/><N who="1" m="16767" /><E94/><V79/><F14/><W15/><G15/><T56/><D74/><U124/><E103/><V106/><F106/><W45/><G45/><T117/><D117/><U75/><E75/><V28/><REACH who="2" step="1"/><F58/><REACH who="2" ten="105,583,42,260" step="2"/><W7/><G116/><T6/><D104/><U97/><E97/><V118/><F118/><W4/><G113/><T82/><D127/><N who="1" m="48683" /><E108/><V46/><F46/><W51/><G112/><T133/><D6/><U102/><E102/><V8/><F8/><W59/><G4/><T84/><D96/><U12/><E12/><V76/><F76/><W123/><G7/><T53/><D56/><U2/><E24/><V22/><F22/><W67/><G68/><T41/><D41/><U100/><E100/><V47/><F47/><W115/><G115/><T20/><D20/><U17/><E131/><V19/><F19/><AGARI ba="4,1" hai="0,2,3,17,19" m="48683,16767,4271" machi="19" ten="40,7700,0" yaku="18,1,34,2" doraHai="71" who="1" fromWho="2" sc="105,0,583,99,42,-89,260,0" owari="105,-29.5,682,78.2,-47,-54.7,260,6.0" /></mjloggm>