<mjloggm ver="2.3"><GO type="225" lobby="0"/><UN n0="%E3%81%A1%E3%82%83%E3%81%93%E3%81%93" n1="%6D%61%74%69%67%75%73%61" n2="%E5%91%A8%E6%9D%B1" n3="%E6%80%AA%E3%81%97%E3%81%99%E3%81%8E%E3%82%8B%E3%83%81%E3%83%BC" dan="16,17,16,16" rate="2157.28,2109.73,2205.36,2058.80" sx="F,M,M,M"/><TAIKYOKU oya="0"/><INIT seed="0,0,0,3,2,8" ten="250,250,250,250" oya="0" hai0="15,67,98,78,81,9,69,28,47,30,38,74,101" hai1="87,114,56,61,65,127,2,20,55,35,12,24,57" hai2="112,68,116,26,95,77,103,51,31,53,97,90,130" hai3="50,64,133,122,70,27,93,41,32,37,0,10,129"/><T83/><D83/><U62/><E2/><V5/><F130/><W44/><G133/><T4/><D67/><U79/><E127/><V94/><F116/><W63/><G129/><T58/><D58/><U19/><E114/><V23/><F112/><W82/><G122/><T29/><D69/><U33/><E79/><V73/><F68/><W36/><G82/><T34/><D38/><U6/><E6/><V48/><F5/><W46/><G10/><T124/><D124/><U120/><E120/><V135/><F135/><W89/><G0/><T22/><D47/><U119/><E119/><V49/><F73/><W115/><G115/><T105/><REACH who="0" step="1"/><D22/><REACH who="0" ten="240,250,250,250" step="2"/><U86/><E33/><AGARI ba="0,1" hai="4,9,15,28,29,30,33,34,74,78,81,98,101,105" machi="33" ten="40,7700,0" yaku="1,1,2,1,52,1,53,0" doraHai="8" doraHaiUra="39" who="0" fromWho="1" sc="240,87,250,-77,250,0,250,0" /><INIT seed="0,1,0,4,1,64" ten="327,173,250,250" oya="0" hai0="13,103,116,128,105,66,45,79,59,19,67,73,130" hai1="31,60,4,43,121,48,132,28,46,37,33,51,113" hai2="120,85,80,131,71,88,7,50,90,74,118,35,98" hai3="78,24,18,5,29,135,81,104,20,57,36,124,126"/><T123/><D123/><U58/><E121/><V109/><F120/><W127/><G135/><T93/><D116/><U2/><E132/><V94/><F118/><W91/><G104/><T100/><D105/><U62/><E113/><V92/><F35/><W112/><G36/><T107/><D107/><U65/><E33/><V70/><F109/><W95/><G112/><T15/><D45/><U39/><E4/><V117/><F117/><W114/><G5/><T76/><D93/><U55/><E28/><V47/><F131/><W108/><G108/><T17/><D59/><N who="1" m="33279" /><E31/><V77/><REACH who="2" step="1"/><F7/><REACH who="2" ten="327,173,240,250" step="2"/><W75/><G114/><T54/><D130/><U53/><E2/><V119/><F119/><W40/><G124/><T56/><D128/><U42/><E42/><AGARI ba="1,1" hai="42,47,50,70,71,74,77,80,85,88,90,92,94,98" machi="42" ten="30,8000,1" yaku="1,1,7,1,52,2,54,1,53,0" doraHai="64" doraHaiUra="14" who="2" fromWho="1" sc="327,0,173,-83,240,93,250,0" /><INIT seed="1,0,0,0,0,48" ten="327,90,333,250" oya="1" hai0="9,111,62,44,40,14,81,116,118,110,65,117,133" hai1="97,68,4,31,21,93,5,70,85,13,23,77,55" hai2="103,33,127,102,91,106,57,26,119,42,83,61,54" hai3="0,98,122,67,39,51,36,90,28,17,115,120,56"/><U129/><E129/><V24/><F119/><W76/><G115/><T2/><D2/><U6/><E68/><V112/><F127/><W29/><G0/><T27/><D27/><N who="2" m="10282" /><F106/><W135/><G135/><T123/><D81/><N who="1" m="47279" /><E70/><V74/><F74/><W38/><G76/><T86/><D86/><U108/><E108/><N who="0" m="41513" /><D133/><U50/><E31/><V35/><F35/><W71/><G17/><N who="0" m="8399" /><D123/><U101/><E13/><V32/><F32/><W8/><G8/><T94/><D94/><U41/><E41/><V96/><F33/><W37/><G120/><T78/><D78/><U125/><E125/><V114/><F42/><W134/><G122/><T109/><D109/><U92/><E93/><N who="2" m="56383" /><F83/><W132/><G29/><T75/><D75/><U34/><E34/><V131/><F131/><W126/><G28/><T47/><D40/><U1/><E1/><V130/><F130/><W16/><G126/><T64/><D64/><U121/><E121/><V30/><F30/><W104/><G104/><T95/><D95/><U60/><E60/><V22/><F22/><W100/><G71/><AGARI ba="0,0" hai="44,47,62,65,71,116,117,118" m="8399,41513" machi="71" ten="40,1300,0" yaku="14,1" doraHai="48" who="0" fromWho="3" sc="327,13,90,0,333,0,250,-13" /><INIT seed="2,0,0,0,2,88" ten="340,90,333,237" oya="2" hai0="93,50,100,106,48,54,73,94,62,126,33,47,114" hai1="44,60,13,67,101,56,1,74,109,22,45,132,27" hai2="131,30,24,110,43,52,7,63,11,77,39,78,58" hai3="108,99,97,51,40,76,96,66,125,53,81,116,117"/><V16/><F131/><W104/><G108/><T107/><D114/><U127/><E1/><V69/><F69/><W65/><G125/><T35/><D73/><U57/><E74/><V3/><F110/><W38/><G104/><T122/><D62/><U2/><E2/><V79/><F16/><W20/><G20/><T29/><D122/><U14/><E132/><V25/><REACH who="2" step="1"/><F30/><REACH who="2" ten="340,90,323,237" step="2"/><W41/><G116/><T83/><D29/><U64/><E109/><V89/><F89/><W113/><G117/><T49/><D126/><U0/><E127/><V80/><F80/><W103/><G113/><T98/><D83/><U55/><E101/><V6/><F6/><W5/><G5/><T91/><D106/><U120/><E120/><V26/><F26/><W72/><G103/><T129/><D107/><U19/><E0/><V85/><F85/><W61/><G81/><T71/><D71/><U95/><E27/><V18/><F18/><W10/><G72/><T135/><D129/><U90/><E14/><V37/><F37/><W119/><G38/><T112/><D112/><U9/><E9/><V32/><F32/><W82/><G10/><T12/><D12/><U46/><REACH who="1" step="1"/><E57/><REACH who="1" ten="340,80,323,237" step="2"/><V86/><F86/><AGARI ba="0,2" hai="13,19,22,44,45,46,55,56,60,64,67,86,90,95" machi="86" ten="40,8000,1" yaku="1,1,2,1,8,1,52,1,53,0" doraHai="88" doraHaiUra="68" who="1" fromWho="2" sc="340,0,80,100,323,-80,237,0" /><INIT seed="3,0,0,5,3,116" ten="340,180,243,237" oya="3" hai0="76,27,22,131,99,88,72,103,10,118,81,55,110" hai1="75,91,21,89,123,62,35,41,12,39,115,29,42" hai2="23,36,24,47,108,66,37,105,56,58,61,45,32" hai3="28,31,130,53,68,69,7,109,82,9,51,113,18"/><W54/><G113/><T80/><D118/><U133/><E115/><V107/><F32/><W30/><G130/><T5/><D110/><U93/><E75/><V124/><F108/><W26/><G109/><T6/><D131/><U100/><E35/><V77/><F77/><W106/><G106/><T63/><D80/><U122/><E133/><V85/><F85/><W70/><G82/><T38/><D38/><U4/><E100/><V50/><F124/><W117/><G117/><T3/><D6/><U90/><E93/><V13/><F13/><W33/><G54/><T111/><D88/><U49/><E39/><V114/><F114/><W64/><G64/><T1/><D63/><U59/><E29/><V96/><F96/><W19/><G26/><T8/><D55/><U87/><E87/><V73/><F73/><W97/><G97/><T125/><D125/><U46/><E41/><V44/><F107/><W98/><G98/><T15/><D10/><U57/><E57/><V132/><F105/><W67/><G67/><T43/><D43/><U25/><E25/><V95/><F95/><W65/><G65/><T101/><D111/><U92/><E92/><V83/><F83/><W104/><G104/><T134/><D99/><U14/><E14/><V78/><F132/><W112/><G33/><T84/><D134/><U129/><E129/><V48/><F24/><W20/><G28/><N who="0" m="17527" /><D72/><U135/><E135/><V71/><F66/><W2/><G30/><T126/><D126/><U94/><E94/><V128/><F128/><W16/><G112/><T102/><D102/><U11/><E21/><RYUUKYOKU ba="0,0" sc="340,15,180,15,243,-15,237,-15" hai0="1,3,5,8,15,76,81,84,101,103" hai1="4,11,12,42,46,49,59,62,89,90,91,122,123" owari="355,45.5,195,-30.5,228,2.8,222,-17.8" /></mjloggm>