<mjloggm ver="2.3"><GO type="225" lobby="0"/><UN n0="%72%65%6E%6B%75%6E" n1="%E3%81%95%E3%81%8D%E3%81%9F%E3%81%BE%E6%9E%97%E6%AA%8E" n2="%E3%82%A4%E3%83%BC%E3%82%B1%E3%83%97%E3%83%A9" n3="%77%72%77%72%77%72%77%72" dan="17,16,16,16" rate="2173.79,2102.12,2110.50,2098.46" sx="M,M,M,M"/><TAIKYOKU oya="0"/><INIT seed="0,0,0,2,1,125" ten="250,250,250,250" oya="0" hai0="10,44,74,75,100,129,7,132,83,15,127,63,22" hai1="11,28,9,67,78,108,95,55,39,123,118,23,17" hai2="35,90,135,66,60,52,110,30,111,32,107,26,133" hai3="42,81,46,1,34,99,86,21,76,116,13,20,8"/><T68/><D127/><U24/><E118/><V73/><F73/><W53/><G34/><T93/><D132/><N who="2" m="50762" /><F107/><W97/><G116/><T18/><D44/><U121/><E108/><N who="2" m="41515" /><F90/><W36/><G53/><T0/><D83/><U94/><E39/><V2/><F2/><W82/><G82/><T89/><D100/><U14/><E67/><V109/><N who="2" m="41523" /><V41/><DORA hai="102" /><F41/><W57/><G57/><T6/><D6/><U16/><E78/><V114/><F114/><W4/><REACH who="3" step="1"/><G1/><REACH who="3" ten="250,250,250,240" step="2"/><T12/><D0/><U72/><E123/><V96/><F52/><W59/><G59/><T33/><D33/><U126/><E121/><V77/><F35/><W103/><G103/><T115/><D115/><U91/><E126/><V119/><F119/><W120/><G120/><T64/><REACH who="0" step="1"/><D129/><REACH who="0" ten="240,250,250,240" step="2"/><U58/><E72/><V122/><F122/><W61/><G61/><T29/><D29/><U80/><E80/><V54/><F77/><W3/><G3/><T70/><D70/><U51/><E91/><V40/><F40/><W134/><G134/><T105/><D105/><U131/><E131/><V130/><F130/><W47/><G47/><T50/><D50/><U117/><E117/><V27/><F30/><W84/><G84/><AGARI ba="0,2" hai="7,10,12,15,18,22,63,64,68,74,75,84,89,93" machi="84" ten="30,5800,0" yaku="1,1,7,1,53,1" doraHai="125,102" doraHaiUra="112,65" who="0" fromWho="3" sc="240,78,250,0,250,0,240,-58" /><INIT seed="0,1,0,3,2,75" ten="318,250,250,182" oya="0" hai0="114,42,64,10,46,12,49,73,79,72,13,29,96" hai1="102,118,66,18,45,82,59,56,71,115,33,48,95" hai2="87,132,2,54,70,67,51,120,83,97,117,76,4" hai3="80,39,26,112,62,116,122,124,106,20,44,68,84"/><T27/><D114/><U6/><E33/><V65/><F120/><W128/><G112/><T91/><D64/><U74/><E115/><V1/><F132/><W60/><G116/><T131/><D131/><U85/><E118/><V17/><F117/><W78/><G128/><T90/><D13/><U103/><E74/><V53/><F4/><W121/><G106/><T24/><D24/><U38/><E38/><V113/><F113/><W111/><G111/><T19/><D96/><U94/><E71/><V86/><F97/><W15/><G15/><T8/><D8/><U133/><E133/><V88/><F70/><W89/><G124/><T50/><D49/><U105/><E105/><V63/><F17/><W5/><G5/><T37/><D37/><U101/><E6/><V40/><F40/><W108/><G108/><T47/><D47/><U126/><E18/><V35/><F35/><W92/><G44/><T107/><D107/><U77/><E126/><V9/><F9/><W130/><G39/><T34/><REACH who="0" step="1"/><D73/><REACH who="0" ten="308,250,250,182" step="2"/><U93/><REACH who="1" step="1"/><E66/><REACH who="1" ten="308,240,250,182" step="2"/><V104/><F104/><W98/><G130/><T109/><D109/><U11/><E11/><V134/><F134/><W7/><G7/><T28/><D28/><U43/><AGARI ba="1,2" hai="43,45,48,56,59,77,82,85,93,94,95,101,102,103" machi="43" ten="30,8000,1" yaku="1,1,0,1,8,1,52,1,53,1" doraHai="75" doraHaiUra="81" who="1" fromWho="1" sc="308,-41,240,103,250,-21,182,-21" /><INIT seed="1,0,0,4,4,69" ten="267,343,229,161" oya="1" hai0="123,23,4,54,72,26,59,47,13,129,3,70,102" hai1="130,51,71,85,122,19,131,53,22,120,86,60,135" hai2="124,35,34,41,84,17,133,45,38,80,24,56,113" hai3="2,108,58,8,11,61,28,76,39,10,128,94,40"/><U9/><E9/><V104/><F104/><W83/><G108/><T1/><D70/><U37/><E135/><V5/><F133/><W89/><G128/><N who="1" m="49194" /><E86/><V12/><F124/><W110/><G110/><T117/><D72/><U33/><E33/><V91/><F113/><W114/><G28/><T44/><D4/><U62/><E85/><V50/><F5/><W119/><G119/><T125/><D3/><U81/><E81/><V90/><F90/><W14/><G114/><T30/><D1/><U87/><E87/><V6/><F6/><W66/><G2/><T21/><D21/><U121/><E19/><V0/><F0/><W25/><G25/><T98/><D23/><U96/><E96/><V43/><F43/><W79/><G14/><T15/><D98/><U55/><E22/><V57/><F50/><W118/><G118/><T74/><D74/><U116/><E116/><V134/><F134/><W78/><G40/><T52/><D117/><U105/><E105/><V31/><REACH who="2" step="1"/><F35/><REACH who="2" ten="267,343,219,161" step="2"/><W29/><G29/><T63/><D30/><U20/><E51/><V95/><F95/><W111/><G111/><T75/><D129/><U68/><E122/><V16/><F16/><W77/><N who="3" m="19456" /><DORA hai="67" /><W103/><G83/><T97/><D75/><U65/><E121/><V109/><F109/><W42/><G103/><T88/><D102/><U82/><E120/><V126/><F126/><W106/><G106/><T93/><D125/><U92/><E92/><V100/><F100/><W112/><G112/><T115/><D115/><U73/><E82/><V49/><F49/><W127/><G127/><RYUUKYOKU ba="0,1" sc="267,-10,343,-10,219,30,161,-10" hai2="12,17,24,31,34,38,41,45,56,57,80,84,91" /><INIT seed="2,1,1,5,1,109" ten="257,333,249,151" oya="2" hai0="12,123,31,44,2,20,59,89,53,70,47,27,130" hai1="13,100,99,28,0,55,102,118,107,15,94,86,5" hai2="18,46,88,97,63,48,11,61,72,32,98,7,21" hai3="30,54,73,19,108,41,24,93,49,45,117,40,96"/><V4/><F32/><W56/><G108/><T125/><D70/><U23/><E118/><V79/><F72/><W114/><G117/><T1/><D123/><U43/><E43/><V120/><F79/><W103/><G73/><T78/><D78/><U91/><E0/><V110/><F120/><W90/><G19/><T85/><D130/><U121/><E121/><V64/><F110/><W71/><G71/><T83/><D125/><U92/><E107/><V17/><F11/><W82/><G114/><T29/><D29/><U106/><E106/><V115/><F115/><W10/><G10/><T124/><D124/><U62/><E102/><V35/><F35/><W84/><REACH who="3" step="1"/><G45/><REACH who="3" ten="257,333,249,141" step="2"/><T81/><D2/><U36/><E5/><V80/><F18/><W129/><G129/><T42/><D1/><U52/><E28/><V26/><F4/><W38/><G38/><T25/><D47/><U133/><E36/><V50/><F7/><W75/><G75/><T39/><D12/><U58/><E15/><V101/><F46/><W131/><G131/><T65/><D27/><U9/><E9/><V69/><F17/><W74/><G74/><T116/><D116/><U51/><E13/><V68/><F26/><W127/><G127/><T67/><D44/><U3/><E3/><V95/><F21/><AGARI ba="1,2" hai="21,24,30,40,41,49,54,56,82,84,90,93,96,103" machi="21" ten="30,3900,0" yaku="1,1,7,1,8,1,53,0" doraHai="109" doraHaiUra="14" who="3" fromWho="2" sc="257,0,333,0,249,-42,141,62" /><INIT seed="3,0,0,3,1,106" ten="257,333,207,203" oya="3" hai0="91,14,57,13,129,18,69,112,60,55,5,108,16" hai1="20,101,22,73,4,102,39,121,48,15,7,46,123" hai2="26,32,77,95,130,105,71,111,31,38,78,72,88" hai3="83,28,124,86,107,56,58,27,103,113,17,80,127"/><W11/><G113/><T119/><D119/><U54/><E73/><V100/><F71/><W96/><G11/><N who="0" m="4335" /><D112/><U2/><E2/><V74/><F38/><W109/><G17/><N who="0" m="6763" /><D69/><U76/><E39/><V24/><F111/><W132/><G109/><T42/><D108/><U66/><E66/><V82/><F130/><W35/><G132/><T53/><D129/><U104/><E104/><V68/><F68/><W135/><G135/><T29/><D29/><U115/><E76/><V125/><F125/><N who="3" m="48203" /><G83/><T98/><D42/><U12/><E115/><V116/><F116/><W25/><G27/><T67/><D14/><N who="1" m="5163" /><E123/><V33/><F26/><W97/><G97/><T64/><D53/><U47/><E121/><V126/><F126/><W34/><G34/><T99/><D99/><U37/><E37/><V87/><F33/><W36/><G36/><T63/><D63/><U30/><E30/><V62/><F62/><W85/><G85/><T6/><D6/><U43/><E7/><V50/><F50/><W3/><G3/><T10/><D10/><U79/><E4/><V23/><F32/><W75/><G75/><T134/><D134/><U122/><E122/><V117/><F117/><W92/><G107/><T65/><D98/><U8/><E8/><V110/><F110/><W118/><G118/><T19/><N who="0" m="6771" /><T84/><DORA hai="40" /><D65/><U70/><E70/><V120/><F120/><W128/><G128/><T1/><D1/><U59/><E79/><AGARI ba="0,0" hai="25,28,35,56,58,79,80,86,92,96,103" m="48203" machi="79" ten="30,1500,0" yaku="18,1" doraHai="106,40" who="3" fromWho="1" sc="257,0,333,-15,207,0,203,15" /><INIT seed="3,1,0,2,1,43" ten="257,318,207,218" oya="3" hai0="50,84,46,82,23,75,119,14,94,57,86,66,44" hai1="109,65,18,72,6,73,32,38,131,55,125,64,12" hai2="39,120,47,45,105,17,112,129,58,59,41,4,11" hai3="63,54,76,101,107,24,83,13,96,134,106,52,114"/><W115/><G107/><T85/><D119/><U104/><E104/><V91/><F112/><W98/><G98/><T56/><D75/><U77/><E38/><V69/><F69/><W70/><G134/><T79/><D66/><U93/><E32/><V19/><F129/><W88/><G13/><T15/><D15/><U89/><E131/><V22/><F105/><W21/><G88/><N who="0" m="53527" /><D85/><U49/><E125/><V62/><F120/><W132/><G132/><T30/><D46/><N who="2" m="17418" /><F41/><W67/><G114/><T95/><D95/><U111/><E93/><V26/><F39/><W123/><G123/><T7/><D30/><U130/><E130/><V33/><F33/><W68/><G68/><T5/><D23/><U126/><E126/><V103/><F103/><W3/><G3/><T29/><D29/><U81/><E73/><V71/><F71/><W118/><G118/><T116/><D116/><U37/><E37/><V124/><F124/><W61/><G61/><T2/><D2/><U90/><E72/><V60/><F4/><N who="0" m="1610" /><D14/><U122/><E12/><N who="2" m="7327" /><F91/><W121/><G121/><T34/><D34/><U9/><E90/><V48/><F59/><W113/><G113/><T80/><D80/><U78/><E81/><V133/><F133/><W25/><G115/><T117/><D117/><U100/><E89/><V8/><F8/><W0/><G0/><T135/><D135/><U110/><E9/><V99/><F99/><W31/><G24/><T10/><D10/><U108/><E108/><V16/><F19/><W40/><G40/><AGARI ba="1,0" hai="40,44,50,56,57,79,82,84" m="1610,53527" machi="40" ten="30,3900,0" yaku="8,1,52,1,54,1" doraHai="43" who="0" fromWho="3" sc="257,42,318,0,207,0,218,-42" owari="299,9.9,318,41.8,207,-19.3,176,-32.4" /></mjloggm>