<mjloggm ver="2.3"><GO type="225" lobby="0"/><UN n0="%53%61%63%68%69%30%34" n1="%E6%A1%9C%E8%8A%B1%E9%96%83%E3%80%85" n2="%E3%83%A9%E3%82%B9%E7%8E%87%EF%BC%93%E5%89%B2" n3="%E3%83%81%E3%83%83%E3%82%BF%E3%82%BD%E3%83%BC" dan="16,17,17,17" rate="2091.55,2182.04,2199.74,2229.58" sx="M,M,F,F"/><TAIKYOKU oya="0"/><INIT seed="0,0,0,0,3,121" ten="250,250,250,250" oya="0" hai0="5,123,82,15,134,50,19,95,47,117,128,87,0" hai1="113,13,43,86,107,114,92,88,55,100,97,53,60" hai2="4,26,9,112,126,25,79,42,63,122,133,119,129" hai3="36,130,24,30,70,35,99,101,68,45,116,73,102"/><T106/><D106/><U14/><E43/><V124/><F122/><W40/><G102/><T67/><D123/><U33/><E33/><V27/><F42/><W109/><G116/><T64/><D117/><U85/><E85/><V6/><F119/><W20/><G20/><T94/><D0/><U98/><E98/><V90/><F79/><W81/><G130/><T28/><D5/><U59/><REACH who="1" step="1"/><E55/><REACH who="1" ten="250,240,250,250" step="2"/><V1/><F129/><W66/><G66/><T3/><D87/><U110/><E110/><V22/><F133/><W103/><G103/><T23/><D67/><U29/><E29/><V32/><F32/><W75/><G109/><T38/><D28/><U96/><E96/><V52/><F112/><AGARI ba="0,1" hai="13,14,53,59,60,86,88,92,97,100,107,112,113,114" machi="112" ten="40,5200,0" yaku="1,1,11,1,54,1,53,0" doraHai="121" doraHaiUra="104" who="1" fromWho="2" sc="250,0,240,62,250,-52,250,0" /><INIT seed="1,0,0,5,2,95" ten="250,302,198,250" oya="1" hai0="60,133,17,97,30,105,65,12,22,125,91,100,93" hai1="110,112,26,131,120,50,21,63,106,27,128,118,54" hai2="113,44,57,5,29,76,11,51,116,92,34,6,75" hai3="83,20,132,80,98,3,119,39,10,89,49,73,42"/><U56/><E112/><V126/><F113/><W43/><G132/><T0/><D133/><U61/><E118/><V68/><F116/><W13/><G119/><T87/><D125/><U18/><E120/><V40/><F68/><W134/><G134/><T19/><D0/><U81/><E110/><V41/><F126/><W94/><G39/><T85/><D30/><U108/><E108/><V86/><F75/><W72/><G3/><T35/><D35/><U37/><E37/><V104/><F104/><W16/><G72/><T55/><D55/><U14/><E106/><V70/><F70/><W62/><G62/><N who="1" m="23562" /><E81/><N who="3" m="31306" /><G73/><T38/><D38/><U23/><E23/><V64/><F34/><W25/><G49/><T130/><D130/><AGARI ba="0,0" hai="14,18,21,26,27,50,54,56,128,130,131" m="23562" machi="130" ten="30,1500,0" yaku="19,1" doraHai="95" who="1" fromWho="0" sc="250,-15,302,15,198,0,250,0" /><INIT seed="1,1,0,4,3,65" ten="235,317,198,250" oya="1" hai0="82,76,70,71,23,133,6,29,53,46,122,98,24" hai1="57,72,73,51,25,79,87,44,7,116,128,14,31" hai2="131,104,112,28,74,12,124,49,101,40,11,135,88" hai3="117,42,119,38,85,123,97,37,43,120,125,94,20"/><U4/><E116/><N who="3" m="44618" /><G85/><T19/><D133/><U115/><E115/><V17/><F74/><W16/><G125/><T84/><D122/><N who="3" m="46633" /><G42/><T75/><D6/><U47/><E128/><V52/><F131/><W3/><G43/><T27/><D98/><U95/><E72/><V91/><F135/><W114/><G3/><T56/><D46/><N who="1" m="17451" /><E73/><V2/><F124/><W89/><G114/><T127/><D127/><U69/><E69/><V132/><F132/><W105/><G105/><T61/><REACH who="0" step="1"/><D75/><REACH who="0" ten="225,317,198,250" step="2"/><U118/><E118/><V21/><F112/><W63/><G38/><T55/><D55/><U13/><E4/><V66/><F40/><W90/><G37/><T1/><D1/><U80/><E7/><V10/><F2/><W102/><G63/><T92/><D92/><U18/><E95/><V48/><F104/><W78/><G102/><T109/><D109/><U99/><E99/><V59/><F101/><W64/><G94/><T58/><D58/><U8/><E57/><V0/><F0/><W45/><G97/><T5/><D5/><U126/><E126/><V121/><F121/><W106/><G45/><T77/><D77/><U62/><E62/><N who="2" m="38239" /><F49/><W103/><G106/><T54/><D54/><U108/><E51/><V68/><F48/><W93/><G78/><T34/><AGARI ba="1,1" hai="19,23,24,27,29,34,53,56,61,70,71,76,82,84" machi="34" ten="20,12000,2" yaku="1,1,0,1,7,1,52,2,53,1" doraHai="65" doraHaiUra="50" who="0" fromWho="0" sc="225,133,317,-61,198,-31,250,-31" /><INIT seed="2,0,0,4,3,56" ten="358,256,167,219" oya="2" hai0="126,111,62,123,89,94,25,72,127,38,33,51,73" hai1="112,88,61,22,66,60,103,31,45,69,26,96,128" hai2="6,98,97,100,90,32,75,29,28,68,36,50,132" hai3="5,58,129,83,116,18,76,9,20,87,8,134,122"/><V113/><F113/><W19/><G134/><T135/><D38/><U23/><E112/><V84/><F132/><W85/><G129/><T11/><D135/><U106/><E128/><V82/><F36/><W10/><G116/><T71/><D51/><U114/><E114/><V21/><F32/><W13/><G122/><T3/><D123/><U74/><E74/><V35/><F35/><W108/><G108/><T12/><D3/><U48/><E88/><V41/><F68/><W110/><G110/><T107/><D107/><U4/><E4/><V24/><F75/><W55/><G87/><T80/><D80/><U59/><E45/><N who="2" m="25903" /><F6/><W1/><REACH who="3" step="1"/><G18/><REACH who="3" ten="358,256,167,209" step="2"/><T79/><D111/><U42/><E42/><V37/><F37/><W44/><G44/><T15/><D73/><U70/><E48/><AGARI ba="0,1" hai="1,5,8,9,10,13,19,20,48,55,58,76,83,85" machi="48" ten="30,2000,0" yaku="1,1,7,1,53,0" doraHai="56" doraHaiUra="27" who="3" fromWho="1" sc="358,0,256,-20,167,0,209,30" /><INIT seed="3,0,0,3,0,72" ten="358,236,167,239" oya="3" hai0="106,71,133,51,134,104,132,126,15,117,121,110,115" hai1="30,60,19,32,96,6,49,8,42,105,109,90,102" hai2="0,79,41,86,89,67,127,83,64,76,52,37,129" hai3="22,107,122,77,54,11,68,31,125,17,28,55,2"/><W92/><G107/><T135/><D135/><U85/><E109/><V113/><F113/><W14/><G122/><T87/><D71/><U94/><E19/><V69/><F0/><W29/><G68/><T97/><D110/><U74/><E74/><V75/><F75/><W12/><G125/><T47/><D115/><U9/><E60/><V101/><F127/><W34/><G2/><T98/><D126/><U120/><E120/><V73/><F73/><W24/><G77/><N who="2" m="29769" /><F37/><W124/><G124/><T103/><D121/><U58/><E42/><V26/><F69/><W3/><G3/><T48/><D87/><U38/><E38/><V66/><F129/><W82/><G82/><T45/><D15/><U61/><E49/><N who="0" m="19017" /><D117/><U10/><E30/><V18/><F41/><W119/><G119/><T59/><D59/><U93/><E32/><V4/><F4/><N who="3" m="3175" /><G34/><T46/><D46/><U56/><E56/><V53/><F101/><AGARI ba="0,0" hai="45,47,97,98,101,103,104,106,132,133,134" m="19017" machi="101" ten="40,1300,0" yaku="20,1" doraHai="72" who="0" fromWho="2" sc="358,13,236,0,167,-13,239,0" owari="371,47.1,236,-16.4,154,-34.6,239,3.9" /></mjloggm>