<mjloggm ver="2.3"><GO type="225" lobby="0"/><UN n0="%E3%82%AF%E3%82%A3%E3%82%A6" n1="%E6%B2%B3%E7%AB%A5%E3%81%AE%E3%83%AF%E3%82%AB%E3%83%9E%E3%83%84" n2="%E7%99%BD%E5%80%89%E5%AF%9B%E4%B9%8B" n3="%E3%81%8B%E3%82%8F%E3%81%A1%E3%82%83%E3%82%93%35%38" dan="16,18,16,16" rate="2071.23,2237.25,2154.57,2171.12" sx="M,M,M,M"/><TAIKYOKU oya="0"/><INIT seed="0,0,0,5,5,121" ten="250,250,250,250" oya="0" hai0="55,62,48,30,68,90,23,130,59,72,131,14,93" hai1="35,24,107,97,114,1,25,133,40,36,110,0,15" hai2="77,92,6,79,27,31,113,115,34,71,38,88,86" hai3="101,94,111,52,132,19,20,61,76,11,84,73,83"/><T70/><D72/><U49/><E36/><V60/><F38/><W105/><G132/><T5/><D5/><U7/><E107/><V75/><F6/><W64/><G105/><T33/><D33/><U123/><E97/><V65/><REACH who="2" step="1"/><F75/><REACH who="2" ten="250,250,240,250" step="2"/><W21/><G73/><T85/><D30/><U39/><E39/><V26/><F26/><W53/><G111/><T29/><D29/><U82/><E24/><V57/><F57/><N who="3" m="36911" /><G11/><T44/><D70/><U22/><E7/><V69/><F69/><W3/><G3/><T127/><D127/><U17/><E110/><V56/><F56/><W42/><G42/><T54/><REACH who="0" step="1"/><D68/><REACH who="0" ten="240,250,240,250" step="2"/><U10/><E133/><V63/><F63/><W58/><G19/><AGARI ba="0,2" hai="14,19,23,44,48,54,55,59,62,85,90,93,130,131" machi="19" ten="40,7700,0" yaku="1,1,2,1,53,1" doraHai="121" doraHaiUra="91" who="0" fromWho="3" sc="240,97,250,0,240,0,250,-77" /><INIT seed="0,1,0,1,3,2" ten="337,250,240,173" oya="0" hai0="115,71,103,42,34,32,121,104,16,120,133,20,119" hai1="7,27,19,10,123,131,46,135,130,61,29,126,18" hai2="5,102,66,0,43,30,36,74,105,113,117,77,14" hai3="58,81,89,134,53,93,73,6,25,44,100,87,94"/><T63/><D119/><U47/><E61/><V112/><F14/><W49/><G134/><T39/><D115/><U107/><E107/><V92/><F66/><W83/><G73/><T8/><D133/><U97/><E97/><N who="2" m="61647" /><F30/><W109/><G109/><T128/><D128/><N who="1" m="49195" /><E135/><V12/><F12/><W124/><G124/><T57/><D8/><U75/><E75/><V95/><F95/><W90/><G100/><T17/><D71/><U69/><E69/><V52/><F52/><W99/><G6/><T110/><D110/><U129/><E123/><V33/><F92/><W45/><REACH who="3" step="1"/><G25/><REACH who="3" ten="337,250,240,163" step="2"/><T132/><D103/><U50/><E126/><V65/><F112/><W24/><G24/><T101/><D132/><U79/><E129/><V13/><F113/><W37/><G37/><T88/><D101/><U76/><E27/><V4/><F4/><W60/><G60/><T84/><D39/><U68/><E7/><V62/><F62/><W9/><G9/><T125/><D63/><U98/><E10/><N who="2" m="2343" /><F65/><W106/><G106/><T40/><D88/><U111/><E111/><V118/><F13/><W127/><G127/><T1/><D104/><U85/><E79/><V82/><F33/><W22/><G22/><T72/><D20/><U80/><E76/><V23/><F23/><W91/><G91/><T114/><D125/><U116/><E116/><V64/><F64/><W35/><G35/><T78/><D34/><U108/><E108/><V11/><F11/><W55/><G55/><T96/><D32/><U56/><E50/><V28/><F28/><W67/><G67/><T51/><D114/><RYUUKYOKU ba="1,1" sc="337,-15,250,-15,240,15,163,15" hai2="36,43,74,77,82,117,118" hai3="44,45,49,53,58,81,83,87,89,90,93,94,99" /><INIT seed="1,2,1,4,4,115" ten="322,235,255,178" oya="1" hai0="134,105,51,90,27,107,7,35,50,15,97,80,45" hai1="129,99,75,79,31,87,96,88,83,113,93,34,10" hai2="120,84,53,28,82,32,71,16,69,72,39,117,46" hai3="19,41,36,1,21,8,2,26,122,48,54,68,125"/><U89/><E113/><V104/><F104/><W66/><G122/><T78/><D134/><U5/><E129/><V74/><F120/><W119/><G125/><T40/><D51/><U43/><E43/><V33/><F117/><W127/><G127/><T37/><D37/><U106/><E106/><V12/><F71/><W42/><G42/><T85/><D35/><U55/><E55/><V44/><F69/><W121/><G121/><T6/><D27/><U67/><E67/><V132/><F132/><W133/><G133/><T86/><D97/><U124/><E124/><V76/><F46/><W103/><G103/><T111/><D111/><U14/><REACH who="1" step="1"/><E89/><REACH who="1" ten="322,225,255,178" step="2"/><V95/><F53/><W24/><G41/><T65/><D65/><U94/><E94/><V108/><F95/><W110/><G66/><T60/><D107/><U47/><E47/><V73/><F44/><W123/><G123/><T62/><D105/><U101/><E101/><V128/><F128/><W126/><G126/><T135/><D135/><U23/><E23/><V92/><F92/><W9/><G68/><T38/><D38/><U30/><E30/><V17/><F39/><W102/><G36/><T98/><D40/><U29/><E29/><V57/><F28/><N who="3" m="17423" /><G102/><T20/><D20/><U64/><E64/><V116/><F33/><W18/><G54/><T25/><D45/><U61/><E61/><V52/><F32/><W56/><G48/><T91/><D50/><U100/><E100/><V22/><F52/><W0/><G56/><T49/><D49/><U131/><E131/><V81/><F57/><W114/><G114/><RYUUKYOKU ba="2,2" sc="322,-10,225,30,255,-10,178,-10" hai1="5,10,14,31,34,75,79,83,87,88,93,96,99" /><INIT seed="1,3,2,3,5,119" ten="312,255,245,168" oya="1" hai0="48,116,70,46,17,2,74,79,92,111,94,135,105" hai1="1,64,56,100,34,16,88,7,93,67,39,31,13" hai2="62,8,26,80,134,77,109,76,91,52,85,118,55" hai3="115,81,114,131,41,6,47,15,68,69,104,120,72"/><U9/><E39/><V0/><F118/><W44/><G15/><T36/><D116/><U98/><E56/><V112/><F109/><W96/><G6/><T130/><D105/><U97/><E31/><V57/><F134/><W60/><G96/><T11/><D111/><U35/><E35/><V40/><F112/><N who="3" m="43051" /><G81/><N who="0" m="45303" /><D70/><N who="3" m="27241" /><G72/><T108/><D108/><U126/><E126/><V21/><F40/><W4/><G4/><N who="0" m="1431" /><D135/><U19/><E34/><V90/><F0/><W43/><G104/><T42/><D130/><U121/><E121/><V45/><F8/><W27/><G27/><T129/><D129/><U82/><E82/><V29/><F77/><W95/><G95/><N who="0" m="36395" /><D48/><AGARI ba="3,2" hai="21,26,29,45,48,52,55,57,62,76,80,85,90,91" machi="48" ten="40,2600,0" yaku="8,1,54,1" doraHai="119" who="2" fromWho="0" sc="312,-35,255,0,245,55,168,0" /><INIT seed="2,0,0,2,2,122" ten="277,255,300,168" oya="2" hai0="116,18,55,97,109,135,32,102,80,127,114,103,87" hai1="91,82,113,49,66,95,48,35,101,0,67,17,120" hai2="86,98,47,53,129,92,39,43,52,25,12,124,57" hai3="10,62,74,16,96,132,59,99,84,37,105,51,78"/><V1/><F1/><W7/><G37/><T26/><D114/><U29/><E113/><V61/><F124/><W130/><G130/><T23/><D116/><U125/><E0/><V100/><F129/><W63/><G132/><T117/><D117/><U14/><E120/><V110/><F110/><W46/><G74/><T33/><D127/><U75/><E125/><V20/><F12/><W54/><G105/><T83/><D135/><U36/><E36/><V128/><F128/><W108/><G63/><T68/><D68/><U123/><E101/><V88/><F53/><W19/><G108/><T90/><D109/><U107/><E107/><V13/><F13/><N who="3" m="5343" /><G84/><T65/><D80/><U28/><E82/><V76/><F76/><W73/><G78/><T111/><D111/><U79/><E79/><V2/><F2/><W24/><G73/><T115/><D115/><U40/><E75/><V42/><F42/><W31/><G31/><T71/><D103/><U8/><E28/><V131/><F131/><W60/><G60/><T93/><D65/><N who="1" m="24587" /><E40/><V134/><F134/><W9/><G9/><T81/><D71/><U15/><E123/><V69/><F69/><W27/><G27/><T34/><REACH who="0" step="1"/><D55/><REACH who="0" ten="267,255,300,168" step="2"/><U3/><E35/><V119/><F119/><W104/><G104/><T106/><AGARI ba="0,1" hai="18,23,26,32,33,34,81,83,87,90,93,97,102,106" machi="106" ten="30,4000,0" yaku="1,1,2,1,0,1,53,0" doraHai="122" doraHaiUra="41" who="0" fromWho="0" sc="267,50,255,-10,300,-20,168,-10" /><INIT seed="3,0,0,5,1,3" ten="317,245,280,158" oya="3" hai0="32,76,38,90,41,49,61,26,114,95,15,81,63" hai1="89,51,88,127,101,91,44,13,68,116,54,113,106" hai2="23,77,11,120,39,4,64,29,128,21,94,122,93" hai3="75,1,103,66,24,100,60,48,117,132,123,79,46"/><W17/><G117/><T98/><D38/><U62/><E113/><V86/><F39/><W74/><G123/><N who="2" m="47145" /><F128/><W2/><G132/><T135/><D135/><U121/><E127/><V43/><F43/><W126/><G126/><T30/><D114/><U25/><E25/><N who="2" m="16559" /><F64/><W28/><G1/><T133/><D133/><U34/><E91/><V27/><F86/><W67/><G2/><T73/><D15/><U53/><E68/><V118/><F77/><W56/><G66/><T7/><D7/><U12/><E13/><N who="2" m="5351" /><F118/><W102/><G17/><AGARI ba="0,0" hai="17,23,27,93,94" m="5351,16559,47145" machi="17" ten="30,2000,0" yaku="13,1,52,1" doraHai="3" who="2" fromWho="3" sc="317,0,245,0,280,20,158,-20" owari="317,41.7,245,-15.5,300,10.0,138,-36.2" /></mjloggm>