<mjloggm ver="2.3"><GO type="225" lobby="0"/><UN n0="%E6%A1%9C%E8%8A%B1%E9%96%83%E3%80%85" n1="%E4%BF%BA%E3%81%A8%E5%A6%96%E5%A4%A2" n2="%E3%81%8B%E3%82%8F%E3%81%A1%E3%82%83%E3%82%93%35%38" n3="%E3%83%81%E3%83%83%E3%82%BF%E3%82%BD%E3%83%BC" dan="17,16,16,17" rate="2187.62,2169.99,2180.41,2199.07" sx="M,F,M,F"/><TAIKYOKU oya="0"/><INIT seed="0,0,0,1,2,128" ten="250,250,250,250" oya="0" hai0="90,115,48,42,124,21,34,82,31,72,104,44,3" hai1="41,74,2,46,67,33,122,101,8,56,69,14,121" hai2="112,17,68,12,5,43,38,100,60,26,77,66,65" hai3="36,96,92,73,132,47,62,24,84,89,97,117,131"/><T59/><D115/><U50/><E2/><V13/><F112/><W54/><G117/><T10/><D34/><U20/><E33/><V45/><F100/><W0/><G131/><T102/><D124/><U127/><E74/><V61/><F5/><W64/><G0/><T37/><D31/><U108/><E127/><V22/><REACH who="2" step="1"/><F77/><REACH who="2" ten="250,250,240,250" step="2"/><W40/><G73/><T120/><D102/><U11/><E101/><V110/><F110/><W133/><G54/><N who="0" m="32199" /><D104/><U130/><E108/><V114/><F114/><W111/><G111/><T16/><D120/><U123/><E130/><V29/><F29/><W94/><G24/><T32/><D90/><U51/><E121/><V134/><F134/><N who="3" m="51819" /><G94/><T119/><D119/><U95/><E95/><V79/><F79/><W76/><G76/><N who="0" m="44295" /><D32/><U81/><E123/><V4/><F4/><W106/><G106/><T98/><D98/><U1/><E122/><V88/><F88/><W83/><G92/><T15/><D3/><U78/><E78/><V18/><F18/><W63/><G64/><T125/><D125/><U71/><E67/><V135/><F135/><W9/><G9/><T6/><D10/><U25/><E8/><V107/><F107/><W19/><G19/><T7/><D7/><U116/><E11/><V55/><F55/><W52/><G52/><T118/><D6/><U70/><E1/><V103/><F103/><W58/><G58/><AGARI ba="0,1" hai="12,13,17,22,26,38,43,45,58,60,61,65,66,68" machi="58" ten="30,2000,0" yaku="1,1,7,1,53,0" doraHai="128" doraHaiUra="75" who="2" fromWho="3" sc="250,0,250,0,240,30,250,-20" /><INIT seed="1,0,0,4,5,11" ten="250,250,270,230" oya="1" hai0="55,45,43,42,95,2,119,88,21,56,73,118,91" hai1="67,121,96,0,129,12,126,38,41,47,131,107,48" hai2="82,81,9,80,68,97,120,79,98,23,34,33,4" hai3="76,109,84,100,87,116,57,99,92,18,134,112,39"/><U46/><E0/><V37/><F37/><W114/><G39/><T70/><D70/><U111/><E121/><V117/><F68/><W25/><G57/><T7/><D73/><U19/><E126/><V83/><F120/><W85/><G25/><T72/><D72/><U62/><E107/><V64/><F64/><W5/><G5/><T124/><D124/><U110/><E96/><V71/><F71/><W132/><G18/><T89/><D95/><U49/><E62/><V31/><F117/><W32/><G32/><T130/><D130/><N who="1" m="49675" /><E67/><V127/><F127/><W108/><G116/><T133/><D2/><U35/><E35/><V27/><F34/><W8/><G76/><T15/><D91/><U102/><E102/><V103/><F33/><W10/><G8/><T28/><D89/><U52/><E38/><V30/><F103/><W75/><G10/><AGARI ba="0,0" hai="10,12,19,41,46,47,48,49,52,110,111" m="49675" machi="10" ten="30,5800,0" yaku="19,1,52,1,54,1" doraHai="11" who="1" fromWho="3" sc="250,0,250,58,270,0,230,-58" /><INIT seed="1,1,0,2,3,88" ten="250,308,270,172" oya="1" hai0="24,9,125,18,51,31,41,5,104,45,35,52,7" hai1="90,27,79,129,110,81,102,70,66,58,115,113,37" hai2="64,80,55,60,128,111,107,34,132,22,25,119,53" hai3="109,98,105,97,82,40,93,13,114,44,16,3,77"/><U89/><E70/><V118/><F107/><W95/><G109/><T120/><D125/><U63/><E37/><V8/><F34/><W135/><G114/><T96/><D120/><U117/><E117/><V91/><F111/><W17/><G3/><T4/><D18/><U28/><E110/><V2/><F132/><W101/><G135/><T39/><D104/><U30/><E129/><V48/><F128/><W29/><G29/><T0/><REACH who="0" step="1"/><D96/><REACH who="0" ten="240,308,270,172" step="2"/><U61/><E115/><V10/><F119/><W14/><G105/><T46/><AGARI ba="1,1" hai="0,4,5,7,9,24,31,35,39,41,45,46,51,52" machi="46" ten="20,8000,1" yaku="1,1,2,1,0,1,7,1,54,1,53,0" doraHai="88" doraHaiUra="92" who="0" fromWho="0" sc="240,93,308,-41,270,-21,172,-21" /><INIT seed="2,0,0,0,2,0" ten="333,267,249,151" oya="2" hai0="30,12,113,98,133,132,79,74,55,5,91,124,69" hai1="92,106,105,65,81,28,116,122,22,58,38,43,56" hai2="4,63,119,120,13,59,115,70,42,45,3,95,36" hai3="107,78,117,7,54,114,19,129,121,1,99,9,87"/><V67/><F115/><W14/><G114/><T17/><D113/><U135/><E116/><V112/><F112/><W94/><G129/><T40/><D69/><U44/><E135/><V90/><F120/><W111/><G111/><T33/><D40/><U72/><E122/><V102/><F119/><W2/><G121/><T11/><D124/><U60/><E92/><V10/><F102/><W126/><G126/><T89/><D55/><U24/><REACH who="1" step="1"/><E58/><REACH who="1" ten="333,257,249,151" step="2"/><V83/><F83/><W86/><G107/><T127/><D127/><U57/><E57/><V49/><F59/><W41/><G117/><T108/><D133/><U134/><E134/><V75/><F75/><W62/><G94/><T32/><D74/><U130/><E130/><V37/><REACH who="2" step="1"/><F3/><REACH who="2" ten="333,257,239,151" step="2"/><W76/><G1/><T39/><D132/><U73/><E73/><V29/><F29/><W35/><G2/><T8/><D30/><U6/><E6/><V27/><F27/><W31/><G7/><T15/><D5/><U93/><E93/><V103/><F103/><W77/><G31/><T48/><D15/><U88/><E88/><V82/><F82/><W104/><G14/><T68/><D12/><U18/><E18/><V97/><AGARI ba="0,2" hai="4,10,13,36,37,42,45,49,63,67,70,90,95,97" machi="97" ten="20,12000,1" yaku="1,1,0,1,7,1,52,1,53,1" doraHai="0" doraHaiUra="66" who="2" fromWho="2" sc="333,-40,257,-40,239,140,151,-40" /><INIT seed="2,1,0,2,5,45" ten="293,217,379,111" oya="2" hai0="52,46,60,0,61,117,114,101,90,96,104,16,92" hai1="97,119,99,50,24,8,93,75,85,58,54,73,30" hai2="105,22,15,77,32,57,51,131,19,72,7,100,17" hai3="43,56,47,81,84,63,108,55,26,33,106,70,18"/><V42/><F32/><W121/><G108/><T87/><D114/><U14/><E119/><V123/><F123/><W132/><G132/><T78/><D117/><U79/><E75/><V103/><F105/><W69/><G121/><T62/><D0/><U98/><E73/><V120/><F120/><W29/><G106/><T40/><D78/><U9/><E79/><V80/><F7/><W122/><G18/><T2/><D2/><U94/><E85/><V21/><F131/><W71/><G122/><T129/><D129/><U34/><REACH who="1" step="1"/><E9/><REACH who="1" ten="293,207,379,111" step="2"/><V20/><F72/><W44/><REACH who="3" step="1"/><G43/><REACH who="3" ten="293,207,379,101" step="2"/><T128/><D128/><U31/><E31/><V13/><F42/><W36/><G36/><T125/><D16/><AGARI ba="1,2" hai="8,14,16,24,30,34,50,54,58,93,94,97,98,99" machi="16" ten="40,5200,0" yaku="1,1,52,1,54,1,53,0" doraHai="45" doraHaiUra="59" who="1" fromWho="0" sc="293,-55,207,75,379,0,101,0" /><INIT seed="3,0,0,2,1,105" ten="238,282,379,101" oya="3" hai0="70,133,20,21,10,80,54,91,43,66,50,48,129" hai1="82,77,51,71,81,7,16,68,45,53,33,135,40" hai2="59,126,26,9,0,107,60,119,11,2,106,64,23" hai3="114,120,46,75,47,93,52,103,34,112,27,76,127"/><W30/><G127/><T67/><D133/><U134/><E33/><V117/><F126/><W69/><G120/><T118/><D118/><U99/><E7/><V87/><F87/><W41/><G69/><T44/><D129/><U78/><E99/><V101/><F101/><W57/><G93/><T123/><D123/><U90/><E90/><V63/><F59/><W125/><G103/><T58/><D10/><U28/><E28/><V8/><F8/><W3/><G3/><T42/><D42/><U74/><E53/><V100/><F100/><W15/><G15/><T13/><D70/><U110/><E16/><V31/><F23/><N who="0" m="8778" /><D13/><U124/><E124/><V65/><F31/><W61/><G125/><T6/><D6/><U38/><E51/><V132/><F26/><W88/><G88/><T73/><D73/><N who="1" m="43183" /><E110/><V35/><F35/><W36/><REACH who="3" step="1"/><G46/><REACH who="3" ten="238,282,379,91" step="2"/><T113/><D113/><U49/><E71/><V79/><F132/><W122/><G122/><T98/><D98/><U62/><E68/><V55/><F0/><W19/><G19/><T37/><D91/><U39/><E135/><V72/><F2/><W24/><G24/><T109/><D109/><U92/><E134/><V104/><F104/><W116/><G116/><T85/><D44/><U96/><E92/><V111/><F111/><W22/><G22/><T4/><D4/><U89/><E89/><V94/><F94/><W17/><G17/><T1/><D1/><U86/><E96/><V102/><F102/><W25/><G25/><T128/><D128/><U84/><E45/><V5/><F107/><W83/><AGARI ba="0,1" hai="27,30,34,36,41,47,52,57,61,75,76,83,112,114" machi="83" ten="30,18000,2" yaku="1,1,5,1,0,1,52,1,54,1,53,1" doraHai="105" doraHaiUra="56" who="3" fromWho="3" sc="238,-60,282,-60,379,-60,91,190" /><INIT seed="3,1,0,2,2,85" ten="178,222,319,281" oya="3" hai0="31,32,3,21,90,118,107,47,73,134,94,29,11" hai1="83,132,22,114,91,78,116,8,65,127,130,84,82" hai2="44,42,12,54,26,60,105,80,72,36,18,4,86" hai3="120,24,1,13,102,2,25,16,50,14,30,109,46"/><W93/><G120/><T106/><D118/><U34/><E114/><V104/><F72/><W59/><G59/><T79/><D32/><U69/><E34/><V61/><F4/><W28/><G109/><T53/><D134/><U19/><E132/><V133/><F133/><W39/><G39/><T99/><D3/><U87/><E116/><V66/><F54/><W129/><G129/><T122/><D122/><U48/><E130/><V27/><F104/><W5/><G5/><T20/><D11/><U58/><E127/><V63/><F105/><W115/><G115/><T75/><D107/><U126/><E126/><V92/><F92/><W23/><G30/><T113/><D106/><U55/><E8/><V121/><F121/><W45/><G1/><T57/><D47/><N who="3" m="17929" /><G2/><T35/><D35/><U38/><E38/><V64/><F64/><W123/><G123/><T67/><D67/><U71/><REACH who="1" step="1"/><E65/><REACH who="1" ten="178,212,319,281" step="2"/><V70/><F66/><W10/><G10/><T56/><D113/><U9/><E9/><V43/><F36/><W62/><G62/><T131/><D131/><U96/><E96/><V74/><F61/><W15/><G50/><T111/><D111/><U40/><E40/><V41/><F63/><W52/><G52/><T119/><D119/><U117/><E117/><V88/><F60/><W135/><G135/><T33/><D33/><U97/><E97/><V51/><F42/><W108/><G108/><T103/><D53/><U81/><E81/><N who="2" m="49231" /><F43/><W6/><G93/><T100/><D94/><U68/><E68/><V125/><F70/><W101/><G6/><T112/><D112/><RYUUKYOKU ba="1,1" sc="178,-15,212,15,319,-15,281,15" hai1="19,22,48,55,58,69,71,78,82,83,84,87,91" hai3="13,14,15,16,23,24,25,28,101,102" /><INIT seed="3,2,1,2,5,28" ten="163,227,304,296" oya="3" hai0="131,97,19,102,77,16,27,90,67,129,116,76,10" hai1="61,133,8,14,53,109,49,71,21,100,30,57,79" hai2="95,70,25,48,87,83,120,65,125,40,41,2,123" hai3="13,128,66,24,104,63,121,47,89,29,60,94,111"/><W1/><G121/><N who="2" m="46665" /><F125/><W118/><G118/><T12/><D116/><U37/><E109/><V108/><F108/><W92/><G111/><T46/><D67/><U103/><E37/><V114/><F114/><W74/><G1/><T3/><D3/><U51/><E133/><V34/><F2/><W98/><G74/><T126/><D126/><U75/><E79/><V99/><F48/><W69/><G128/><N who="0" m="49227" /><D90/><U38/><E38/><V43/><F34/><W112/><G112/><T5/><D46/><U44/><E75/><V84/><F25/><W26/><G104/><N who="0" m="63567" /><D19/><U50/><E71/><V52/><F65/><W130/><G130/><T62/><D62/><U0/><E44/><V88/><F70/><W132/><G132/><T81/><D81/><U134/><E0/><V11/><F83/><W113/><G113/><T115/><D115/><U85/><E134/><V22/><F88/><N who="3" m="55559" /><G66/><T35/><D5/><N who="1" m="3343" /><E85/><V124/><F87/><N who="3" m="52543" /><G69/><T23/><D10/><U110/><E110/><V117/><F84/><W45/><G29/><T72/><D72/><U7/><E7/><V42/><F117/><W106/><G106/><T122/><D122/><U101/><E100/><V127/><F127/><W36/><G36/><T86/><D86/><U20/><E103/><V15/><F124/><W17/><G60/><T6/><D6/><U58/><E101/><V73/><F73/><W32/><G63/><T54/><D54/><N who="1" m="33975" /><E30/><AGARI ba="2,1" hai="12,16,23,27,30,35,76,77" m="63567,49227" machi="30" ten="30,3900,0" yaku="19,1,52,1,54,1" doraHai="28" who="0" fromWho="1" sc="163,55,227,-45,304,0,296,0" owari="218,-18.2,182,-31.8,304,40.4,296,9.6" /></mjloggm>