<mjloggm ver="2.3"><GO type="225" lobby="0"/><UN n0="%E7%9A%AE%E3%80%85" n1="%E4%BF%BA%E3%81%A8%E5%A6%96%E5%A4%A2" n2="%E5%A4%8F%E9%88%B4%E9%88%B4%E5%A4%8F" n3="%E5%B8%86%E7%AB%8B%E5%A4%8F%E8%A1%A3" dan="16,16,16,17" rate="2156.34,2097.39,2120.64,2214.33" sx="F,F,F,M"/><TAIKYOKU oya="0"/><INIT seed="0,0,0,5,0,90" ten="250,250,250,250" oya="0" hai0="134,66,111,110,43,130,16,65,70,46,78,2,54" hai1="64,35,93,115,56,127,9,88,41,76,132,13,74" hai2="87,23,52,107,94,59,14,98,100,62,47,85,27" hai3="38,122,1,73,128,109,113,7,116,84,114,55,89"/><T51/><D2/><U77/><E35/><V119/><F119/><W19/><G116/><T103/><D78/><U99/><E127/><V131/><F131/><W82/><G128/><T28/><D130/><U104/><E132/><V48/><F14/><W20/><G109/><N who="0" m="41483" /><D28/><U4/><E115/><V44/><F107/><W86/><G122/><T108/><D103/><U24/><E104/><V91/><F100/><W31/><G31/><T106/><D106/><U123/><E123/><V118/><F44/><W32/><G32/><T102/><D102/><U11/><E24/><V3/><F3/><W36/><G73/><T125/><D125/><U129/><E129/><V71/><F71/><W49/><G114/><T63/><D134/><U53/><E74/><V15/><F15/><W60/><G113/><T120/><D120/><U97/><E64/><V101/><F101/><W6/><G1/><T83/><D83/><U39/><E99/><V17/><F118/><W75/><G75/><T95/><D95/><U34/><E34/><V22/><F22/><W57/><G86/><T5/><D5/><N who="3" m="1545" /><G38/><N who="0" m="21879" /><D66/><AGARI ba="0,0" hai="17,23,27,47,48,52,59,62,66,85,87,91,94,98" machi="66" ten="30,7700,0" yaku="7,1,8,1,52,1,54,1" doraHai="90" who="2" fromWho="0" sc="250,-77,250,0,250,77,250,0" /><INIT seed="1,0,0,3,5,26" ten="173,250,327,250" oya="1" hai0="77,59,79,68,29,126,135,125,116,90,127,121,80" hai1="95,27,51,43,7,86,131,49,21,113,17,45,63" hai2="92,61,18,24,3,39,8,101,72,19,35,85,11" hai3="46,42,119,34,16,13,60,6,78,14,89,104,38"/><U73/><E113/><V98/><F72/><W30/><G104/><T65/><D116/><U81/><E131/><V47/><F61/><W52/><G119/><T123/><D68/><U31/><E73/><V120/><F120/><N who="0" m="46154" /><D135/><U133/><E133/><V115/><F115/><W10/><G78/><N who="0" m="29707" /><D65/><U128/><E128/><V4/><F85/><W110/><G110/><T108/><D59/><U114/><E114/><V129/><F11/><W105/><G105/><T40/><D40/><U74/><E74/><V106/><F106/><W75/><G75/><T69/><D69/><U66/><E7/><V37/><F129/><W54/><G60/><T87/><D29/><U28/><E81/><V97/><F97/><W2/><G89/><T41/><D41/><U76/><E76/><V23/><F35/><W0/><G0/><T56/><D56/><N who="1" m="37223" /><E49/><V96/><F96/><W134/><G134/><T50/><D50/><U103/><E103/><V67/><F67/><W9/><G2/><T100/><D100/><U130/><E130/><V53/><F47/><W88/><G88/><AGARI ba="0,0" hai="17,21,27,28,31,43,45,51,86,88,95" m="37223" machi="88" ten="30,11600,0" yaku="8,1,52,2,54,1" doraHai="26" who="1" fromWho="3" sc="173,0,250,116,327,0,250,-116" /><INIT seed="1,1,0,4,2,81" ten="173,366,327,134" oya="1" hai0="131,73,102,74,22,33,52,54,32,66,3,6,87" hai1="67,116,113,91,60,29,109,103,94,21,99,122,56" hai2="114,69,68,41,47,51,77,13,36,127,133,11,59" hai3="107,39,46,37,95,76,50,45,38,101,85,7,72"/><U20/><E113/><V70/><F114/><W86/><G7/><T53/><D66/><U28/><E116/><V120/><F120/><W57/><G107/><T34/><D102/><U89/><E122/><V93/><F127/><W78/><G57/><T31/><D131/><U98/><E109/><V10/><F10/><W42/><G46/><T124/><D124/><U16/><E20/><V135/><F77/><W5/><G5/><T121/><D121/><U43/><E43/><V17/><F93/><W24/><G72/><T19/><D31/><U23/><E23/><V71/><N who="2" m="17408" /><DORA hai="105" /><V12/><REACH who="2" step="1"/><F13/><REACH who="2" ten="173,366,317,134" step="2"/><W25/><G78/><T82/><D3/><U125/><E125/><V90/><F90/><N who="1" m="34313" /><E98/><V128/><F128/><W0/><G0/><T119/><D119/><U110/><E110/><V108/><F108/><W123/><G123/><T58/><D58/><U130/><E130/><V30/><F30/><W96/><REACH who="3" step="1"/><G76/><REACH who="3" ten="173,366,317,124" step="2"/><T4/><D74/><U112/><E112/><V8/><F8/><W26/><AGARI ba="1,2" hai="24,25,26,37,38,39,42,45,50,85,86,95,96,101" machi="26" ten="40,8000,1" yaku="1,1,2,1,0,1,52,2,53,0" doraHai="81,105" doraHaiUra="106,49" who="3" fromWho="3" sc="173,-21,366,-41,317,-21,124,103" /><INIT seed="2,0,0,4,0,18" ten="152,325,296,227" oya="2" hai0="122,59,86,135,32,47,13,34,24,93,84,2,126" hai1="71,92,106,14,77,44,98,91,79,105,16,81,31" hai2="80,89,4,87,96,19,118,115,54,72,50,109,112" hai3="56,45,85,113,66,82,83,130,39,100,26,17,6"/><V58/><F118/><W48/><G130/><T30/><D2/><U120/><E71/><V43/><F109/><W99/><G113/><T110/><D122/><U97/><E120/><V94/><F72/><W42/><G6/><T123/><D123/><U116/><E116/><V101/><F4/><W111/><G111/><T125/><D110/><U5/><E5/><V129/><F129/><W67/><G39/><T127/><D135/><U75/><E77/><V114/><F43/><W0/><G0/><T35/><D59/><U10/><E31/><V49/><REACH who="2" step="1"/><F19/><REACH who="2" ten="152,325,286,227" step="2"/><W25/><G17/><T36/><D13/><U88/><E44/><V3/><F3/><W22/><G45/><T9/><D9/><U131/><E131/><V104/><F104/><W132/><G42/><T61/><D61/><AGARI ba="0,1" hai="49,50,54,58,61,80,87,89,94,96,101,112,114,115" machi="61" ten="40,3900,0" yaku="1,1,53,1" doraHai="18" doraHaiUra="57" who="2" fromWho="0" sc="152,-39,325,0,286,49,227,0" /><INIT seed="2,1,0,2,4,62" ten="113,325,335,227" oya="2" hai0="58,23,101,11,20,93,89,35,10,6,5,9,106" hai1="90,94,4,18,53,38,36,12,128,67,126,25,82" hai2="92,127,50,122,45,80,114,43,46,103,68,8,115" hai3="29,129,65,14,3,16,42,98,105,88,1,26,84"/><V112/><F122/><W57/><G42/><T37/><D37/><U39/><E128/><V99/><F127/><W13/><G129/><T28/><D101/><U87/><E126/><V54/><F68/><W95/><G105/><T55/><D106/><U66/><E4/><N who="0" m="1641" /><D93/><U21/><E53/><V51/><F8/><N who="0" m="3114" /><D89/><U133/><E133/><V131/><F131/><W47/><G47/><T7/><D58/><U34/><E34/><V56/><F80/><W71/><G71/><T61/><D61/><U125/><E125/><V19/><F19/><W30/><G84/><T117/><D55/><U77/><REACH who="1" step="1"/><E12/><REACH who="1" ten="113,315,335,227" step="2"/><N who="3" m="4714" /><G3/><N who="0" m="255" /><D117/><U109/><E109/><V135/><F135/><W24/><G1/><T97/><D97/><AGARI ba="1,1" hai="18,21,25,36,38,39,66,67,77,82,87,90,94,97" machi="97" ten="40,5200,0" yaku="1,1,52,2,53,0" doraHai="62" doraHaiUra="32" who="1" fromWho="0" sc="113,-55,315,65,335,0,227,0" /><INIT seed="3,0,0,3,2,128" ten="58,380,335,227" oya="3" hai0="65,63,95,68,71,62,89,69,27,127,100,28,26" hai1="37,4,36,66,109,10,49,48,107,14,130,8,57" hai2="9,45,46,111,78,54,81,50,93,40,19,18,35" hai3="90,11,53,113,96,67,12,33,114,59,86,124,41"/><W74/><G33/><T30/><D127/><U25/><E130/><V122/><F111/><W131/><G74/><T56/><D100/><U119/><E107/><V129/><F129/><W135/><G131/><T43/><D43/><U91/><E109/><V133/><F35/><W23/><G124/><T51/><D51/><U58/><E119/><V87/><F122/><W98/><G41/><T79/><D79/><U82/><E37/><V34/><F34/><W134/><G67/><T15/><D15/><N who="1" m="5511" /><E36/><V94/><F133/><N who="3" m="50699" /><G23/><T1/><D1/><U60/><E25/><V97/><F9/><W110/><G110/><T64/><D56/><U112/><E58/><V118/><F118/><W125/><G125/><T20/><D95/><U32/><E32/><V38/><REACH who="2" step="1"/><F94/><REACH who="2" ten="58,380,325,227" step="2"/><N who="3" m="54615" /><G114/><T22/><REACH who="0" step="1"/><D89/><AGARI ba="0,1" hai="18,19,38,40,45,46,50,54,78,81,87,89,93,97" machi="89" ten="30,2000,0" yaku="1,1,7,1,53,0" doraHai="128" doraHaiUra="126" who="2" fromWho="0" sc="58,-20,380,0,325,30,227,0" owari="38,-46.2,380,48.0,355,15.5,227,-17.3" /></mjloggm>