<mjloggm ver="2.3"><GO type="225" lobby="0"/><UN n0="%E9%B7%B9%E5%80%89%E6%9D%8F%E9%88%B4" n1="%E9%80%86%E9%80%A3%E5%B8%AF%E3%81%AE%E9%AC%BC" n2="%63%68%78%62%64" n3="%72%65%6E%6B%75%6E" dan="16,17,16,17" rate="2099.09,2117.37,2111.68,2215.09" sx="F,M,M,M"/><TAIKYOKU oya="0"/><INIT seed="0,0,0,1,3,62" ten="250,250,250,250" oya="0" hai0="129,115,73,27,87,30,21,22,55,18,61,111,102" hai1="126,36,109,5,110,46,32,45,79,96,13,103,51" hai2="1,17,113,31,94,95,99,58,40,20,72,52,29" hai3="116,114,124,25,131,77,118,3,44,53,6,0,4"/><T67/><D115/><U119/><E32/><V85/><F1/><N who="3" m="587" /><G44/><T65/><D73/><U105/><E119/><N who="3" m="45610" /><G53/><T35/><D129/><U76/><E126/><V57/><F72/><W56/><G56/><N who="0" m="34975" /><D35/><U81/><E36/><V12/><F40/><W2/><G77/><T63/><D111/><U89/><E89/><N who="2" m="53551" /><F57/><W93/><G93/><T117/><D117/><U38/><E38/><V127/><F127/><W84/><G84/><T26/><D102/><U135/><E135/><V37/><F37/><W75/><G75/><T48/><D63/><U107/><E107/><V41/><F41/><W16/><G124/><T59/><D87/><U100/><E100/><N who="2" m="60543" /><F113/><W90/><G90/><T134/><D134/><U106/><E106/><V10/><F10/><N who="3" m="2327" /><G114/><T43/><D59/><U133/><E133/><V24/><F24/><W125/><G125/><T108/><D108/><U98/><E110/><V33/><F33/><W74/><G74/><T42/><D42/><U130/><E109/><V50/><AGARI ba="0,0" hai="12,17,20,29,31,50,52,58" m="60543,53551" machi="50" ten="30,4000,0" yaku="25,1,8,1,54,1" doraHai="62" who="2" fromWho="2" sc="250,-20,250,-10,250,40,250,-10" /><INIT seed="1,0,0,3,2,104" ten="230,240,290,240" oya="1" hai0="106,97,2,64,124,51,130,32,16,31,1,99,56" hai1="109,47,110,134,68,58,112,63,26,73,57,125,28" hai2="117,19,9,69,10,3,6,71,121,83,7,21,103" hai3="79,5,17,35,101,129,115,82,123,88,113,91,100"/><U14/><E112/><N who="3" m="43082" /><G5/><T29/><D130/><U42/><E134/><V40/><F117/><W105/><G35/><T38/><D38/><U48/><E125/><V89/><F121/><W66/><G17/><T102/><D124/><U18/><E73/><V90/><F103/><N who="3" m="39499" /><G66/><T74/><D74/><U0/><E0/><V8/><F40/><W107/><G123/><T65/><D102/><U4/><E4/><N who="2" m="1579" /><F21/><W128/><G79/><T131/><D131/><N who="3" m="50249" /><G82/><T93/><D51/><U119/><E68/><N who="2" m="26187" /><F83/><W12/><G12/><T75/><D75/><U126/><E126/><V77/><F19/><W85/><G85/><T67/><D56/><U116/><E116/><V30/><F77/><W127/><G127/><T96/><D16/><U20/><E119/><V34/><F3/><W78/><G78/><T87/><D32/><U72/><E72/><V45/><F34/><W39/><G39/><T118/><D118/><U33/><REACH who="1" step="1"/><E58/><REACH who="1" ten="230,230,290,240" step="2"/><V49/><F8/><W86/><G86/><T22/><D2/><U24/><E24/><V135/><F9/><W133/><G133/><T108/><D1/><U81/><E81/><V43/><F10/><W111/><G111/><T55/><D108/><U60/><E60/><V132/><F135/><W94/><G94/><T50/><D93/><U54/><AGARI ba="0,1" hai="14,18,20,26,28,33,42,47,48,54,57,63,109,110" machi="54" ten="30,3000,0" yaku="1,1,0,1,53,0" doraHai="104" doraHaiUra="61" who="1" fromWho="1" sc="230,-10,230,40,290,-10,240,-10" /><INIT seed="1,1,0,0,5,40" ten="220,270,280,230" oya="1" hai0="2,84,71,21,36,49,44,122,117,105,42,131,97" hai1="106,33,34,94,18,116,47,80,52,70,31,102,39" hai2="32,3,14,23,48,69,15,100,135,60,119,62,107" hai3="24,0,11,77,68,127,22,43,88,118,63,1,50"/><U90/><E116/><V99/><F119/><W103/><G77/><T124/><D117/><U28/><E70/><V72/><F3/><W115/><G118/><T81/><D2/><U114/><E114/><V132/><F72/><W133/><G115/><T30/><D71/><U51/><E106/><V85/><F32/><W45/><G103/><T129/><D124/><U13/><E39/><V61/><F69/><W126/><G133/><N who="2" m="51273" /><F23/><W91/><G1/><T5/><D5/><U19/><E34/><V79/><F48/><W112/><G112/><T121/><D36/><U113/><E113/><V111/><F111/><W93/><G63/><T101/><D21/><U56/><E33/><V29/><F29/><W95/><G68/><T67/><D67/><U98/><E19/><V16/><F16/><N who="3" m="12359" /><G93/><T92/><D30/><U55/><E80/><AGARI ba="1,0" hai="14,15,60,61,62,79,80,85,99,100,107" m="51273" machi="80" ten="30,1000,0" yaku="20,1" doraHai="40" who="2" fromWho="1" sc="220,0,270,-13,280,13,230,0" /><INIT seed="2,0,0,3,4,56" ten="220,257,293,230" oya="2" hai0="2,114,30,52,45,51,37,113,38,67,11,1,42" hai1="6,17,33,127,12,81,49,98,27,111,69,16,63" hai2="84,97,57,26,65,41,94,66,99,47,61,46,71" hai3="101,35,95,129,13,115,131,0,53,44,58,93,87"/><V91/><F46/><W73/><G0/><T22/><D67/><U82/><E127/><V28/><F66/><W80/><G73/><T130/><D130/><N who="3" m="49673" /><G35/><T39/><D42/><U116/><E116/><V85/><F71/><W133/><G133/><T126/><D126/><U122/><E122/><V107/><F107/><W118/><G118/><T48/><D48/><U23/><E111/><V134/><F97/><W10/><G44/><T103/><D103/><U90/><E6/><V75/><F75/><W68/><G101/><T105/><D105/><U121/><E121/><V5/><F5/><N who="3" m="3279" /><G68/><T132/><D132/><U29/><E49/><V60/><F60/><N who="3" m="35919" /><G115/><T100/><D100/><U34/><E34/><V18/><F134/><W59/><G59/><T102/><D102/><U96/><E17/><V54/><F18/><W64/><G64/><T32/><D32/><U36/><E36/><V123/><F65/><W106/><G106/><T9/><D2/><U76/><E69/><V79/><F123/><W3/><G3/><T128/><D128/><U19/><E19/><V21/><REACH who="2" step="1"/><F79/><AGARI ba="0,0" hai="79,80,87,93,95" m="35919,3279,49673" machi="79" ten="30,2000,0" yaku="19,1,52,1" doraHai="56" who="3" fromWho="2" sc="220,0,257,0,293,-20,230,20" /><INIT seed="3,0,0,3,5,35" ten="220,257,273,250" oya="3" hai0="12,59,80,113,31,95,41,25,133,82,89,103,111" hai1="49,104,84,5,93,130,32,119,75,55,88,87,18" hai2="23,66,118,60,62,101,76,100,11,9,44,37,120" hai3="122,85,83,77,8,1,110,38,134,86,26,131,40"/><W123/><G131/><T6/><D111/><U135/><E130/><V79/><F118/><W68/><G110/><T81/><D133/><U65/><E135/><V46/><F23/><W2/><G68/><T73/><D113/><U92/><E75/><V91/><F91/><W97/><G134/><T33/><D103/><U105/><E32/><V0/><F37/><W106/><G26/><T115/><D115/><U15/><E65/><V39/><F39/><W63/><G63/><T78/><D41/><U64/><E64/><V47/><F66/><W90/><G97/><T127/><D127/><U27/><E27/><V96/><F96/><W61/><G61/><N who="2" m="23657" /><F0/><W117/><G106/><T107/><D107/><U58/><E119/><V16/><F120/><W19/><G117/><T43/><D43/><U102/><E5/><V4/><F4/><W108/><G108/><T53/><D12/><U48/><E48/><V21/><F101/><W17/><G123/><T112/><D112/><U74/><E74/><V114/><F100/><W116/><G116/><T36/><D36/><U24/><E24/><N who="2" m="14375" /><F114/><W132/><G132/><T129/><D6/><U42/><E105/><V29/><F29/><W121/><G121/><T56/><D129/><U99/><E104/><V3/><F3/><N who="3" m="1035" /><G8/><AGARI ba="0,0" hai="8,9,11,44,46,47,76,79" m="14375,23657" machi="8" ten="30,2000,0" yaku="8,1,54,1" doraHai="35" who="2" fromWho="3" sc="220,0,257,0,273,20,250,-20" /><INIT seed="4,0,0,3,5,82" ten="220,257,293,230" oya="0" hai0="100,38,16,110,134,86,6,30,85,97,32,107,3" hai1="96,71,5,70,25,62,39,31,43,60,50,115,53" hai2="111,88,55,27,72,104,102,28,112,13,78,44,89" hai3="117,116,74,118,40,19,33,35,22,128,26,20,98"/><T129/><D38/><U80/><E115/><V52/><F112/><W65/><G74/><T73/><D73/><U29/><E5/><V130/><F111/><W37/><G128/><T17/><D129/><U10/><E10/><V131/><F13/><W90/><G65/><T81/><D110/><U18/><E39/><V77/><F130/><W123/><G123/><T103/><D134/><U84/><E43/><V109/><F109/><W2/><G2/><T67/><D67/><U125/><E125/><V51/><F131/><W47/><G98/><T8/><D103/><U58/><E96/><V41/><F102/><W87/><REACH who="3" step="1"/><G22/><REACH who="3" ten="220,257,293,220" step="2"/><T45/><D45/><U4/><E71/><V36/><F44/><W21/><G21/><T106/><D106/><U23/><E70/><V122/><F104/><W93/><AGARI ba="0,1" hai="19,20,26,33,35,37,40,47,87,90,93,116,117,118" machi="93" ten="30,4000,0" yaku="1,1,0,1,52,1,53,0" doraHai="82" doraHaiUra="132" who="3" fromWho="3" sc="220,-20,257,-10,293,-10,220,50" /><INIT seed="5,0,0,4,3,55" ten="200,247,283,270" oya="1" hai0="87,72,111,133,39,79,57,131,53,115,8,60,122" hai1="129,84,91,119,5,128,62,33,109,83,75,17,3" hai2="81,125,107,22,67,46,13,42,9,40,90,48,130" hai3="35,1,27,100,70,76,20,18,47,23,73,63,106"/><U10/><E119/><V98/><F130/><W92/><G1/><T4/><D111/><U93/><E33/><V49/><F125/><W71/><G106/><T38/><D72/><U110/><E17/><V45/><F22/><W31/><G73/><T123/><D131/><N who="1" m="50251" /><E62/><V132/><F132/><W85/><G76/><AGARI ba="0,0" hai="3,5,10,75,76,83,84,91,93,109,110" m="50251" machi="76" ten="30,1500,0" yaku="19,1" doraHai="55" who="1" fromWho="3" sc="200,0,247,15,283,0,270,-15" /><INIT seed="5,1,0,2,0,44" ten="200,262,283,255" oya="1" hai0="16,91,31,58,42,12,90,128,60,52,24,97,127" hai1="47,122,88,45,37,129,13,69,126,86,25,64,51" hai2="102,14,89,0,133,29,82,56,106,108,1,80,121" hai3="115,98,65,20,15,109,32,75,123,62,26,54,104"/><U27/><E122/><V107/><F121/><W118/><G75/><T57/><D128/><U68/><E129/><V110/><F29/><N who="3" m="19511" /><G123/><T116/><D116/><U22/><E126/><V17/><F133/><W2/><G2/><T120/><D127/><U49/><E37/><V135/><F135/><W41/><G41/><T134/><D134/><U74/><E74/><V100/><F56/><W124/><G124/><T11/><D120/><U7/><E64/><V55/><F55/><W28/><G109/><T3/><D3/><U23/><E13/><V40/><F14/><W8/><G118/><T78/><D78/><U117/><E7/><V105/><F40/><W21/><G54/><T38/><D97/><U85/><E117/><V4/><F106/><W34/><G28/><T35/><REACH who="0" step="1"/><D58/><REACH who="0" ten="190,262,283,255" step="2"/><U95/><E69/><V46/><F0/><W10/><G115/><T92/><D92/><U70/><E95/><V130/><F1/><W119/><G119/><T19/><D19/><U59/><E59/><V39/><F17/><N who="3" m="10303" /><G34/><T114/><D114/><U83/><E83/><V5/><F5/><W67/><BYE who="2" /><G98/><T132/><D132/><U87/><E70/><UN n2="%63%68%78%62%64" /><V72/><F130/><W63/><G104/><T103/><D103/><U50/><E68/><V73/><F4/><W77/><G77/><T94/><D94/><U33/><E33/><V81/><F105/><W96/><G96/><T111/><D111/><U18/><E88/><V113/><F107/><W6/><G6/><T36/><D36/><U43/><E47/><AGARI ba="1,1" hai="11,12,16,24,31,35,38,42,47,52,57,60,90,91" machi="47" ten="40,8000,1" yaku="1,1,54,2,53,1" doraHai="44" doraHaiUra="30" who="0" fromWho="1" sc="190,93,262,-83,283,0,255,0" /><INIT seed="6,0,0,0,1,76" ten="283,179,283,255" oya="2" hai0="58,31,66,4,89,42,2,59,65,11,71,113,78" hai1="45,121,53,111,33,73,38,43,46,84,7,86,36" hai2="93,90,5,37,75,41,108,54,63,132,34,85,133" hai3="104,67,81,15,112,100,110,24,72,74,70,123,115"/><V103/><F75/><W106/><G123/><T19/><D31/><U69/><E121/><V114/><F34/><W10/><G110/><T40/><D78/><U55/><E111/><V99/><F114/><N who="3" m="43563" /><G24/><T94/><D113/><U82/><E69/><V60/><F108/><W35/><G35/><T101/><D101/><U80/><E33/><V14/><F37/><W52/><G100/><T79/><D79/><U105/><E105/><N who="3" m="40554" /><G81/><T98/><D71/><U50/><E73/><V56/><F41/><N who="0" m="15978" /><D4/><U120/><E120/><V102/><F60/><N who="3" m="40295" /><G52/><T126/><D2/><U3/><E3/><V44/><F44/><W128/><G128/><T95/><D95/><U16/><E7/><AGARI ba="0,0" hai="7,10,15,72,74" m="40295,40554,43563" machi="7" ten="30,2000,0" yaku="15,1,11,1" doraHai="76" who="3" fromWho="1" sc="283,0,179,-20,283,0,255,20" /><INIT seed="7,0,0,3,4,96" ten="283,159,283,275" oya="3" hai0="70,103,65,98,12,119,107,77,10,81,35,68,88" hai1="122,32,31,28,29,7,47,36,43,1,44,46,75" hai2="113,30,58,109,93,59,8,92,0,33,25,57,127" hai3="129,106,131,133,102,84,45,115,95,18,51,42,74"/><W3/><G74/><T108/><D108/><U126/><E122/><V85/><F109/><W34/><G115/><T112/><D119/><U4/><E32/><V111/><F111/><W50/><G133/><T53/><D35/><U23/><E126/><V48/><F127/><W60/><G34/><T73/><D112/><U40/><E75/><V134/><F134/><W89/><G3/><T13/><D65/><U19/><E1/><V66/><F113/><W38/><G60/><T37/><D37/><U52/><E36/><V123/><F66/><W64/><G64/><T41/><D41/><U2/><E2/><V24/><F24/><W90/><G90/><T117/><D53/><U105/><E105/><V135/><F135/><W26/><G106/><T55/><D55/><U56/><E4/><V20/><F33/><W82/><G82/><T125/><D13/><U11/><E11/><V128/><F128/><N who="3" m="49227" /><G102/><T94/><D117/><U54/><E7/><V130/><F130/><W5/><G5/><N who="0" m="3151" /><D125/><U67/><E67/><V110/><F110/><W15/><G26/><T16/><D16/><U116/><E116/><V97/><F123/><W118/><G118/><T121/><D121/><U76/><E76/><V22/><F0/><W91/><G91/><T17/><D17/><U78/><E78/><V9/><F48/><W79/><G79/><T71/><D71/><U132/><E132/><V6/><F6/><W14/><G14/><T72/><D72/><U61/><REACH who="1" step="1"/><E54/><REACH who="1" ten="283,149,283,275" step="2"/><V21/><F8/><AGARI ba="0,1" hai="8,15,18,38,42,45,50,51,84,89,95" m="49227" machi="8" ten="30,1500,0" yaku="19,1" doraHai="96" who="3" fromWho="2" sc="283,0,149,0,283,-15,275,25" owari="283,8.3,149,-35.1,268,-13.2,300,40.0" /></mjloggm>