<mjloggm ver="2.3"><GO type="225" lobby="0"/><UN n0="%72%65%6E%6B%75%6E" n1="%E6%B5%81%E3%82%8C%EF%BC%9F%53%4F%41" n2="%4B%2E%32%2E%4B%2E" n3="%E6%98%93%E5%88%A9%E8%96%A9%E4%BC%AF" dan="17,17,17,17" rate="2248.55,2239.30,2174.39,2174.85" sx="M,M,M,F"/><TAIKYOKU oya="0"/><INIT seed="0,0,0,2,2,38" ten="250,250,250,250" oya="0" hai0="100,129,90,5,113,102,68,59,55,74,27,43,123" hai1="8,132,104,41,96,130,71,17,26,109,1,78,9" hai2="84,37,94,121,16,103,110,65,91,73,35,3,4" hai3="18,6,124,131,33,10,101,108,125,97,99,36,107"/><T66/><D123/><U88/><E71/><V25/><F121/><W58/><G33/><T12/><D113/><U114/><E1/><V134/><F110/><W30/><G30/><T76/><D129/><U7/><E104/><V51/><F37/><W111/><G18/><T39/><D74/><U60/><E78/><V82/><F134/><W87/><G58/><T28/><D76/><U75/><E7/><V14/><F73/><W15/><G36/><T133/><D133/><U0/><E0/><V22/><F65/><W77/><G99/><T52/><D90/><U128/><E75/><V61/><F61/><W21/><G21/><T127/><D127/><N who="3" m="48713" /><G131/><T13/><D68/><U116/><E116/><V120/><F120/><W45/><G45/><T11/><D12/><U112/><E132/><V81/><F103/><W83/><AGARI ba="0,0" hai="6,10,15,77,83,87,97,101,107,108,111" m="48713" machi="83" ten="30,1100,0" yaku="18,1" doraHai="38" who="3" fromWho="3" sc="250,-5,250,-3,250,-3,250,11" /><INIT seed="1,0,0,0,5,16" ten="245,247,247,261" oya="1" hai0="17,120,111,125,31,3,9,90,113,87,79,42,22" hai1="14,135,34,112,102,118,71,64,107,82,115,92,91" hai2="19,46,80,26,57,72,6,41,104,54,105,123,74" hai3="51,58,132,77,27,28,70,84,11,60,130,8,53"/><U89/><E34/><V66/><F123/><W73/><G73/><T63/><D113/><U49/><E71/><V95/><F66/><W35/><G130/><T45/><D120/><U94/><E64/><V15/><F6/><W38/><G38/><T85/><D111/><U32/><E32/><V29/><F95/><N who="1" m="36393" /><E14/><V18/><F104/><W30/><G30/><T37/><D125/><U98/><E49/><V117/><F105/><W131/><G131/><T103/><D103/><U86/><E118/><V134/><F117/><W36/><G36/><T124/><D124/><U7/><E7/><V21/><F134/><W133/><G70/><T67/><D31/><U12/><E12/><V43/><F80/><N who="3" m="47119" /><G51/><T52/><D79/><N who="1" m="46431" /><E135/><AGARI ba="0,0" hai="8,11,27,28,35,53,58,60,132,133,135" m="47119" machi="135" ten="30,1000,0" yaku="20,1" doraHai="16" who="3" fromWho="1" sc="245,0,247,-10,247,0,261,10" /><INIT seed="2,0,0,2,4,115" ten="245,237,247,271" oya="2" hai0="43,15,67,4,3,63,18,88,119,108,33,38,95" hai1="100,135,0,30,83,37,96,57,106,14,9,44,68" hai2="93,28,41,134,62,70,97,35,72,12,105,103,5" hai3="133,20,91,118,59,80,31,66,17,75,51,92,90"/><V111/><F72/><W55/><G133/><T123/><D33/><U65/><E135/><V32/><F134/><W42/><G118/><T58/><D123/><U13/><E30/><V11/><F111/><W64/><G31/><T26/><D108/><U54/><E83/><V46/><F93/><W81/><G42/><T102/><D102/><U21/><E21/><V48/><REACH who="2" step="1"/><F28/><REACH who="2" ten="245,237,237,271" step="2"/><W36/><G75/><T126/><D126/><U87/><E106/><V82/><F82/><W6/><G81/><T34/><D119/><U125/><E125/><V122/><F122/><W113/><G80/><T129/><D129/><U10/><E10/><V120/><F120/><W89/><G92/><T7/><D3/><U25/><E9/><V71/><F71/><W53/><G113/><T49/><D34/><U1/><E1/><V16/><F16/><W79/><G17/><T78/><D18/><U76/><E0/><V77/><F77/><W99/><G79/><T74/><D78/><U19/><E76/><V47/><F47/><W110/><G110/><T85/><D74/><U132/><E68/><V86/><F86/><W94/><G94/><T130/><D130/><U40/><E87/><V116/><F116/><W52/><G20/><T56/><D85/><U22/><E132/><V101/><F101/><W39/><G99/><T73/><D95/><U60/><E96/><V61/><F61/><W114/><G114/><T29/><D63/><N who="1" m="36279" /><E100/><V24/><F24/><W84/><G84/><T50/><D73/><U109/><E109/><V127/><F127/><W8/><G91/><T128/><D128/><RYUUKYOKU ba="0,1" sc="245,-15,237,15,237,15,271,-15" hai1="13,14,19,22,25,37,40,44,60,65" hai2="5,11,12,32,35,41,46,48,62,70,97,103,105" /><INIT seed="2,1,1,5,0,42" ten="230,252,252,256" oya="2" hai0="49,88,119,16,101,98,39,133,36,62,114,106,25" hai1="73,66,82,44,70,26,125,18,24,92,97,65,31" hai2="54,21,86,30,102,100,128,109,63,129,112,34,96" hai3="89,120,53,40,0,85,51,20,74,72,117,84,57"/><V10/><F112/><W27/><G117/><T17/><D114/><U123/><E70/><V68/><F34/><W28/><G120/><T94/><D119/><U135/><E123/><V113/><F113/><W91/><G0/><T118/><D118/><U104/><E104/><V93/><F109/><W83/><REACH who="3" step="1"/><G40/><REACH who="3" ten="230,252,252,246" step="2"/><T13/><D133/><U19/><E135/><V58/><F128/><W43/><G43/><T64/><D49/><U29/><E125/><V37/><F129/><W81/><AGARI ba="1,2" hai="20,27,28,51,53,57,72,74,81,83,84,85,89,91" machi="81" ten="20,5200,0" yaku="1,1,0,1,7,1,9,1,53,0" doraHai="42" doraHaiUra="122" who="3" fromWho="3" sc="230,-14,252,-14,252,-27,246,75" /><INIT seed="3,0,0,1,2,65" ten="216,238,225,321" oya="3" hai0="124,33,21,51,135,18,45,118,57,112,55,126,109" hai1="77,88,2,114,66,5,59,58,85,119,36,71,16" hai2="1,10,60,103,6,32,54,82,69,129,3,63,74" hai3="132,4,99,15,105,11,134,22,40,23,96,117,86"/><W9/><G117/><T108/><D33/><U44/><E114/><V128/><F32/><W47/><G86/><T89/><D118/><U87/><E119/><V91/><F103/><W80/><G80/><T64/><D112/><U37/><E5/><V113/><F113/><W56/><G56/><T17/><D135/><N who="3" m="51753" /><G11/><T25/><D17/><U93/><E16/><V111/><F111/><N who="0" m="42570" /><D89/><U106/><E77/><V27/><F91/><W131/><G131/><T95/><D95/><U62/><E106/><V46/><F82/><W104/><G99/><T13/><D25/><U50/><E85/><V122/><F27/><W121/><G121/><T130/><D130/><N who="2" m="50282" /><F122/><W67/><G67/><T43/><D64/><U90/><E90/><V76/><F76/><W115/><G115/><T98/><D98/><U92/><E92/><V127/><F74/><W26/><G96/><T8/><D8/><U72/><E72/><V83/><F83/><W78/><G78/><T123/><D123/><U133/><E133/><V39/><F127/><W7/><G7/><T110/><N who="0" m="42578" /><T14/><DORA hai="28" /><D14/><U94/><E94/><V0/><F69/><W100/><G26/><T125/><D124/><U29/><E29/><V35/><F35/><W42/><G100/><T38/><AGARI ba="0,0" hai="13,18,21,38,43,45,51,55,57,125,126" m="42578" machi="38" ten="40,1500,0" yaku="14,1" doraHai="65,28" who="0" fromWho="0" sc="216,15,238,-4,225,-4,321,-7" owari="231,-16.9,234,3.4,221,-27.9,314,41.4" /></mjloggm>