<mjloggm ver="2.3"><GO type="225" lobby="0"/><UN n0="%E3%81%AA%E3%81%A1%30%39%32%37" n1="%E9%A6%AC%E5%BC%95%E7%81%AB%33" n2="%4B%2E%32%2E%4B%2E" n3="%72%69%6F%75%63%68%61%6E" dan="16,16,17,16" rate="2090.46,2142.95,2179.29,2100.45" sx="M,M,M,M"/><TAIKYOKU oya="0"/><INIT seed="0,0,0,0,4,18" ten="250,250,250,250" oya="0" hai0="100,30,66,59,0,11,117,99,87,69,72,121,80" hai1="40,58,109,53,102,103,68,21,9,105,116,4,122" hai2="98,10,126,134,84,17,48,101,31,61,70,23,111" hai3="118,15,125,135,33,51,39,92,91,73,35,14,37"/><T90/><D117/><U7/><E122/><V28/><F111/><W130/><G118/><T47/><D121/><U60/><E116/><V74/><F74/><W24/><G73/><T127/><D127/><U22/><E109/><V123/><F123/><W113/><G113/><T81/><D47/><U96/><E68/><V104/><F126/><W54/><G125/><T56/><D30/><U2/><E103/><V26/><F134/><W41/><G41/><T62/><D0/><U38/><REACH who="1" step="1"/><E4/><REACH who="1" ten="250,240,250,250" step="2"/><V106/><F70/><W42/><G135/><T46/><D69/><U128/><E128/><V45/><F101/><W43/><G130/><T67/><D100/><U82/><E82/><V64/><F106/><W119/><G119/><T65/><D81/><U57/><E57/><V1/><F104/><W44/><G92/><T12/><D59/><U27/><E27/><V94/><F26/><W79/><G24/><T85/><D46/><AGARI ba="0,1" hai="2,7,9,21,22,38,40,46,53,58,60,96,102,105" machi="46" ten="40,5200,0" yaku="1,1,52,2,53,0" doraHai="18" doraHaiUra="76" who="1" fromWho="0" sc="250,-52,240,62,250,0,250,0" /><INIT seed="1,0,0,3,1,41" ten="198,302,250,250" oya="1" hai0="115,111,42,90,34,5,62,19,127,130,95,116,69" hai1="43,87,102,107,7,132,83,32,80,120,108,129,65" hai2="81,109,93,74,18,103,22,21,124,128,77,122,84" hai3="55,99,88,11,40,12,6,4,20,126,35,3,104"/><U16/><E120/><V33/><F122/><W53/><G126/><T117/><D34/><U59/><E32/><V86/><F33/><W131/><G131/><T97/><D115/><U96/><E129/><V39/><F128/><W61/><G35/><T47/><D130/><U57/><E132/><V17/><F39/><W23/><G40/><T24/><D111/><U134/><E134/><V98/><F109/><W73/><G73/><T25/><D127/><U82/><E108/><V44/><F124/><W114/><G114/><T10/><D62/><U64/><E7/><V13/><REACH who="2" step="1"/><F44/><REACH who="2" ten="198,302,240,250" step="2"/><W66/><G3/><T51/><D69/><U123/><E123/><V101/><F101/><W76/><G76/><T49/><D117/><U28/><E102/><V36/><F36/><W9/><G88/><T30/><D116/><U68/><E43/><V26/><AGARI ba="0,1" hai="13,17,18,21,22,26,74,77,81,84,86,93,98,103" machi="26" ten="20,2700,0" yaku="1,1,0,1,7,1,53,0" doraHai="41" doraHaiUra="29" who="2" fromWho="2" sc="198,-7,302,-13,240,37,250,-7" /><INIT seed="2,0,0,1,4,66" ten="191,289,277,243" oya="2" hai0="39,106,18,40,8,46,72,93,59,9,102,55,30" hai1="94,0,107,95,5,75,77,67,62,15,33,7,98" hai2="125,108,105,31,42,53,87,51,126,37,86,12,21" hai3="29,28,20,60,115,47,27,83,48,85,17,129,10"/><V23/><F105/><W57/><G129/><T84/><D72/><U13/><E33/><V111/><F42/><W121/><G121/><T80/><D106/><U124/><E0/><V130/><F37/><W81/><G115/><T69/><D30/><U117/><E117/><V49/><F130/><W68/><G68/><T119/><D119/><U16/><E107/><V97/><F97/><W54/><G10/><T35/><D35/><U101/><E124/><N who="2" m="47723" /><F49/><W44/><G44/><T104/><D104/><U134/><E134/><V24/><F12/><W120/><G120/><T112/><D112/><U132/><E13/><V58/><F21/><W61/><G61/><T56/><D18/><U92/><E132/><V128/><F128/><W90/><REACH who="3" step="1"/><G81/><REACH who="3" ten="191,289,277,233" step="2"/><T4/><D69/><U36/><E62/><V3/><F3/><W76/><G76/><T99/><D4/><U19/><E77/><V26/><F26/><W89/><G89/><T11/><REACH who="0" step="1"/><D55/><AGARI ba="0,1" hai="17,20,27,28,29,47,48,54,55,57,60,83,85,90" machi="55" ten="30,3900,0" yaku="1,1,7,1,8,1,53,0" doraHai="66" doraHaiUra="32" who="3" fromWho="0" sc="191,-39,289,0,277,0,233,49" /><INIT seed="3,0,0,3,4,73" ten="152,289,277,282" oya="3" hai0="24,82,127,41,70,60,59,25,29,10,77,124,40" hai1="126,18,38,117,20,86,66,55,54,119,128,109,76" hai2="104,69,110,125,79,43,50,44,135,32,2,129,108" hai3="1,132,35,45,33,9,88,15,3,131,130,75,116"/><W56/><G132/><T14/><D70/><U91/><E109/><V87/><F104/><W49/><G116/><N who="1" m="44618" /><E126/><V84/><F2/><N who="3" m="523" /><G75/><T68/><D68/><U0/><E38/><V99/><F69/><W120/><G56/><T12/><D59/><U30/><E0/><V74/><F32/><W57/><G57/><T96/><D96/><U21/><E66/><V100/><F135/><W23/><G23/><T94/><D94/><N who="1" m="54647" /><E76/><V95/><F125/><N who="0" m="48202" /><D60/><U62/><E62/><V122/><F122/><W16/><G88/><T8/><D8/><U111/><E111/><N who="2" m="42539" /><F129/><N who="3" m="49163" /><G120/><T93/><D93/><U106/><E106/><V36/><F36/><W113/><G113/><T31/><D10/><U102/><E102/><V27/><F27/><N who="0" m="10314" /><D14/><N who="1" m="9303" /><E128/><V13/><F13/><W133/><G133/><T37/><D12/><U123/><E123/><V64/><F64/><W47/><G47/><N who="0" m="23951" /><D41/><AGARI ba="0,0" hai="9,15,16,33,35,41,45,49" m="49163,523" machi="41" ten="30,2900,0" yaku="19,1,54,1" doraHai="73" who="3" fromWho="0" sc="152,-29,289,0,277,0,282,29" owari="123,-37.7,289,8.9,277,-12.3,311,41.1" /></mjloggm>