<mjloggm ver="2.3"><GO type="225" lobby="0"/><UN n0="%E5%91%A8%E6%9D%B1" n1="%6D%61%74%69%67%75%73%61" n2="%E3%82%BC%E3%83%AB%E3%83%80%E3%81%AE%E4%BC%9D%E8%AA%AC" n3="%E5%B8%86%E7%AB%8B%E5%A4%8F%E8%A1%A3" dan="16,17,17,17" rate="2174.34,2107.73,2140.94,2265.89" sx="M,M,M,M"/><TAIKYOKU oya="0"/><INIT seed="0,0,0,4,5,73" ten="250,250,250,250" oya="0" hai0="126,99,88,129,75,42,134,56,55,58,52,41,80" hai1="119,90,34,86,54,33,135,35,131,103,31,91,98" hai2="89,25,115,10,117,19,15,84,83,120,77,28,130" hai3="128,100,62,113,48,57,51,45,3,8,29,65,16"/><T79/><D129/><U14/><E119/><V47/><F120/><W132/><G132/><T9/><D134/><U70/><E135/><V102/><F115/><W127/><G127/><T67/><D67/><U104/><E131/><V78/><F130/><W6/><G113/><T61/><D126/><U122/><E122/><V74/><F117/><W5/><G128/><T101/><D9/><U64/><E90/><V72/><F72/><W13/><G29/><T39/><D88/><U76/><E54/><V1/><F1/><W50/><G100/><T121/><D39/><U105/><E14/><V22/><F74/><W20/><REACH who="3" step="1"/><G6/><REACH who="3" ten="250,250,250,240" step="2"/><T40/><D121/><U111/><E31/><V94/><F47/><AGARI ba="0,1" hai="3,5,8,13,16,20,45,47,48,50,51,57,62,65" machi="47" ten="40,8000,1" yaku="1,1,2,1,54,1,53,1" doraHai="73" doraHaiUra="60" who="3" fromWho="2" sc="250,0,250,0,250,-80,240,90" /><INIT seed="1,0,0,1,5,1" ten="250,250,170,330" oya="1" hai0="113,46,125,119,74,121,37,8,132,79,52,73,45" hai1="106,92,20,123,35,107,70,30,81,97,105,96,57" hai2="116,131,108,61,34,62,47,11,117,36,122,4,104" hai3="44,25,59,53,58,78,129,85,102,54,101,69,17"/><U126/><E70/><V77/><F104/><W71/><G129/><T5/><D119/><U124/><E35/><V109/><F77/><W51/><G71/><T10/><D113/><U95/><E57/><V98/><F98/><N who="1" m="37993" /><E20/><V21/><F36/><W55/><G69/><T99/><D121/><U24/><E24/><V82/><F82/><N who="3" m="47319" /><G102/><T91/><D132/><U40/><E40/><V110/><F122/><W93/><G93/><N who="1" m="35914" /><E30/><V87/><F87/><W26/><G101/><T27/><D37/><U130/><E123/><V83/><F83/><W2/><G2/><T84/><D45/><U94/><N who="1" m="35922" /><U133/><DORA hai="48" /><E130/><V6/><F34/><W86/><G86/><T75/><D84/><U41/><E41/><V72/><F72/><W128/><G128/><T16/><D75/><U76/><E133/><V114/><F131/><W18/><G26/><T49/><D27/><U100/><E100/><V67/><F114/><W66/><G66/><T112/><D112/><U28/><E28/><V80/><F67/><W135/><G135/><T111/><D74/><AGARI ba="0,0" hai="74,76,81,105,106,107,124,126" m="35922,37993" machi="74" ten="40,3900,0" yaku="34,2" doraHai="1,48" who="1" fromWho="0" sc="250,-39,250,39,170,0,330,0" /><INIT seed="1,1,0,2,3,71" ten="211,289,170,330" oya="1" hai0="103,30,104,48,122,29,131,25,78,97,114,54,135" hai1="74,42,32,132,123,35,9,99,40,85,44,80,116" hai2="130,55,10,24,70,13,129,18,22,91,51,39,120" hai3="15,33,96,124,125,72,56,75,4,87,128,90,31"/><U14/><E116/><V8/><F120/><W108/><G108/><T111/><D111/><U28/><E123/><V7/><F70/><W127/><G128/><T19/><D131/><U95/><E74/><V98/><F39/><W61/><G96/><T57/><D135/><U45/><E28/><V84/><F98/><W65/><G31/><T34/><D122/><U59/><E59/><V21/><F21/><W47/><G33/><T53/><D114/><U38/><E85/><V36/><F36/><W106/><G106/><T49/><D78/><U69/><E80/><V41/><F8/><N who="3" m="4487" /><G47/><T17/><REACH who="0" step="1"/><D30/><REACH who="0" ten="201,289,170,330" step="2"/><U60/><E132/><V102/><F130/><W115/><G115/><T83/><D83/><AGARI ba="1,1" hai="56,61,65,72,75,83,87,90,124,125,127" m="4487" machi="83" ten="30,1000,0" yaku="18,1" doraHai="71" who="3" fromWho="0" sc="201,-13,289,0,170,0,330,23" /><INIT seed="2,0,0,4,1,54" ten="188,289,170,353" oya="2" hai0="29,26,40,27,65,85,21,31,20,107,121,113,84" hai1="104,79,30,131,52,94,95,1,53,62,69,41,129" hai2="59,60,101,109,108,71,112,9,35,50,123,18,103" hai3="24,100,17,42,67,75,78,64,39,11,6,45,133"/><V105/><F35/><W16/><G133/><T43/><D113/><U49/><E104/><V15/><F123/><W28/><G100/><T125/><D107/><U19/><E1/><V13/><F112/><W115/><G67/><T36/><D121/><U2/><E2/><V80/><F105/><W98/><G98/><T70/><D125/><U96/><E30/><V90/><F71/><W77/><G64/><T128/><D128/><U86/><E19/><V5/><F50/><W56/><G56/><T99/><D99/><U61/><E41/><V134/><F134/><W12/><G115/><T92/><D36/><U34/><E34/><V23/><F90/><W25/><G75/><T8/><D8/><U33/><E33/><V48/><F48/><N who="3" m="26679" /><G28/><T110/><D110/><N who="2" m="42602" /><F80/><W0/><G0/><T32/><D32/><U57/><E49/><V58/><F58/><W76/><G39/><T116/><D116/><U91/><E69/><V47/><F47/><W117/><G117/><T89/><D70/><U55/><E131/><V74/><F74/><W68/><G68/><T119/><D119/><U120/><E129/><V88/><F88/><W66/><G66/><AGARI ba="0,0" hai="5,9,13,15,18,23,59,60,66,101,103" m="42602" machi="66" ten="30,5800,0" yaku="14,1,10,1,52,1" doraHai="54" who="2" fromWho="3" sc="188,0,289,0,170,58,353,-58" /><INIT seed="2,1,0,3,0,69" ten="188,289,228,295" oya="2" hai0="33,61,118,125,110,45,36,104,114,8,113,124,81" hai1="25,5,40,122,4,32,21,34,52,135,107,26,87" hai2="77,89,41,98,117,119,134,62,73,67,99,106,2" hai3="95,60,132,84,96,55,50,49,91,68,108,28,30"/><V123/><F2/><W88/><G108/><T59/><D33/><U7/><E107/><V42/><F123/><W37/><G37/><T23/><D104/><U116/><E122/><V39/><F134/><W9/><G132/><T35/><D35/><U17/><E135/><V15/><F15/><W48/><G9/><T127/><D81/><U10/><E40/><V72/><F89/><W46/><G68/><T6/><D23/><U86/><E116/><V71/><F41/><N who="3" m="24655" /><G60/><T133/><D133/><U76/><E76/><V79/><F98/><W57/><G50/><T121/><D121/><U29/><E32/><V83/><F79/><W70/><G70/><T16/><D118/><U111/><E111/><V112/><F112/><W126/><G126/><T53/><D110/><U97/><E97/><V75/><F117/><W11/><G11/><T85/><D85/><U54/><E10/><V105/><F119/><W131/><G131/><T82/><D82/><AGARI ba="1,0" hai="28,30,49,55,57,82,84,88,91,95,96" m="24655" machi="82" ten="30,2000,0" yaku="8,1,54,1" doraHai="69" who="3" fromWho="0" sc="188,-23,289,0,228,0,295,23" /><INIT seed="3,0,0,3,5,122" ten="165,289,228,318" oya="3" hai0="32,39,46,95,76,23,59,80,52,100,120,55,51" hai1="50,26,24,28,62,92,4,42,134,9,7,22,38" hai2="102,115,103,61,68,29,98,10,75,44,112,3,31" hai3="5,37,48,13,40,56,49,99,18,0,108,105,127"/><W78/><G108/><T65/><D120/><U19/><E38/><V36/><F31/><W16/><G127/><T27/><D32/><U106/><E106/><V43/><F102/><W66/><G78/><T15/><D15/><U123/><E134/><V111/><F111/><W34/><G34/><T73/><D65/><U84/><E62/><V130/><F130/><W119/><G119/><T69/><D69/><U2/><E4/><V93/><F75/><W86/><G0/><T125/><D125/><U74/><E74/><V135/><F29/><W118/><G118/><T60/><D39/><U117/><E123/><V82/><F82/><W25/><G86/><T67/><D100/><U33/><E117/><V71/><F71/><W58/><G99/><T124/><D124/><U11/><E11/><V14/><F3/><W77/><G77/><T121/><D121/><U83/><E92/><V64/><F135/><W133/><G105/><T126/><D95/><U110/><E110/><V114/><F114/><W132/><G37/><T107/><D107/><U53/><E42/><V101/><F101/><W35/><G40/><T131/><D126/><U109/><E109/><V6/><AGARI ba="0,0" hai="6,10,14,36,43,44,61,64,68,93,98,103,112,115" machi="6" ten="20,1500,0" yaku="0,1,7,1" doraHai="122" who="2" fromWho="2" sc="165,-4,289,-4,228,15,318,-7" owari="161,-33.9,285,8.5,243,-15.7,311,41.1" /></mjloggm>