<mjloggm ver="2.3"><GO type="225" lobby="0"/><UN n0="%E3%83%81%E3%83%A7%E3%83%99%E3%83%83%E3%82%AF" n1="%E3%82%A4%E3%83%BC%E3%82%B1%E3%83%97%E3%83%A9" n2="%79%7A%68%61%6E%67" n3="%E3%83%A9%E3%82%B9%E7%8E%87%EF%BC%93%E5%89%B2" dan="16,17,17,17" rate="2120.23,2209.95,2185.55,2210.39" sx="M,M,M,F"/><TAIKYOKU oya="0"/><INIT seed="0,0,0,2,1,64" ten="250,250,250,250" oya="0" hai0="122,123,55,47,69,75,63,46,32,60,3,18,106" hai1="86,56,7,28,29,5,48,96,88,65,132,91,111" hai2="126,53,80,6,129,97,107,115,25,133,50,101,93" hai3="49,125,37,105,45,89,24,22,72,113,90,34,85"/><T42/><D75/><U130/><E111/><V14/><F115/><W71/><G113/><T43/><D106/><U73/><E73/><V57/><F129/><W119/><G119/><T16/><D32/><U10/><E130/><V13/><F133/><W112/><G34/><T8/><D8/><U117/><E117/><V51/><F126/><W19/><G37/><T120/><D3/><U87/><E132/><V70/><F70/><W68/><G72/><T77/><D77/><U23/><E96/><V20/><F80/><W38/><G38/><T131/><D131/><U82/><E23/><V58/><F107/><W98/><G112/><T92/><D92/><U95/><E7/><V26/><F6/><W114/><G125/><T0/><D0/><U1/><REACH who="1" step="1"/><E65/><REACH who="1" ten="250,240,250,250" step="2"/><V121/><F121/><W17/><G114/><T135/><D135/><U67/><E67/><V39/><F39/><W94/><G19/><T102/><D18/><U36/><E36/><V74/><F74/><W21/><G21/><T100/><D16/><U78/><E78/><V61/><F20/><W81/><REACH who="3" step="1"/><G105/><REACH who="3" ten="250,240,250,240" step="2"/><T52/><D122/><U54/><AGARI ba="0,2" hai="1,5,10,28,29,48,54,56,82,86,87,88,91,95" machi="54" ten="30,4000,0" yaku="1,1,0,1,54,1,53,0" doraHai="64" doraHaiUra="40" who="1" fromWho="1" sc="250,-20,240,60,250,-10,240,-10" /><INIT seed="1,0,0,5,3,16" ten="230,300,240,230" oya="1" hai0="122,24,2,75,69,92,90,85,35,12,78,20,18" hai1="128,53,11,44,14,109,6,47,39,117,52,32,116" hai2="3,135,103,134,114,58,123,7,28,130,111,63,83" hai3="23,126,112,25,49,88,133,51,22,30,21,115,9"/><U87/><E32/><V120/><F111/><W34/><G133/><N who="2" m="50697" /><F130/><W131/><G131/><T106/><D69/><U62/><E128/><V57/><F114/><W89/><G9/><T73/><D122/><U96/><E109/><V119/><F119/><W95/><G126/><T50/><D106/><U81/><E96/><V26/><F103/><W66/><G66/><T79/><D75/><U129/><E129/><V29/><F83/><W43/><G89/><T1/><D73/><U31/><E31/><N who="2" m="11851" /><F26/><W67/><G67/><T55/><D24/><U124/><E124/><V82/><F82/><W59/><G59/><N who="2" m="22537" /><F63/><W36/><G36/><T77/><REACH who="0" step="1"/><D35/><REACH who="0" ten="220,300,240,230" step="2"/><U104/><E104/><V100/><F123/><W84/><REACH who="3" step="1"/><G43/><REACH who="3" ten="220,300,240,220" step="2"/><T121/><D121/><U107/><E117/><V8/><F120/><W0/><G0/><T40/><D40/><U61/><E116/><V94/><F100/><W110/><G110/><T37/><D37/><U125/><E125/><V38/><F38/><W86/><G86/><T98/><D98/><U5/><E39/><V76/><F76/><W80/><G80/><T41/><D41/><U113/><E87/><V91/><F91/><W99/><G99/><T33/><D33/><U42/><E81/><V13/><F94/><W102/><G102/><T93/><D93/><U19/><E42/><V74/><F74/><W60/><G60/><T54/><D54/><U71/><E62/><V132/><F132/><W108/><G108/><T17/><D17/><U15/><E61/><V97/><F97/><W65/><G65/><T72/><D72/><U70/><E19/><RYUUKYOKU ba="0,2" sc="220,10,300,-30,240,10,220,10" hai0="1,2,12,18,20,50,55,77,78,79,85,90,92" hai2="3,7,8,13" hai3="21,22,23,25,30,34,49,51,84,88,95,112,115" /><INIT seed="2,1,2,4,4,112" ten="230,270,250,230" oya="2" hai0="134,106,19,7,113,8,32,98,68,129,128,120,108" hai1="0,118,18,5,91,87,21,46,24,76,65,56,70" hai2="3,92,79,82,44,23,6,119,51,125,36,10,62" hai3="117,63,29,96,27,42,132,89,123,103,4,116,9"/><V83/><F119/><W45/><G123/><T88/><D68/><U86/><E118/><V122/><F122/><W74/><G74/><T77/><D113/><U97/><E70/><V53/><F125/><W40/><G89/><T64/><D77/><U114/><E114/><V12/><F36/><W124/><G63/><T35/><D64/><U71/><E71/><V94/><F62/><W110/><G42/><T126/><D108/><U67/><E0/><V17/><REACH who="2" step="1"/><F83/><REACH who="2" ten="230,270,240,230" step="2"/><W38/><G124/><T99/><D126/><U111/><E111/><V25/><F25/><W78/><G110/><T43/><D120/><U26/><E26/><V93/><F93/><W30/><G132/><T84/><D134/><U41/><E24/><V11/><F11/><W130/><G130/><T95/><D129/><U133/><E133/><V61/><F61/><W2/><G30/><T75/><D106/><U34/><E34/><V104/><F104/><W100/><G27/><T55/><D32/><U33/><E33/><V28/><F28/><W81/><G29/><T54/><D35/><U121/><E121/><V66/><F66/><W37/><G37/><T57/><D95/><U115/><E67/><V60/><F60/><W58/><G117/><T135/><D8/><U109/><E65/><V80/><F80/><W14/><G116/><T107/><D107/><U13/><E115/><V50/><F50/><W73/><G38/><T16/><D128/><U1/><E109/><V69/><F69/><W59/><G9/><T15/><D135/><U49/><E49/><V101/><F101/><W105/><G100/><RYUUKYOKU ba="1,3" sc="230,-10,270,-10,240,30,230,-10" hai2="3,6,10,12,17,23,44,51,53,79,82,92,94" /><INIT seed="2,2,3,1,4,35" ten="220,260,270,220" oya="2" hai0="111,16,4,12,63,22,39,100,15,124,55,41,57" hai1="81,32,102,62,133,1,121,48,115,43,71,69,83" hai2="28,51,20,47,123,120,74,94,25,109,79,38,110" hai3="108,93,53,37,101,96,89,85,106,40,76,131,9"/><V91/><F38/><W7/><G108/><N who="2" m="41577" /><F79/><W27/><G131/><T86/><D111/><U103/><E115/><V8/><F8/><W77/><G53/><T44/><D124/><U99/><E32/><V56/><F56/><W116/><G116/><T36/><D100/><U31/><E31/><V129/><F74/><W75/><G27/><T45/><D86/><U33/><E33/><V92/><F129/><W134/><G134/><T64/><D4/><U50/><E133/><V68/><F68/><W80/><G77/><T113/><D113/><U17/><E71/><V61/><F61/><W118/><G118/><T95/><D95/><N who="2" m="36394" /><F91/><W90/><G89/><T112/><D112/><U14/><E62/><V13/><F13/><W119/><G119/><T88/><D88/><U87/><E14/><V49/><F49/><W21/><G21/><T5/><D12/><U97/><E50/><V73/><F73/><W130/><G130/><T30/><D5/><U117/><E48/><V54/><AGARI ba="2,3" hai="20,25,28,47,51,54,120,123" m="36394,41577" machi="54" ten="30,3000,0" yaku="14,1,10,1" doraHai="35" who="2" fromWho="2" sc="220,-12,260,-12,270,66,220,-12" /><INIT seed="2,3,0,4,2,50" ten="208,248,336,208" oya="2" hai0="71,62,78,7,49,65,119,110,116,44,37,134,45" hai1="131,43,100,39,22,133,14,99,128,94,90,82,68" hai2="121,125,26,130,23,83,33,87,88,120,54,19,56" hai3="106,20,132,101,46,2,112,109,58,17,21,24,40"/><V127/><F33/><W115/><G2/><T76/><D110/><U12/><E68/><V27/><F27/><W28/><G109/><T84/><D7/><U42/><E133/><V51/><REACH who="2" step="1"/><F130/><REACH who="2" ten="208,248,326,208" step="2"/><W108/><G108/><T126/><D119/><U105/><E131/><V113/><F113/><W89/><G115/><T123/><D116/><U66/><E128/><V72/><F72/><W85/><G112/><T79/><D134/><U52/><E12/><V135/><F135/><W124/><G132/><T13/><D13/><U15/><E14/><V59/><F59/><W29/><G58/><T122/><D122/><AGARI ba="3,1" hai="19,23,26,51,54,56,83,87,88,120,121,122,125,127" machi="122" ten="40,7700,0" yaku="1,1,52,1,54,1,53,0" doraHai="50" doraHaiUra="10" who="2" fromWho="0" sc="208,-86,248,0,326,96,208,0" /><INIT seed="2,4,0,2,1,83" ten="122,248,422,208" oya="2" hai0="9,109,44,70,133,93,29,82,98,5,31,113,84" hai1="73,30,76,54,69,121,108,65,131,46,68,42,132" hai2="81,22,55,116,119,122,24,128,62,117,53,86,4" hai3="43,87,50,91,36,2,16,32,1,110,27,107,129"/><V38/><F122/><W101/><G110/><T6/><D70/><U105/><E105/><V23/><F38/><W79/><G129/><T66/><D66/><U112/><E112/><V124/><F128/><W15/><G79/><T51/><D109/><U72/><E131/><V63/><F124/><W88/><G36/><T20/><D133/><U135/><E108/><V40/><F40/><W130/><G91/><T64/><D64/><U134/><E121/><V60/><F4/><W8/><G130/><T28/><D20/><U103/><E103/><V96/><F96/><W56/><G101/><T123/><D123/><U25/><E54/><V97/><F97/><W14/><G14/><T10/><D113/><U118/><E118/><V33/><F33/><W106/><G107/><T49/><D49/><N who="1" m="26839" /><E76/><V57/><F53/><W13/><G13/><T12/><D98/><U102/><E102/><V26/><F55/><W127/><G127/><T104/><D104/><U85/><E85/><V39/><F39/><W3/><G106/><T125/><D93/><U89/><E89/><V115/><F115/><W52/><G43/><N who="0" m="24991" /><D125/><U74/><E65/><V11/><F117/><W59/><G32/><AGARI ba="4,0" hai="25,30,32,68,69,72,73,74,132,134,135" m="26839" machi="32" ten="40,1300,0" yaku="20,1" doraHai="83" who="1" fromWho="3" sc="122,0,248,25,422,0,208,-25" /><INIT seed="3,0,0,5,3,15" ten="122,273,422,183" oya="3" hai0="63,45,51,94,119,22,14,106,99,56,123,103,9" hai1="127,68,5,11,48,60,124,17,118,27,89,86,43" hai2="101,87,53,107,28,100,52,97,13,104,132,125,25" hai3="121,80,66,54,1,82,91,7,10,39,72,98,21"/><W62/><G121/><T34/><D119/><U93/><E118/><V35/><F125/><N who="1" m="48201" /><E68/><V133/><F87/><W92/><G72/><T57/><D34/><U55/><E60/><V70/><F70/><W77/><G39/><T37/><D37/><U88/><E43/><V0/><F0/><W116/><G77/><T49/><D123/><U112/><E112/><V3/><F3/><W74/><G74/><T71/><D71/><U30/><E89/><V20/><F13/><W8/><G8/><T40/><D106/><U126/><N who="1" m="48209" /><U42/><DORA hai="114" /><E42/><V50/><F35/><W83/><G54/><T128/><D128/><U2/><E17/><V115/><F115/><W29/><G116/><T19/><D51/><U131/><E131/><V47/><F53/><W122/><G122/><T102/><D57/><N who="1" m="32999" /><E27/><V4/><F4/><W95/><G62/><T111/><D111/><U41/><E41/><V44/><F44/><W64/><REACH who="3" step="1"/><G95/><REACH who="3" ten="122,273,422,173" step="2"/><T61/><D61/><U69/><E93/><V130/><F130/><W81/><N who="3" m="20480" /><DORA hai="6" /><W108/><G108/><T120/><D120/><U31/><E11/><V76/><F76/><W78/><G78/><T129/><D129/><U134/><E2/><V85/><F104/><W75/><G75/><T113/><D113/><U96/><E5/><V58/><F107/><W36/><G36/><T18/><D9/><U67/><E69/><V109/><F109/><W73/><G73/><T38/><D38/><U32/><E134/><V33/><F132/><W46/><G46/><T135/><D135/><U65/><E65/><V84/><F133/><RYUUKYOKU ba="0,1" sc="122,-10,273,-10,422,-10,173,30" hai3="1,7,10,21,29,64,66,91,92,98" /><INIT seed="3,1,1,2,2,135" ten="112,263,412,203" oya="3" hai0="70,133,0,86,33,42,115,114,19,64,28,90,50" hai1="68,18,78,99,66,60,25,129,85,37,40,43,132" hai2="59,45,118,77,105,51,46,56,89,69,125,32,58" hai3="82,35,47,48,31,113,75,23,119,92,8,1,12"/><W2/><G113/><T127/><D133/><U117/><E132/><V21/><F125/><W30/><G119/><T84/><D0/><U4/><E117/><V53/><F32/><W123/><G123/><T52/><D42/><U97/><E129/><V5/><F69/><W93/><G35/><T49/><D49/><U71/><E71/><V80/><F105/><W3/><G75/><T16/><D127/><U62/><E4/><V107/><F107/><W100/><G82/><T15/><D33/><U109/><E109/><V101/><F101/><W34/><G34/><T20/><D28/><U91/><E78/><V54/><F5/><W94/><G23/><T88/><D64/><U63/><E66/><V67/><F67/><W74/><G74/><T17/><D70/><U81/><E68/><V111/><F111/><W122/><G100/><T83/><D115/><U65/><E65/><V61/><F89/><W27/><G27/><T36/><D36/><U98/><E37/><V96/><F96/><W76/><G76/><T24/><D24/><U95/><E81/><V22/><F118/><W87/><G87/><T112/><D112/><U108/><E108/><V6/><F6/><W73/><G73/><T79/><D114/><U10/><E25/><V39/><F21/><W126/><G126/><T134/><D134/><U106/><E106/><V102/><F22/><W120/><G120/><T14/><D14/><AGARI ba="1,1" hai="10,14,18,40,43,60,62,63,85,91,95,97,98,99" machi="14" ten="40,1300,0" yaku="8,1" doraHai="135" who="1" fromWho="0" sc="112,-16,263,26,412,0,203,0" owari="96,-40.4,289,8.9,412,51.2,203,-19.7" /></mjloggm>