<mjloggm ver="2.3"><GO type="225" lobby="0"/><UN n0="%E3%81%8B%E3%82%8F%E3%81%A1%E3%82%83%E3%82%93%35%38" n1="%E6%B8%A9%E2%98%85%E6%83%85%E2%98%85%E6%8E%AA%E2%98%85%E7%BD%AE" n2="%E6%97%A5%E6%9B%9C%E6%97%A5%E3%82%88%E3%82%8A%E3%81%AE%E4%BD%BF%E8%80%85" n3="%43%68%65" dan="16,17,16,16" rate="2138.50,2212.39,2161.91,2190.20" sx="M,M,M,M"/><TAIKYOKU oya="0"/><INIT seed="0,0,0,5,3,106" ten="250,250,250,250" oya="0" hai0="68,83,57,85,107,34,76,4,109,130,108,9,125" hai1="135,50,80,100,33,48,89,24,123,117,40,94,118" hai2="0,39,110,55,78,116,18,20,70,44,5,115,133" hai3="12,1,69,114,124,119,30,72,112,92,102,11,90"/><T88/><D68/><U27/><E123/><V52/><F115/><W99/><G119/><T42/><D107/><U36/><E36/><V54/><F70/><W97/><G124/><T87/><D34/><U65/><E33/><V6/><F116/><W104/><G1/><T60/><D42/><U101/><E135/><V47/><F133/><W3/><G3/><T91/><D130/><U41/><E94/><V81/><F110/><N who="0" m="42602" /><D85/><U61/><E80/><V28/><F28/><W71/><G71/><T103/><D103/><U10/><E10/><V19/><F0/><W26/><G69/><T84/><D84/><U32/><E32/><V62/><F62/><W96/><G96/><T134/><D134/><U31/><E31/><V7/><F39/><W2/><G2/><N who="0" m="151" /><D125/><U46/><E101/><V51/><F44/><W93/><G104/><T66/><AGARI ba="0,0" hai="57,60,66,76,83,87,88,91" m="151,42602" machi="66" ten="30,6000,0" yaku="14,1,10,1,54,1" doraHai="106" who="0" fromWho="0" sc="250,60,250,-20,250,-20,250,-20" /><INIT seed="0,1,0,2,1,92" ten="310,230,230,230" oya="0" hai0="88,6,15,31,123,22,46,84,109,17,4,63,104" hai1="80,85,7,47,99,18,40,74,110,108,128,105,37" hai2="58,125,11,117,52,101,111,38,28,68,53,103,89" hai3="71,10,12,98,29,20,112,127,93,70,132,90,124"/><T48/><D123/><U66/><E128/><V2/><F68/><W116/><G112/><T25/><D109/><N who="1" m="42091" /><E7/><V73/><F38/><W5/><G116/><T16/><D63/><U36/><E66/><V14/><F73/><W13/><G132/><T134/><D104/><U79/><E18/><V91/><F2/><W102/><G102/><N who="2" m="38921" /><F111/><W21/><G21/><T49/><D134/><U56/><E105/><V27/><F125/><N who="3" m="48203" /><G13/><T19/><D15/><U9/><E9/><V57/><F117/><W51/><G51/><N who="0" m="19531" /><D46/><U126/><E126/><V95/><F27/><AGARI ba="1,0" hai="5,10,12,20,27,29,70,71,90,93,98" m="48203" machi="27" ten="30,2000,0" yaku="18,1,52,1" doraHai="92" who="3" fromWho="2" sc="310,0,230,0,230,-23,230,23" /><INIT seed="1,0,0,2,5,20" ten="310,230,207,253" oya="1" hai0="45,120,68,64,44,40,130,43,72,22,126,133,62" hai1="2,12,82,66,105,87,65,18,118,132,70,11,32" hai2="34,110,107,127,108,76,116,122,88,124,119,128,1" hai3="111,117,49,16,14,91,83,4,57,86,38,89,50"/><U96/><E118/><N who="2" m="45099" /><F1/><W90/><G117/><T9/><D72/><U98/><E132/><V63/><F34/><W85/><G38/><T100/><D100/><U42/><E32/><V30/><F30/><W73/><G111/><N who="2" m="42537" /><F107/><W15/><G73/><T134/><D9/><U37/><E2/><V13/><F76/><N who="3" m="46311" /><G4/><T60/><D22/><U21/><E105/><V26/><F13/><N who="3" m="4619" /><G16/><T3/><D3/><U54/><E11/><V97/><F63/><W129/><G129/><T35/><D35/><U79/><E12/><V6/><F6/><W61/><G86/><T8/><D8/><U69/><E18/><V7/><F7/><W59/><G59/><T53/><D130/><U24/><E69/><V52/><F128/><W112/><G112/><T27/><D68/><U28/><E70/><V46/><F122/><W25/><G25/><T125/><D27/><U80/><E24/><V29/><F29/><W51/><G51/><T104/><D104/><U67/><E28/><V74/><F74/><W36/><G36/><T99/><D99/><U94/><E21/><V33/><F26/><W48/><G48/><T135/><D135/><U78/><E98/><V95/><F33/><W102/><G102/><T41/><D41/><U103/><E42/><V55/><F46/><W131/><G131/><T106/><D106/><U47/><E47/><V39/><F39/><W123/><G123/><T84/><D120/><U121/><E121/><V113/><F113/><W58/><G58/><T5/><D5/><U10/><E37/><V109/><F109/><W75/><G75/><T23/><D134/><RYUUKYOKU ba="0,0" sc="310,-15,230,-15,207,15,253,15" hai2="52,55,88,95,97,124,127" hai3="49,50,57,61,89,90,91" /><INIT seed="2,1,0,5,4,6" ten="295,215,222,268" oya="2" hai0="30,47,96,127,76,42,14,60,78,84,95,9,91" hai1="26,37,92,25,35,13,120,77,83,22,51,17,43" hai2="2,1,16,7,87,72,85,106,11,115,10,133,125" hai3="48,20,135,98,82,99,112,109,38,111,102,31,44"/><V122/><F115/><W79/><G38/><T59/><D127/><U118/><E118/><V52/><F122/><W73/><G112/><T19/><D30/><U33/><E37/><V46/><F106/><W75/><G75/><T32/><D32/><U40/><E120/><V53/><F72/><W68/><G68/><T55/><REACH who="0" step="1"/><D96/><REACH who="0" ten="285,215,222,268" step="2"/><U54/><E35/><V15/><F125/><W103/><G99/><T132/><D132/><U8/><E33/><V80/><F133/><W56/><G135/><T3/><D3/><U113/><E113/><V86/><F1/><W128/><G98/><T74/><D74/><U65/><E26/><V4/><F4/><W18/><G31/><T124/><D124/><U93/><E65/><V34/><F34/><W116/><G73/><T69/><D69/><U100/><E100/><V62/><F62/><W21/><G103/><T123/><D123/><U49/><E25/><V105/><F105/><W61/><G102/><T41/><D41/><U104/><E104/><V117/><F117/><W70/><G116/><T110/><D110/><U24/><E43/><V107/><F107/><W45/><G111/><T39/><AGARI ba="1,1" hai="9,14,19,39,42,47,55,59,60,76,78,84,91,95" machi="39" ten="20,5200,0" yaku="1,1,0,1,7,1,52,1,53,0" doraHai="6" doraHaiUra="134" who="0" fromWho="0" sc="285,65,215,-14,222,-27,268,-14" /><INIT seed="3,0,0,3,3,94" ten="350,201,195,254" oya="3" hai0="67,107,88,126,101,97,40,46,82,43,26,59,70" hai1="71,61,102,125,27,15,84,73,111,48,128,113,99" hai2="37,80,93,19,121,13,127,22,83,78,91,2,30" hai3="66,17,62,95,112,5,33,77,124,52,72,75,14"/><W133/><G112/><T68/><D43/><U98/><E73/><V56/><F37/><W116/><G116/><T51/><D126/><U8/><E113/><V9/><F127/><W45/><G124/><T117/><D117/><U12/><E125/><V35/><F121/><W123/><G123/><T96/><D26/><U11/><E71/><V135/><F135/><W6/><G33/><T23/><D23/><U106/><E111/><V118/><F118/><W25/><G133/><T49/><D96/><N who="1" m="36907" /><E106/><V105/><F105/><W53/><G25/><T108/><D108/><U65/><E102/><V1/><F35/><W34/><G34/><T10/><D10/><N who="1" m="3627" /><E128/><V90/><F1/><W79/><G95/><T132/><D132/><U120/><E120/><V29/><F2/><W47/><G75/><T18/><D70/><U3/><E3/><V103/><F103/><W41/><G72/><T81/><D68/><U74/><E74/><V50/><F93/><W76/><G5/><T89/><D101/><U60/><E27/><N who="2" m="16631" /><F30/><W115/><G6/><T134/><D107/><U32/><E32/><V58/><F78/><W63/><G115/><T131/><D134/><U42/><E84/><N who="2" m="50439" /><F50/><W31/><G79/><T85/><D49/><U86/><E86/><AGARI ba="0,0" hai="9,13,19,56,58,83,86,91" m="50439,16631" machi="86" ten="30,1000,0" yaku="8,1" doraHai="94" who="2" fromWho="1" sc="350,0,201,-10,195,10,254,0" owari="350,45.0,191,-30.9,205,-19.5,254,5.4" /></mjloggm>