<mjloggm ver="2.3"><GO type="225" lobby="0"/><UN n0="%E3%81%8B%E3%82%8F%E3%81%A1%E3%82%83%E3%82%93%35%38" n1="%E3%82%8F%E3%81%8B%E3%81%B0%2A%E3%82%AC%E3%83%BC%E3%83%AB" n2="%E3%83%A9%E3%83%BC%E3%83%A1%E3%83%B3%E4%BA%94%E9%83%8E" n3="%E3%83%96%E3%83%83%E3%83%91%E3%82%AA%E3%83%96%E3%83%81%E3%82%AD%E3%83%B3" dan="16,16,16,17" rate="2149.30,2061.75,2172.20,2156.54" sx="M,M,M,M"/><TAIKYOKU oya="0"/><INIT seed="0,0,0,3,4,131" ten="250,250,250,250" oya="0" hai0="38,52,85,134,79,128,69,48,56,71,8,13,91" hai1="113,5,44,132,22,37,50,104,63,10,25,81,20" hai2="74,93,26,61,32,55,105,97,98,80,72,7,15" hai3="58,40,106,0,90,73,87,68,78,125,114,12,84"/><T110/><D128/><U43/><E113/><V34/><F105/><W17/><G114/><T57/><D38/><U89/><E104/><V100/><F98/><W1/><G68/><T75/><D110/><U102/><E102/><V112/><F112/><W35/><G35/><T123/><D123/><U6/><E37/><V41/><F41/><W11/><G125/><T118/><D118/><U19/><E132/><V94/><F94/><W99/><G40/><T121/><D121/><U88/><E81/><V62/><F26/><W30/><G30/><T96/><D96/><U28/><E63/><V14/><F55/><W130/><G130/><T109/><D109/><U76/><E76/><V46/><F46/><W86/><G58/><T47/><D75/><U59/><E59/><V119/><F119/><W49/><G49/><T115/><D79/><U67/><E67/><V64/><F62/><W24/><G24/><T65/><D115/><U70/><E70/><N who="0" m="26633" /><D65/><U129/><E129/><V135/><F74/><W133/><G133/><T92/><D134/><U33/><E33/><N who="2" m="12907" /><F135/><W4/><G106/><T16/><D92/><U9/><E9/><N who="2" m="4415" /><F15/><N who="3" m="5607" /><G99/><T21/><D21/><U124/><E124/><V117/><F117/><W101/><G101/><T126/><D126/><U54/><E43/><V122/><F122/><W45/><G73/><T53/><D53/><U23/><E23/><V111/><F111/><W107/><G107/><T31/><D31/><U116/><E116/><V120/><F120/><W60/><G78/><T77/><D77/><U29/><E22/><V27/><F72/><W36/><G36/><RYUUKYOKU ba="0,0" sc="250,30,250,-10,250,-10,250,-10" hai0="8,13,16,47,48,52,56,57,85,91" /><INIT seed="0,1,0,1,0,119" ten="280,240,240,240" oya="0" hai0="14,96,13,24,6,131,106,133,26,34,47,60,127" hai1="66,62,35,91,73,81,10,23,38,7,116,64,15" hai2="128,61,135,21,70,39,31,92,93,65,67,52,85" hai3="68,102,27,129,130,82,107,42,104,41,89,25,118"/><T99/><D106/><N who="3" m="40489" /><G68/><T117/><D34/><U84/><E116/><V16/><F39/><W36/><G118/><T123/><D117/><U1/><E38/><V0/><F0/><W108/><G102/><T5/><D60/><U59/><E73/><V4/><F4/><W9/><G36/><T56/><D56/><U20/><E35/><V112/><F112/><W126/><G9/><T55/><D55/><U69/><E1/><V30/><F67/><W29/><G108/><T37/><D37/><U72/><E72/><V101/><F128/><N who="3" m="49259" /><G126/><T120/><D131/><U32/><E32/><V134/><F52/><W57/><G57/><T125/><REACH who="0" step="1"/><D133/><REACH who="0" ten="270,240,240,240" step="2"/><U110/><E110/><V22/><F135/><W95/><G82/><T111/><D111/><U17/><E69/><V19/><F134/><W76/><G76/><T40/><D40/><U12/><E66/><V71/><F71/><W103/><G42/><T46/><AGARI ba="1,1" hai="5,6,13,14,24,26,46,47,96,99,120,123,125,127" machi="46" ten="25,18000,2" yaku="1,1,0,1,22,2,52,2,53,0" doraHai="119" doraHaiUra="58" who="0" fromWho="0" sc="270,193,240,-61,240,-61,240,-61" /><INIT seed="0,2,0,2,2,11" ten="463,179,179,179" oya="0" hai0="93,52,97,12,99,92,16,55,94,41,73,33,9" hai1="95,101,5,113,89,62,126,50,77,14,85,119,133" hai2="84,104,60,120,123,47,10,6,135,106,116,51,34" hai3="31,63,76,36,7,122,72,54,39,4,43,86,125"/><T78/><D33/><U107/><E119/><V74/><F74/><W24/><G72/><T112/><D112/><U98/><E113/><V28/><F116/><W75/><G75/><T80/><D41/><U20/><E126/><V15/><F135/><W109/><G109/><T45/><D45/><U38/><E38/><V56/><F84/><W0/><G125/><T115/><D115/><U91/><E133/><V69/><F69/><W18/><G122/><T114/><D114/><U132/><E132/><V128/><F128/><W82/><G18/><T110/><D110/><U59/><E50/><V61/><F61/><W129/><G129/><T100/><D93/><U131/><E131/><V67/><F106/><W117/><G117/><T29/><D29/><U25/><E77/><V3/><F104/><W105/><G105/><T90/><AGARI ba="2,0" hai="9,12,16,52,55,73,78,80,90,92,94,97,99,100" machi="90" ten="20,12000,1" yaku="0,1,7,1,52,1,54,2" doraHai="11" who="0" fromWho="0" sc="463,126,179,-42,179,-42,179,-42" /><INIT seed="0,3,0,4,2,41" ten="589,137,137,137" oya="0" hai0="135,47,14,48,9,128,131,99,23,102,6,117,44" hai1="77,101,5,16,67,72,49,121,82,25,134,15,52" hai2="103,114,0,21,70,20,62,113,58,2,11,132,42" hai3="8,91,109,50,93,88,29,129,43,112,31,3,36"/><T104/><D117/><U83/><E121/><V122/><F122/><W39/><G112/><T115/><D115/><U81/><E134/><V118/><F70/><W32/><G109/><T22/><D135/><U97/><E67/><V66/><F132/><W35/><G129/><N who="0" m="49739" /><D48/><U26/><E5/><V92/><F118/><W59/><G3/><T68/><D68/><U17/><E77/><V57/><F114/><W37/><G8/><T38/><D38/><U45/><E72/><V124/><F113/><W105/><G105/><T65/><D65/><U120/><E120/><V64/><F124/><W126/><G126/><T51/><D51/><U123/><E123/><V73/><F73/><W33/><G91/><T75/><D75/><U40/><E40/><V46/><F0/><W80/><G80/><T133/><D133/><U94/><E17/><V71/><F71/><W12/><G12/><T28/><D28/><U100/><E100/><V54/><F66/><W96/><REACH who="3" step="1"/><G59/><REACH who="3" ten="589,137,137,127" step="2"/><T79/><D79/><U87/><E87/><V63/><F2/><W27/><G27/><T86/><D86/><U18/><E18/><V125/><F125/><W116/><G116/><T108/><D108/><U95/><E95/><V106/><F106/><W13/><G13/><T85/><D85/><U10/><AGARI ba="3,1" hai="10,15,16,25,26,45,49,52,81,82,83,94,97,101" machi="10" ten="30,8000,1" yaku="0,1,8,1,52,1,54,2" doraHai="41" who="1" fromWho="1" sc="589,-43,137,99,137,-23,127,-23" /><INIT seed="1,0,0,1,3,45" ten="546,236,114,104" oya="1" hai0="87,79,39,117,56,25,26,102,4,75,118,120,82" hai1="99,73,61,50,23,107,49,67,53,62,72,126,128" hai2="7,69,135,20,41,113,84,80,47,123,64,0,133" hai3="21,29,34,97,96,36,10,95,131,11,12,35,85"/><U54/><E107/><V78/><F123/><W92/><G36/><T106/><D39/><U109/><E99/><V103/><F113/><W66/><G131/><T93/><D4/><U22/><E128/><V134/><F103/><N who="3" m="60807" /><G35/><T40/><D40/><U119/><E109/><V6/><F0/><W46/><G34/><T13/><D13/><U58/><E126/><V15/><F69/><W81/><G66/><T42/><D42/><U125/><E125/><V105/><F64/><W8/><G46/><T65/><D65/><U132/><E132/><V91/><F105/><W101/><G29/><T114/><D56/><U83/><E83/><V90/><F20/><N who="1" m="7721" /><E72/><V57/><F57/><W88/><G21/><T112/><D25/><U71/><E73/><V74/><F15/><AGARI ba="0,0" hai="8,10,11,12,15,81,85,88,95,97,101" m="60807" machi="15" ten="30,2000,0" yaku="8,1,54,1" doraHai="45" who="3" fromWho="2" sc="546,0,236,0,114,-20,104,20" /><INIT seed="2,0,0,3,1,126" ten="546,236,94,124" oya="2" hai0="19,77,16,78,51,15,84,124,69,114,106,26,76" hai1="74,37,6,115,27,7,90,125,72,81,133,107,56" hai2="5,80,94,128,82,98,120,59,67,2,112,79,20" hai3="34,129,41,29,47,32,48,33,99,135,57,52,121"/><V132/><F112/><W108/><G121/><T68/><D114/><U11/><E115/><V117/><F117/><W105/><G108/><T71/><D106/><U60/><E107/><V134/><F120/><W50/><G135/><N who="2" m="51753" /><F20/><W61/><G129/><T97/><D97/><U116/><E37/><V96/><F96/><W21/><G21/><T55/><D124/><U64/><E116/><V45/><F45/><W3/><G3/><T110/><D110/><U85/><E125/><V4/><F2/><W102/><REACH who="3" step="1"/><G29/><REACH who="3" ten="546,236,94,114" step="2"/><T63/><D63/><AGARI ba="0,1" hai="32,33,34,41,47,48,50,52,57,61,63,99,102,105" machi="63" ten="40,5200,0" yaku="1,1,2,1,54,1,53,0" doraHai="126" doraHaiUra="113" who="3" fromWho="0" sc="546,-52,236,0,94,0,114,62" /><INIT seed="3,0,0,2,3,22" ten="494,236,94,176" oya="3" hai0="121,19,6,59,33,117,72,85,80,71,32,124,112" hai1="131,103,62,51,34,42,54,127,15,35,25,92,41" hai2="3,21,83,108,52,44,98,102,88,2,128,40,104" hai3="100,135,10,43,30,129,46,58,39,13,113,7,36"/><W82/><G113/><T119/><D71/><U16/><E127/><V132/><F108/><W48/><G129/><T20/><D72/><U9/><E131/><V79/><F132/><W0/><G135/><T75/><D75/><U123/><E123/><V28/><F128/><W18/><G100/><T122/><D59/><U38/><E38/><V118/><F118/><N who="0" m="45066" /><D85/><U101/><E62/><V91/><F2/><W76/><G30/><T47/><D47/><N who="1" m="28031" /><E35/><N who="0" m="13385" /><D80/><U60/><E34/><V45/><F3/><W12/><G58/><T84/><D84/><U23/><E60/><V99/><F99/><W116/><G0/><T68/><D68/><U5/><E92/><V78/><F52/><W57/><G57/><T120/><D124/><U105/><E105/><V94/><F104/><W50/><G50/><T126/><D126/><U86/><E86/><V110/><F110/><W106/><G106/><T107/><D107/><U63/><E63/><V134/><F134/><W73/><G116/><T90/><D112/><U65/><E65/><V81/><F45/><W115/><G115/><T89/><D6/><U125/><E125/><V87/><F81/><W24/><G39/><T133/><D133/><U17/><E5/><V66/><F66/><W95/><G36/><T96/><D96/><U4/><E4/><V61/><F61/><W37/><G37/><T11/><D11/><U69/><E69/><V31/><F79/><W130/><G130/><T8/><D8/><U111/><E111/><V77/><F77/><W1/><G1/><T67/><D67/><U93/><E93/><V70/><F70/><RYUUKYOKU ba="0,0" sc="494,15,236,15,94,-15,176,-15" hai0="19,20,89,90,120,121,122" hai1="9,15,16,17,23,25,41,42,101,103" owari="509,60.9,251,5.1,79,-42.1,161,-23.9" /></mjloggm>