<mjloggm ver="2.3"><GO type="225" lobby="0"/><UN n0="%E3%81%A8%E3%82%89%E3%81%84%E3%81%A1" n1="%E5%8D%A0%E3%81%84%E5%B8%AB%E8%A3%8F%E3%81%AA%E3%81%84%E3%81%97" n2="%E6%A1%9C%E8%8A%B1%E9%96%83%E3%80%85" n3="%E4%BF%BA%E3%81%A8%E5%A6%96%E5%A4%A2" dan="16,17,16,16" rate="2141.43,2180.51,2095.93,2164.46" sx="M,M,M,F"/><TAIKYOKU oya="0"/><INIT seed="0,0,0,5,5,61" ten="250,250,250,250" oya="0" hai0="21,108,8,98,60,49,131,6,116,23,99,115,118" hai1="42,112,32,11,124,62,37,68,56,104,69,5,82" hai2="13,129,39,41,92,72,125,9,46,7,26,114,100" hai3="55,113,30,133,57,3,45,17,33,14,31,27,44"/><T15/><D115/><U67/><E32/><V40/><F114/><W58/><G113/><T79/><D131/><U16/><E112/><V54/><F129/><W122/><G3/><T34/><D34/><U121/><E121/><V53/><F125/><W38/><G122/><T0/><D108/><U97/><E124/><V63/><F72/><W106/><G106/><T87/><D116/><U83/><E69/><V24/><F40/><W117/><G117/><T78/><D118/><U91/><E68/><V127/><F127/><W80/><G133/><T47/><D60/><U81/><E37/><V94/><F54/><W19/><G38/><T109/><D109/><U22/><E42/><V75/><F75/><W4/><G4/><T70/><D70/><U48/><E48/><V35/><F100/><W25/><G80/><N who="0" m="47511" /><D79/><U130/><E130/><V88/><F92/><W28/><G28/><T105/><D0/><U96/><E104/><V29/><F26/><W50/><G44/><T102/><D99/><U18/><E91/><V107/><F107/><W20/><REACH who="3" step="1"/><G17/><REACH who="3" ten="250,250,250,240" step="2"/><T51/><D51/><U36/><E36/><V93/><F93/><W110/><G110/><T76/><D49/><U103/><E18/><V10/><F7/><W65/><G65/><T89/><D47/><U120/><E120/><V86/><F39/><W43/><G43/><T135/><D135/><U119/><E119/><V64/><F41/><W111/><G111/><T123/><D123/><U66/><E66/><V101/><F64/><W52/><G52/><T85/><D105/><U73/><E67/><V12/><F53/><RYUUKYOKU ba="0,1" sc="250,-10,250,-10,250,-10,240,30" hai3="14,19,20,25,27,30,31,33,45,50,55,57,58" /><INIT seed="1,1,1,5,2,18" ten="240,240,240,270" oya="1" hai0="1,45,73,56,19,133,49,101,119,4,75,37,90" hai1="38,2,44,26,100,107,53,98,72,15,36,24,115" hai2="23,74,0,113,55,59,116,121,62,28,33,118,114" hai3="71,92,68,29,70,135,105,54,67,91,83,17,7"/><U124/><E2/><V27/><F121/><W65/><G105/><T9/><D119/><U81/><E115/><N who="2" m="44043" /><F74/><W5/><G135/><T108/><D108/><U122/><E122/><V43/><F0/><W50/><G83/><T89/><D133/><U46/><E124/><V76/><F76/><W21/><G29/><T86/><D101/><U66/><E66/><V69/><F69/><W134/><G65/><T32/><D32/><U20/><E15/><V85/><F85/><W117/><G67/><T130/><D130/><U82/><E24/><N who="2" m="18567" /><F43/><W58/><G117/><T80/><D75/><U13/><E13/><V132/><F132/><W64/><G64/><T31/><D31/><AGARI ba="1,1" hai="23,27,31,55,59,62,116,118" m="18567,44043" machi="31" ten="30,2000,0" yaku="11,1,52,1" doraHai="18" who="2" fromWho="0" sc="240,-23,240,0,240,33,270,0" /><INIT seed="2,0,0,1,5,67" ten="217,240,273,270" oya="2" hai0="47,114,93,28,60,133,102,46,20,75,48,27,25" hai1="26,110,21,92,70,61,128,73,101,91,16,112,100" hai2="98,11,41,53,77,8,31,76,68,5,33,72,96" hai3="117,106,13,115,126,107,50,123,129,54,81,3,43"/><V80/><F76/><W116/><G123/><T19/><D114/><U52/><E52/><V69/><BYE who="1" /><F53/><UN n1="%E5%8D%A0%E3%81%84%E5%B8%AB%E8%A3%8F%E3%81%AA%E3%81%84%E3%81%97" /><W64/><G3/><T38/><D75/><U35/><E112/><V49/><F11/><W79/><G115/><T125/><D125/><U45/><E73/><V30/><F30/><W124/><G43/><T104/><D104/><N who="3" m="39977" /><G64/><T82/><D133/><U87/><E110/><V118/><F118/><W83/><G13/><T40/><D82/><N who="3" m="31241" /><G79/><T134/><D134/><U119/><E119/><N who="3" m="45642" /><G50/><T63/><D38/><U4/><E128/><V6/><F49/><W111/><G54/><T127/><D127/><N who="3" m="48681" /><G111/><T65/><D46/><U109/><E109/><V36/><F5/><W12/><G12/><T7/><D7/><U103/><E35/><V99/><F33/><W85/><G85/><T97/><REACH who="0" step="1"/><D65/><REACH who="0" ten="207,240,273,270" step="2"/><U17/><E45/><N who="2" m="23719" /><F31/><W130/><AGARI ba="0,1" hai="129,130" m="48681,45642,31241,39977" machi="130" ten="40,8000,1" yaku="28,2,18,1,34,2" doraHai="67" who="3" fromWho="3" sc="207,-20,240,-20,273,-40,270,90" /><INIT seed="3,0,0,1,4,106" ten="187,220,233,360" oya="3" hai0="126,50,39,96,20,109,103,21,62,86,82,44,90" hai1="101,69,111,22,35,14,4,61,66,53,57,40,117" hai2="38,9,113,133,121,71,33,77,37,15,129,45,3" hai3="16,75,123,85,13,19,18,72,67,34,99,128,88"/><W83/><G123/><T87/><D109/><U60/><E111/><V32/><F113/><W41/><G34/><N who="2" m="13417" /><F15/><W122/><G122/><T54/><D126/><U25/><E117/><V48/><F48/><W2/><G2/><T10/><D39/><U26/><E35/><V17/><F17/><W130/><G41/><T124/><D124/><U78/><E101/><V89/><F89/><W112/><G112/><T98/><D98/><U65/><E40/><V64/><F121/><W5/><G67/><T7/><D86/><U81/><E66/><V6/><F45/><W93/><G13/><T30/><D30/><U43/><E43/><V11/><F133/><W63/><G63/><T134/><D62/><U118/><E118/><V91/><F91/><W107/><G5/><T46/><D46/><U29/><E25/><V31/><F31/><W76/><G72/><T12/><REACH who="0" step="1"/><D134/><REACH who="0" ten="177,220,233,360" step="2"/><U132/><E132/><V125/><F125/><W94/><G99/><T84/><D84/><U110/><E110/><V95/><F38/><W24/><G107/><AGARI ba="0,1" hai="7,10,12,20,21,44,50,54,82,87,90,96,103,107" machi="107" ten="30,2000,0" yaku="1,1,7,1,53,0" doraHai="106" doraHaiUra="73" who="0" fromWho="3" sc="177,30,220,0,233,0,360,-20" owari="207,-29.3,220,-18.0,233,3.3,340,44.0" /></mjloggm>