<mjloggm ver="2.3"><GO type="225" lobby="0"/><UN n0="%72%69%6F%75%63%68%61%6E" n1="%E3%82%8F%E3%81%8B%E3%81%B0%2A%E3%82%AC%E3%83%BC%E3%83%AB" n2="%72%61%6B%33" n3="%4B%2E%32%2E%4B%2E" dan="16,16,16,16" rate="2146.80,2073.82,2134.29,2169.18" sx="M,M,M,M"/><TAIKYOKU oya="0"/><INIT seed="0,0,0,2,0,21" ten="250,250,250,250" oya="0" hai0="56,32,86,30,75,113,98,95,128,116,82,33,6" hai1="106,107,135,129,43,121,93,8,60,44,61,5,99" hai2="38,47,53,9,22,57,49,0,1,2,15,103,123" hai3="104,16,77,29,68,24,42,39,26,105,96,36,85"/><T91/><D113/><U25/><E121/><V31/><F123/><W71/><G77/><T3/><D128/><U66/><E129/><V89/><F103/><W94/><G85/><T76/><D116/><U70/><E135/><V97/><F97/><W19/><G42/><T134/><D134/><U7/><E61/><V52/><F89/><W109/><G29/><T120/><D120/><U81/><E81/><V10/><F38/><W78/><G78/><T101/><D30/><U127/><E127/><V118/><F118/><W84/><G84/><T12/><D3/><U48/><E25/><N who="3" m="9834" /><G94/><T27/><D27/><U67/><E67/><V72/><F72/><W108/><G19/><T64/><D12/><U69/><E70/><N who="3" m="26666" /><G16/><T126/><D126/><U18/><E18/><V92/><F92/><W102/><G105/><N who="0" m="63671" /><D6/><U17/><E17/><N who="2" m="10559" /><F31/><W65/><G65/><T58/><D64/><U132/><E5/><V88/><F0/><W112/><G112/><T62/><D62/><U119/><E119/><V111/><F1/><W41/><G41/><T51/><D56/><U35/><E107/><V83/><F2/><W74/><G74/><T131/><D131/><U28/><E106/><V63/><F88/><W55/><G55/><AGARI ba="0,0" hai="32,33,51,55,58,75,76,82,86,91,95" m="63671" machi="55" ten="30,1500,0" yaku="24,1" doraHai="21" who="0" fromWho="3" sc="250,15,250,0,250,0,250,-15" /><INIT seed="0,1,0,0,1,67" ten="265,250,250,235" oya="0" hai0="49,132,64,70,108,1,12,23,14,110,104,19,95" hai1="87,54,24,106,76,18,98,20,37,68,48,91,93" hai2="29,105,22,38,60,61,124,41,36,47,8,28,114" hai3="13,107,79,120,96,9,123,4,122,126,89,5,16"/><T66/><D132/><U75/><E37/><V55/><F105/><W116/><G116/><T62/><D104/><U53/><E68/><V56/><F114/><W57/><G126/><T17/><D1/><U92/><E48/><V32/><F124/><W81/><G57/><T3/><D3/><U2/><E2/><V10/><F32/><W7/><G89/><T11/><D64/><U77/><E93/><V134/><F134/><W52/><G52/><T131/><D131/><U86/><E86/><V30/><F22/><W73/><REACH who="3" step="1"/><G4/><REACH who="3" ten="265,250,250,225" step="2"/><T88/><REACH who="0" step="1"/><D49/><REACH who="0" ten="255,250,250,225" step="2"/><U71/><E71/><V119/><F38/><W121/><N who="3" m="30720" /><DORA hai="101" /><W118/><G118/><T27/><D27/><U39/><E24/><V34/><F119/><W59/><G59/><T135/><D135/><U97/><E39/><V82/><F56/><W21/><G21/><T129/><D129/><U109/><E20/><V78/><F36/><W44/><G44/><T112/><D112/><U51/><E51/><V80/><F47/><W111/><G111/><T26/><D26/><U85/><E109/><V6/><F61/><W102/><AGARI ba="1,2" hai="5,7,9,13,16,73,79,81,96,102,107" m="30720" machi="102" ten="60,8000,1" yaku="1,1,0,1,13,1,52,1,54,1,53,0" doraHai="67,101" doraHaiUra="25,65" who="3" fromWho="3" sc="255,-41,250,-21,250,-21,225,103" /><INIT seed="1,0,0,3,3,66" ten="214,229,229,328" oya="1" hai0="76,85,53,131,19,7,87,92,37,59,103,86,125" hai1="33,4,97,79,112,127,64,23,104,30,71,42,5" hai2="60,63,88,115,31,20,135,75,18,61,102,67,3" hai3="106,120,56,65,114,108,25,40,128,17,0,39,24"/><U44/><E112/><V10/><F115/><W89/><G114/><T1/><D125/><U91/><E127/><V122/><F122/><W111/><G120/><T116/><D116/><U28/><E79/><V8/><F75/><W133/><G0/><T94/><D131/><U82/><E33/><V99/><F135/><W105/><G133/><T72/><D37/><U46/><E46/><V74/><F74/><W57/><G128/><T13/><D7/><U15/><E104/><V96/><F31/><W36/><G89/><T69/><D69/><U95/><E82/><V119/><F119/><W49/><G49/><T73/><D1/><U130/><E130/><V77/><F77/><W83/><G83/><N who="0" m="47335" /><D72/><U132/><E132/><V11/><F3/><W12/><G25/><T55/><D73/><U109/><E109/><N who="3" m="42058" /><G24/><T58/><D103/><U43/><E43/><V26/><F88/><W124/><G124/><T70/><D86/><U78/><E78/><V9/><N who="2" m="2048" /><DORA hai="117" /><V38/><F38/><W48/><G57/><N who="0" m="21515" /><D70/><U27/><E30/><V81/><F81/><W22/><G65/><T21/><D87/><U98/><E98/><V90/><F90/><W32/><G32/><T45/><D45/><U16/><E64/><V2/><F2/><W47/><G39/><T118/><D118/><U123/><E71/><V14/><F67/><W100/><G100/><T110/><D110/><U84/><E84/><V93/><F99/><W41/><G41/><T51/><D51/><N who="1" m="27031" /><E123/><V34/><F34/><W50/><G36/><T35/><D35/><U126/><E126/><V101/><F101/><RYUUKYOKU ba="0,0" sc="214,0,229,0,229,0,328,0" hai0="13,19,21,53,55,92,94" hai1="4,5,15,16,23,27,28,91,95,97" hai2="14,18,20,26,60,61,63,93,96,102" hai3="12,17,22,40,47,48,50,56,105,106" /><INIT seed="1,1,0,3,0,7" ten="214,229,229,328" oya="1" hai0="101,124,48,98,38,52,64,0,53,35,81,100,90" hai1="111,102,123,129,95,49,75,66,127,8,58,60,113" hai2="12,59,25,109,84,110,65,115,89,16,99,68,57" hai3="77,47,126,51,107,83,44,128,24,71,79,29,97"/><U55/><E113/><V45/><F115/><W104/><G71/><T41/><D124/><U21/><E123/><V10/><F99/><W120/><G120/><T114/><D114/><U134/><E127/><V118/><F118/><W50/><G126/><T22/><D35/><U26/><E75/><V131/><F131/><W132/><G132/><T43/><D0/><U54/><E134/><V15/><F25/><W76/><G83/><T4/><D64/><U92/><E129/><V85/><F45/><W122/><G122/><T17/><D4/><U42/><E42/><N who="0" m="15881" /><D38/><U96/><E111/><N who="2" m="42507" /><F85/><W11/><G51/><T28/><D28/><N who="1" m="17487" /><E92/><N who="2" m="54311" /><F15/><W14/><G14/><N who="0" m="9527" /><D81/><U70/><E70/><V119/><F119/><W91/><G107/><T80/><D80/><U94/><E94/><V69/><F69/><W121/><G104/><T2/><D2/><U72/><E72/><V133/><F133/><W3/><G121/><T78/><D78/><U46/><E54/><V20/><F20/><W135/><G135/><T39/><D39/><U86/><E86/><V116/><F116/><W112/><G112/><T93/><D53/><U19/><E19/><V73/><F73/><W6/><G128/><T5/><D5/><U108/><E108/><V87/><F87/><W63/><G79/><T32/><D32/><U31/><E31/><V117/><F117/><W23/><G77/><T1/><D1/><U62/><E62/><AGARI ba="1,0" hai="10,12,16,57,59,62,65,68" m="54311,42507" machi="62" ten="30,3900,0" yaku="14,1,52,1,54,1" doraHai="7" who="2" fromWho="1" sc="214,0,229,-42,229,42,328,0" /><INIT seed="2,0,0,4,1,117" ten="214,187,271,328" oya="2" hai0="79,51,22,28,113,37,104,0,102,58,98,31,7" hai1="111,122,14,105,41,130,108,107,39,13,103,123,34" hai2="120,97,119,52,121,23,57,25,90,70,87,115,42" hai3="126,74,17,12,29,20,45,116,38,46,4,94,21"/><V135/><F119/><W1/><G116/><T48/><D113/><U32/><E130/><V19/><F70/><W83/><G126/><T132/><D37/><U127/><E103/><V99/><F115/><W96/><G1/><T131/><D131/><U100/><E100/><V60/><F135/><W33/><G33/><N who="1" m="12906" /><E127/><V44/><F97/><W72/><G4/><T125/><D125/><U133/><E133/><V8/><F8/><W2/><G2/><T66/><D132/><U49/><E49/><V3/><F3/><W50/><G38/><T95/><D79/><U76/><E76/><V93/><F87/><W78/><G72/><T89/><D31/><U69/><E69/><V47/><F47/><W68/><G68/><T77/><D77/><U35/><N who="1" m="12914" /><U61/><DORA hai="75" /><E61/><V10/><F10/><W11/><G29/><T88/><D0/><U5/><E5/><V56/><F56/><W101/><G45/><T118/><D7/><U65/><E65/><V15/><F15/><N who="1" m="5641" /><E41/><AGARI ba="0,0" hai="11,12,17,20,21,41,46,50,74,78,83,94,96,101" machi="41" ten="30,2000,0" yaku="7,1,52,1" doraHai="117,75" who="3" fromWho="1" sc="214,0,187,-20,271,0,328,20" /><INIT seed="3,0,0,3,3,9" ten="214,167,271,348" oya="3" hai0="5,71,123,90,28,89,102,81,17,19,100,53,77" hai1="122,65,115,52,67,85,131,119,103,62,47,61,63" hai2="104,49,20,55,105,40,2,70,46,18,32,78,117" hai3="114,45,56,27,66,69,4,97,130,42,0,74,35"/><W132/><G74/><T16/><D123/><U43/><E122/><V121/><F121/><W50/><G114/><T34/><D71/><U31/><E115/><V101/><F117/><W92/><G130/><T75/><D5/><U111/><E119/><V107/><F32/><W8/><G132/><T110/><D110/><U37/><E111/><V79/><F2/><W127/><G127/><T87/><D90/><U11/><E31/><V99/><F70/><W86/><G69/><T44/><D53/><U33/><E33/><V64/><F64/><N who="1" m="24649" /><E85/><V22/><F22/><W94/><G86/><T6/><D6/><U39/><E11/><V72/><F72/><W113/><G113/><T91/><D44/><N who="1" m="23663" /><E103/><N who="0" m="39465" /><D34/><U1/><E1/><V129/><F78/><W82/><G82/><T26/><D75/><U135/><E135/><V24/><F79/><W73/><G97/><T112/><D112/><U12/><E12/><V96/><F96/><W7/><G7/><T13/><D13/><U109/><E109/><V36/><F107/><W133/><G133/><T106/><D106/><U57/><E131/><V68/><F129/><W125/><G73/><T83/><D83/><U3/><E3/><V76/><F105/><W84/><G4/><T59/><D28/><U118/><E118/><V10/><F104/><W15/><G0/><T98/><D98/><U124/><E124/><V41/><F99/><W21/><G35/><T60/><D26/><U25/><E25/><V93/><F24/><W54/><G27/><T80/><D80/><U38/><E47/><V116/><F116/><W23/><G125/><RYUUKYOKU ba="0,0" sc="214,15,167,15,271,-15,348,-15" hai0="16,17,19,59,60,77,81,87,89,91" hai1="38,39,52,57,61,62,63" owari="229,-17.1,182,-31.8,256,5.6,333,43.3" /></mjloggm>