<mjloggm ver="2.3"><GO type="225" lobby="0"/><UN n0="%E3%81%A4%E3%81%A3%E3%81%B1%E3%82%8A%E3%83%9D%E3%83%BC%E3%83%AB" n1="%E3%83%96%E3%83%83%E3%83%91%E3%82%AA%E3%83%96%E3%83%81%E3%82%AD%E3%83%B3" n2="%E6%A1%9C%E8%8A%B1%E9%96%83%E3%80%85" n3="%E9%A6%AC%E5%BC%95%E7%81%AB%33" dan="17,16,16,16" rate="2112.79,2142.56,2100.90,2146.53" sx="M,M,M,M"/><TAIKYOKU oya="0"/><INIT seed="0,0,0,5,3,12" ten="250,250,250,250" oya="0" hai0="73,39,105,86,124,37,75,28,24,117,122,44,103" hai1="93,8,57,119,20,72,88,4,94,87,81,112,113" hai2="6,41,15,133,31,3,32,95,27,66,65,19,0" hai3="132,71,47,48,17,26,34,101,58,25,96,62,135"/><T33/><D117/><U36/><E119/><V21/><F133/><N who="3" m="51275" /><G71/><T5/><D122/><U100/><E36/><V99/><F41/><N who="3" m="24687" /><G34/><T118/><D118/><U1/><E100/><V80/><F80/><W134/><N who="3" m="51283" /><W52/><DORA hai="107" /><G17/><T128/><D128/><U43/><E43/><V9/><REACH who="2" step="1"/><F0/><REACH who="2" ten="250,250,240,250" step="2"/><W74/><G74/><T125/><D75/><U63/><E72/><V30/><F30/><W123/><G123/><T29/><D29/><U14/><E113/><V120/><F120/><W61/><G61/><T116/><D73/><U11/><E112/><V42/><F42/><W69/><G69/><T114/><D116/><U35/><E63/><V130/><F130/><W111/><G111/><T68/><D114/><U102/><E1/><V51/><F51/><W59/><G59/><T90/><D68/><U46/><E57/><V129/><F129/><W82/><G82/><T55/><D39/><U98/><E81/><V23/><F23/><W79/><G79/><T45/><D37/><U109/><E20/><V60/><F60/><W77/><G77/><T110/><D110/><U127/><E109/><V104/><F104/><AGARI ba="0,1" hai="25,26,52,58,62,96,101,104" m="24687,51283" machi="104" ten="40,2600,0" yaku="20,1,54,1" doraHai="12,107" who="3" fromWho="2" sc="250,0,250,0,240,-26,250,36" /><INIT seed="1,0,0,2,3,26" ten="250,250,214,286" oya="1" hai0="79,100,127,83,117,49,58,34,41,110,61,101,3" hai1="33,16,70,67,28,119,84,107,124,125,116,90,25" hai2="68,27,6,112,19,95,134,2,36,120,81,52,35" hai3="80,32,44,111,86,104,72,114,123,43,121,118,96"/><U5/><E107/><V115/><F120/><W129/><G32/><T64/><D117/><U76/><E5/><V11/><F68/><W60/><G114/><N who="2" m="43561" /><F36/><W99/><G72/><T21/><D34/><U133/><E76/><V39/><F39/><W69/><G111/><T30/><D3/><U74/><E74/><V98/><F134/><W22/><G118/><T50/><D110/><U78/><E78/><V23/><F35/><W9/><G129/><T17/><D127/><N who="1" m="48715" /><E133/><V73/><F81/><W102/><G9/><T14/><D30/><U63/><E16/><N who="2" m="12775" /><F73/><W1/><G69/><T91/><D79/><U128/><E128/><V12/><F52/><W126/><G80/><AGARI ba="0,0" hai="25,28,33,63,67,70,80,84,90,116,119" m="48715" machi="80" ten="30,2900,0" yaku="18,1,52,1" doraHai="26" who="1" fromWho="3" sc="250,0,250,29,214,0,286,-29" /><INIT seed="1,1,0,5,0,102" ten="250,279,214,257" oya="1" hai0="6,95,36,54,81,101,123,126,77,130,17,76,83" hai1="40,23,43,3,67,53,47,57,79,135,56,112,80" hai2="66,34,94,119,1,93,115,86,122,106,99,109,29" hai3="75,72,91,124,71,78,131,31,51,5,98,9,129"/><U85/><E112/><V55/><F119/><W110/><G110/><T68/><D36/><U133/><E3/><V64/><F122/><W58/><G124/><T28/><D68/><U37/><E40/><V7/><F109/><W132/><G132/><N who="1" m="50762" /><E67/><V108/><F108/><W116/><G71/><T61/><D126/><U18/><E53/><V84/><F115/><W52/><G116/><T88/><D123/><U11/><E11/><V100/><F55/><W24/><G98/><N who="0" m="57703" /><D101/><U44/><E44/><V114/><F114/><W134/><G91/><T127/><D28/><U60/><E60/><V104/><F1/><N who="3" m="175" /><G78/><N who="0" m="30315" /><D6/><U96/><E96/><V118/><F7/><W13/><G13/><AGARI ba="1,0" hai="13,18,23,37,43,47,56,57,79,80,85" m="50762" machi="13" ten="30,1500,0" yaku="20,1" doraHai="102" who="1" fromWho="3" sc="250,0,279,18,214,0,257,-18" /><INIT seed="1,2,0,3,5,80" ten="250,297,214,239" oya="1" hai0="127,76,5,79,16,25,104,22,0,72,3,60,122" hai1="108,59,81,91,19,6,121,129,132,73,2,61,109" hai2="101,24,51,69,11,126,74,14,50,13,34,12,90" hai3="35,18,115,43,85,89,116,29,58,30,111,37,110"/><U102/><E121/><V83/><F126/><W52/><G115/><T10/><D127/><U20/><E102/><V88/><F69/><W123/><G123/><T113/><D113/><U99/><E129/><V95/><F34/><W63/><G116/><T119/><D119/><U47/><E132/><V77/><F24/><W97/><G97/><T62/><D122/><U31/><E31/><V92/><F101/><W75/><G75/><T54/><D104/><U44/><E2/><V114/><F114/><W65/><G65/><T131/><D131/><U96/><E6/><V103/><F103/><W55/><G55/><T46/><D0/><U135/><E135/><V124/><F11/><W23/><G43/><T40/><D72/><U125/><E125/><V56/><F124/><W66/><G66/><T32/><D32/><U17/><E73/><V84/><REACH who="2" step="1"/><F56/><REACH who="2" ten="250,297,204,239" step="2"/><W53/><G35/><T134/><D134/><U100/><E59/><V7/><F7/><W27/><G37/><T33/><D33/><U57/><E57/><V87/><AGARI ba="2,1" hai="12,13,14,50,51,74,77,83,84,87,88,90,92,95" machi="87" ten="30,12000,2" yaku="1,1,0,1,9,1,52,2,54,1,53,0" doraHai="80" doraHaiUra="98" who="2" fromWho="2" sc="250,-32,297,-62,204,136,239,-32" /><INIT seed="2,0,0,4,3,14" ten="218,235,340,207" oya="2" hai0="93,29,32,119,66,128,45,69,39,72,117,112,17" hai1="28,76,96,6,92,60,67,42,80,4,55,9,130" hai2="81,8,3,110,111,83,89,118,54,24,129,127,82" hai3="22,61,109,15,35,63,43,90,37,65,40,47,73"/><V1/><F118/><N who="0" m="45066" /><D112/><U13/><E130/><V56/><F129/><W121/><G121/><T86/><D128/><U87/><E28/><V36/><F36/><W106/><G109/><N who="2" m="41481" /><F127/><W114/><G114/><T46/><D72/><U95/><E42/><V57/><F24/><W99/><G73/><T51/><D39/><U88/><E55/><V58/><F89/><W103/><G35/><T20/><D29/><U52/><E95/><V48/><F8/><W7/><G43/><T59/><D69/><U75/><E75/><V132/><F132/><W23/><G90/><N who="0" m="53463" /><D32/><U107/><E107/><V120/><F120/><W125/><G125/><T113/><D113/><U11/><E52/><N who="2" m="31751" /><F58/><W30/><G30/><T84/><D51/><AGARI ba="0,0" hai="1,3,51,54,57,81,82,83" m="31751,41481" machi="51" ten="30,5800,0" yaku="14,1,10,1,54,1" doraHai="14" who="2" fromWho="0" sc="218,-58,235,0,340,58,207,0" /><INIT seed="2,1,0,1,2,34" ten="160,235,398,207" oya="2" hai0="129,122,80,134,48,47,111,123,98,119,84,42,50" hai1="46,13,116,75,97,44,78,73,125,30,59,33,60" hai2="1,7,94,74,127,54,95,63,2,101,82,92,104" hai3="106,66,41,89,20,31,0,19,88,64,70,72,109"/><V18/><F127/><W10/><G72/><T52/><D111/><U126/><E116/><V22/><F7/><W55/><G106/><T38/><D119/><U62/><E13/><V16/><F104/><W121/><G121/><T40/><D129/><U112/><E112/><V77/><F101/><W49/><G109/><T93/><D134/><U81/><E97/><V102/><F102/><W53/><G41/><T117/><D117/><U9/><E9/><V115/><F115/><W86/><G70/><T11/><D38/><U90/><E90/><N who="3" m="34922" /><G0/><T124/><D124/><N who="1" m="47723" /><E75/><V57/><REACH who="2" step="1"/><F16/><REACH who="2" ten="160,235,388,207" step="2"/><W45/><G31/><T79/><D11/><U110/><E110/><V87/><F87/><W103/><G86/><T43/><D123/><U58/><E30/><V29/><F29/><W14/><G103/><N who="0" m="60879" /><D122/><U25/><E25/><AGARI ba="1,1" hai="1,2,18,22,25,54,57,63,74,77,82,92,94,95" machi="25" ten="40,7700,0" yaku="1,1,52,2,53,0" doraHai="34" doraHaiUra="36" who="2" fromWho="1" sc="160,0,235,-80,388,90,207,0" /><INIT seed="2,2,0,4,4,130" ten="160,155,478,207" oya="2" hai0="53,83,18,6,25,104,82,68,59,101,16,126,118" hai1="79,124,61,111,89,78,24,3,39,107,52,98,1" hai2="121,120,30,41,108,22,49,81,48,80,46,19,74" hai3="29,11,33,65,86,9,64,47,84,35,28,94,105"/><V56/><F30/><N who="3" m="11883" /><G105/><T36/><D68/><U132/><E39/><V31/><F31/><W122/><G122/><T75/><D36/><U4/><E111/><V87/><F74/><W90/><G35/><T15/><D118/><U45/><E124/><V44/><F108/><W110/><G33/><T69/><D69/><U40/><E24/><V129/><F129/><W99/><G110/><T95/><D104/><U57/><E132/><V106/><F106/><W0/><G0/><T85/><D75/><U131/><E131/><V119/><F119/><W133/><G133/><T32/><D126/><U128/><E128/><V34/><F34/><W14/><G47/><T66/><D66/><N who="3" m="25705" /><G9/><N who="0" m="4535" /><D32/><U23/><E23/><V63/><F63/><W134/><G134/><T100/><D25/><U12/><E12/><V7/><F56/><W8/><G8/><T70/><D70/><U20/><E20/><V51/><F7/><AGARI ba="2,0" hai="7,11,14,84,86,90,94,99" m="25705,11883" machi="7" ten="30,1000,0" yaku="8,1" doraHai="130" who="3" fromWho="2" sc="160,0,155,0,478,-16,207,16" /><INIT seed="3,0,0,2,1,8" ten="160,155,462,223" oya="3" hai0="122,86,76,133,69,56,97,82,22,77,64,132,48" hai1="70,102,68,36,58,110,27,25,33,105,93,117,88" hai2="67,100,127,115,52,11,83,73,23,43,34,37,51" hai3="81,108,18,24,10,129,46,111,128,61,49,40,20"/><W72/><G10/><T19/><D122/><U45/><E110/><N who="3" m="42026" /><G61/><N who="0" m="37927" /><D69/><U101/><E117/><V131/><F11/><W63/><G63/><T62/><D62/><U0/><E0/><V29/><F43/><W118/><G118/><T55/><D97/><U42/><E58/><V74/><F37/><W121/><G121/><T41/><D41/><U50/><E36/><V28/><F51/><W130/><G81/><T57/><D133/><U13/><E13/><V92/><F83/><W106/><G106/><T134/><D134/><U26/><E33/><V120/><F34/><W107/><G107/><T6/><D6/><U16/><E16/><V113/><F120/><W123/><G123/><T119/><D119/><U47/><E47/><V12/><F67/><W7/><G72/><T125/><D125/><U60/><E60/><V85/><F127/><W30/><G7/><T90/><D132/><U15/><E15/><AGARI ba="0,0" hai="15,19,22,48,55,57,76,77,82,86,90" m="37927" machi="15" ten="30,2000,0" yaku="8,1,52,1" doraHai="8" who="0" fromWho="1" sc="160,20,155,-20,462,0,223,0" owari="180,-22.0,135,-36.5,462,56.2,223,2.3" /></mjloggm>