<mjloggm ver="2.3"><GO type="225" lobby="0"/><UN n0="%E5%91%A8%E6%9D%B1" n1="%E8%81%B7%E6%A5%AD%E3%80%81%E9%A2%A8%32" n2="%72%69%6F%75%63%68%61%6E" n3="%E3%81%A4%E3%81%A3%E3%81%B1%E3%82%8A%E3%83%9D%E3%83%BC%E3%83%AB" dan="16,16,16,17" rate="2180.33,2190.12,2091.18,2165.28" sx="M,M,M,M"/><TAIKYOKU oya="0"/><INIT seed="0,0,0,3,5,30" ten="250,250,250,250" oya="0" hai0="74,32,6,82,69,71,65,107,88,133,97,122,24" hai1="48,86,43,50,84,130,54,110,42,114,47,21,19" hai2="25,76,67,125,91,78,68,8,117,49,73,33,100" hai3="39,37,123,83,93,111,9,59,116,4,103,53,26"/><T56/><D122/><U127/><E110/><V134/><F125/><W106/><G116/><T0/><D133/><U22/><E127/><V102/><F134/><W90/><G111/><T94/><D107/><U23/><E114/><V87/><F117/><W108/><G108/><T13/><D0/><U61/><E130/><V14/><F73/><W80/><G123/><T5/><D56/><U112/><E112/><V105/><F49/><W44/><G106/><T118/><D118/><U20/><E61/><N who="2" m="40047" /><F100/><W120/><G103/><T131/><D131/><U35/><E35/><V70/><F70/><W124/><G124/><T11/><D5/><U115/><E115/><V81/><F14/><N who="3" m="5415" /><G37/><T27/><D65/><U64/><E64/><V60/><F60/><N who="3" m="35951" /><G39/><T29/><REACH who="0" step="1"/><D24/><REACH who="0" ten="240,250,250,250" step="2"/><U96/><E96/><N who="2" m="61639" /><F8/><W129/><G129/><T98/><D98/><U34/><E34/><V75/><F75/><W38/><G120/><T46/><D46/><N who="1" m="27927" /><E43/><V77/><F25/><AGARI ba="0,1" hai="19,20,21,22,23,25,42,47,50,84,86" m="27927" machi="25" ten="30,1000,0" yaku="8,1" doraHai="30" who="1" fromWho="2" sc="240,0,250,20,250,-10,250,0" /><INIT seed="1,0,0,0,0,113" ten="240,270,240,250" oya="1" hai0="98,87,97,6,40,55,8,57,49,124,25,109,28" hai1="82,48,75,59,4,120,105,3,13,62,131,134,53" hai2="36,30,46,0,130,39,89,2,63,112,94,64,21" hai3="79,123,38,60,34,81,128,26,56,42,27,110,125"/><U5/><E120/><V11/><F112/><W95/><G123/><T100/><D109/><U68/><E105/><V10/><F130/><W69/><G69/><T116/><D116/><U78/><E131/><V92/><F46/><W126/><G128/><T135/><D124/><N who="3" m="47721" /><G34/><T101/><D40/><U72/><E3/><V104/><F104/><W117/><G110/><T84/><D135/><U41/><E134/><V71/><F0/><W9/><G9/><T32/><D98/><U106/><E106/><V77/><F77/><W107/><G107/><T127/><D127/><U15/><E75/><V61/><F94/><W122/><G122/><T14/><REACH who="0" step="1"/><D100/><REACH who="0" ten="230,270,240,250" step="2"/><U67/><REACH who="1" step="1"/><E41/><REACH who="1" ten="230,260,240,250" step="2"/><V33/><F39/><W24/><G42/><T29/><D29/><U83/><E83/><V85/><F36/><W19/><G38/><T51/><D51/><U111/><E111/><V118/><F30/><W103/><G81/><T76/><D76/><U74/><E74/><V22/><F118/><W45/><G79/><T93/><AGARI ba="0,2" hai="6,8,14,25,28,32,49,55,57,84,87,93,97,101" machi="93" ten="20,2700,0" yaku="1,1,0,1,7,1,53,0" doraHai="113" doraHaiUra="66" who="0" fromWho="0" sc="230,47,260,-13,240,-7,250,-7" /><INIT seed="2,0,0,5,4,13" ten="277,247,233,243" oya="2" hai0="88,3,109,77,111,2,53,42,39,19,96,124,29" hai1="102,122,17,118,35,123,56,93,80,94,50,44,106" hai2="63,98,103,65,119,130,14,21,52,7,76,18,49" hai3="32,127,12,79,84,46,26,107,54,99,47,71,59"/><V11/><F130/><W132/><G71/><T0/><D124/><U120/><E35/><V135/><F135/><W115/><G127/><T83/><D29/><U67/><E118/><V92/><F119/><W91/><G132/><T68/><D68/><U37/><E37/><V82/><F63/><W97/><G79/><T5/><D53/><U43/><E80/><V30/><F30/><W78/><G78/><T33/><D33/><U116/><E116/><V105/><F65/><W85/><G85/><T24/><D5/><U101/><E106/><V128/><F128/><W110/><G110/><N who="0" m="41995" /><D42/><U6/><E6/><V25/><F105/><W60/><G115/><T74/><D39/><U72/><E72/><V125/><F125/><W61/><G61/><T69/><D69/><U121/><N who="1" m="30720" /><DORA hai="81" /><U114/><E114/><V27/><F82/><N who="3" m="49559" /><G107/><T108/><D108/><U23/><E67/><V9/><F76/><W8/><G26/><N who="2" m="9737" /><F7/><N who="3" m="3103" /><G32/><T15/><D24/><N who="1" m="14447" /><E56/><AGARI ba="0,0" hai="9,11,14,18,21,49,52,56,92,98,103" m="9737" machi="56" ten="30,5800,0" yaku="8,1,52,1,54,1" doraHai="13,81" who="2" fromWho="1" sc="277,0,247,-58,233,58,243,0" /><INIT seed="2,1,0,5,5,52" ten="277,189,291,243" oya="2" hai0="131,2,50,49,90,55,121,65,84,58,57,66,48" hai1="15,63,30,126,76,40,135,79,74,32,44,46,68" hai2="80,111,9,89,61,6,122,98,118,38,4,18,77" hai3="69,73,104,25,83,128,92,129,110,100,3,14,133"/><V103/><F118/><W120/><G3/><T125/><D121/><U54/><E126/><V11/><F122/><W105/><G69/><T17/><D125/><U62/><E135/><V8/><F38/><W41/><G41/><T34/><D34/><U97/><E97/><V96/><F111/><W23/><G120/><T95/><D2/><U1/><E1/><V56/><F18/><W132/><G14/><T91/><D131/><N who="3" m="50249" /><G110/><T99/><D17/><U112/><E112/><V93/><F77/><N who="1" m="29769" /><E74/><V42/><F42/><W102/><G83/><N who="0" m="49439" /><D55/><U108/><E108/><V85/><REACH who="2" step="1"/><F98/><REACH who="2" ten="277,189,281,243" step="2"/><N who="3" m="59463" /><G133/><T67/><AGARI ba="1,1" hai="48,49,50,57,58,65,66,67,91,95,99" m="49439" machi="67" ten="30,4000,0" yaku="8,1,52,2" doraHai="52" who="0" fromWho="0" sc="277,53,189,-11,281,-21,243,-11" /><INIT seed="3,0,0,0,0,55" ten="330,178,260,232" oya="3" hai0="8,91,97,60,83,21,0,133,12,14,120,20,62" hai1="129,98,64,67,75,74,73,115,48,57,134,81,31" hai2="34,16,24,9,43,5,72,135,50,107,15,1,71" hai3="27,28,25,19,103,79,46,128,17,106,94,101,82"/><W102/><G106/><T122/><D0/><U112/><E31/><N who="2" m="19815" /><F71/><W116/><G116/><T126/><D133/><U118/><E118/><V127/><F72/><W78/><G128/><T114/><D126/><U26/><E129/><V18/><F107/><W38/><G38/><T44/><D114/><U90/><E26/><N who="3" m="9738" /><G28/><T29/><D29/><U68/><E134/><V80/><F135/><W84/><G46/><T3/><D44/><U92/><E81/><V119/><F80/><W69/><G69/><T56/><D83/><U108/><E108/><V111/><F111/><W6/><G6/><T66/><D3/><U89/><E89/><V70/><F70/><W93/><G79/><T52/><D91/><U41/><E68/><V22/><F119/><W77/><G77/><T100/><D122/><U65/><REACH who="1" step="1"/><E41/><REACH who="1" ten="330,168,260,232" step="2"/><V37/><F43/><W124/><G124/><T131/><D131/><U58/><E58/><V30/><F127/><W61/><G61/><T54/><D62/><U130/><E130/><V121/><F30/><W86/><G86/><T45/><D60/><U110/><E110/><V10/><F121/><W39/><G82/><T2/><D120/><U63/><E63/><V105/><F18/><W113/><G19/><T51/><D45/><U87/><E87/><V123/><F16/><W85/><G84/><T32/><D32/><U49/><E49/><V36/><F50/><W117/><G85/><T59/><D51/><U23/><E23/><V47/><F22/><W88/><G17/><T96/><D21/><U125/><E125/><V95/><F123/><W42/><G117/><RYUUKYOKU ba="0,1" sc="330,-10,168,30,260,-10,232,-10" hai1="48,57,64,65,67,73,74,75,90,92,98,112,115" owari="330,43.0,198,-30.2,250,5.0,222,-17.8" /></mjloggm>