<mjloggm ver="2.3"><GO type="225" lobby="0"/><UN n0="%E3%83%9D%E3%83%B3%E3%83%9D%E3%82%B3%E5%95%86%E4%BA%8B" n1="%E5%B0%8F%E9%B3%A5%E9%81%8A%E7%B7%B4%E7%84%A1%32%31%E6%AD%B3" n2="%E3%81%A4%E3%81%A3%E3%81%B1%E3%82%8A%E3%83%9D%E3%83%BC%E3%83%AB" n3="%E7%99%BD%E9%9B%AA%E4%B9%83%E6%84%9B" dan="16,16,17,16" rate="2197.87,2159.14,2134.94,2026.80" sx="M,F,M,F"/><TAIKYOKU oya="0"/><INIT seed="0,0,0,1,2,69" ten="250,250,250,250" oya="0" hai0="26,70,106,115,6,134,104,125,45,60,92,28,100" hai1="15,27,55,54,108,18,61,39,57,12,118,99,31" hai2="129,3,114,76,123,79,96,65,11,66,5,4,101" hai3="37,29,67,7,122,93,116,40,71,58,111,2,38"/><T14/><D115/><U36/><E118/><V53/><F114/><W126/><G122/><T41/><D134/><U90/><E108/><V117/><F123/><W56/><G29/><T127/><D92/><N who="1" m="56727" /><E54/><V33/><F33/><W50/><G111/><T94/><D94/><U32/><E31/><V1/><F129/><W46/><G93/><T16/><D6/><U107/><E107/><V75/><F53/><W48/><G7/><T9/><D60/><U109/><E32/><V43/><F43/><W78/><G78/><T51/><D70/><U0/><E0/><V23/><F23/><W74/><G74/><T44/><D44/><U86/><E86/><V30/><F30/><W8/><G8/><T42/><D42/><U22/><E109/><V64/><F117/><W21/><G21/><N who="0" m="15439" /><D100/><U24/><E24/><V82/><F79/><W35/><G2/><T59/><D59/><N who="3" m="22569" /><G35/><T98/><D98/><U73/><E73/><V105/><REACH who="2" step="1"/><F66/><REACH who="2" ten="250,250,240,250" step="2"/><W102/><G116/><T17/><D17/><U85/><E85/><V131/><F131/><W77/><G77/><T103/><D103/><U119/><E119/><V72/><F72/><W124/><G102/><T13/><D13/><AGARI ba="0,1" hai="12,13,15,18,22,27,36,39,55,57,61" m="56727" machi="13" ten="30,3900,0" yaku="25,1,52,2" doraHai="69" who="1" fromWho="0" sc="250,-39,250,49,240,0,250,0" /><INIT seed="1,0,0,5,4,105" ten="211,299,240,250" oya="1" hai0="77,9,135,52,111,67,41,127,10,124,81,74,126" hai1="7,63,56,11,70,47,116,27,71,120,0,44,89" hai2="3,119,80,69,88,31,38,66,84,17,20,59,112" hai3="34,98,22,4,103,37,83,110,16,128,94,82,51"/><U95/><E116/><V18/><F119/><W79/><G37/><T12/><D111/><U87/><E120/><V93/><F69/><W68/><G110/><T101/><D135/><U30/><E70/><V61/><F3/><W5/><G34/><T33/><D33/><U109/><E71/><V65/><F38/><W48/><G68/><T130/><D130/><U26/><E26/><N who="2" m="16839" /><F112/><W40/><G128/><T125/><N who="0" m="31744" /><DORA hai="19" /><T46/><D67/><N who="2" m="25610" /><F80/><N who="3" m="30763" /><G79/><T132/><D132/><U2/><E2/><V36/><F36/><W122/><G122/><T115/><D115/><U72/><E72/><V99/><F84/><W45/><G51/><N who="0" m="28791" /><D41/><U32/><REACH who="1" step="1"/><E109/><REACH who="1" ten="211,289,240,250" step="2"/><V134/><F134/><W121/><G121/><T57/><D57/><U91/><E91/><V58/><F58/><W28/><G28/><T39/><D39/><U85/><E85/><V62/><F59/><W15/><AGARI ba="0,1" hai="4,5,15,16,22,40,45,48,94,98,103" m="30763" machi="15" ten="30,4000,0" yaku="8,1,52,1,54,1" doraHai="105,19" who="3" fromWho="3" sc="211,-10,289,-20,240,-10,250,50" /><INIT seed="2,0,0,5,0,132" ten="201,269,230,300" oya="2" hai0="96,4,45,60,1,118,24,126,129,133,67,2,109" hai1="135,10,3,75,64,12,125,89,62,70,88,8,116" hai2="42,21,36,34,92,71,94,73,43,6,23,99,40" hai3="22,114,50,32,28,113,57,63,76,97,104,91,108"/><V84/><F73/><W77/><G32/><T20/><D133/><U27/><E116/><V120/><F120/><W54/><G108/><T85/><D109/><U122/><E135/><V5/><F34/><W30/><G91/><T19/><D118/><U46/><E75/><V48/><F71/><W111/><G111/><T95/><D129/><U18/><E122/><V65/><F65/><W29/><G22/><N who="2" m="8201" /><F36/><W51/><G51/><T86/><D45/><U14/><E27/><V59/><F84/><W47/><G97/><T31/><D126/><U101/><E125/><V81/><F81/><W72/><G104/><T103/><D19/><U119/><E3/><V39/><F39/><W106/><G106/><T110/><D110/><U98/><E46/><V68/><F68/><W124/><G124/><T134/><D134/><U15/><E15/><V55/><F94/><W56/><G56/><T83/><D83/><U25/><E25/><V80/><F80/><W82/><REACH who="3" step="1"/><G77/><REACH who="3" ten="201,269,230,290" step="2"/><T117/><D117/><U13/><E119/><V49/><F48/><W66/><AGARI ba="0,1" hai="28,29,30,47,50,54,57,63,66,72,76,82,113,114" machi="66" ten="30,4000,0" yaku="1,1,2,1,0,1,53,0" doraHai="132" doraHaiUra="33" who="3" fromWho="3" sc="201,-10,269,-10,230,-20,290,50" /><INIT seed="3,0,0,1,5,26" ten="191,259,210,340" oya="3" hai0="1,40,128,0,109,106,20,87,124,18,38,134,84" hai1="125,111,122,62,108,112,75,113,28,74,115,50,116" hai2="96,79,16,7,123,65,34,5,14,103,126,100,78" hai3="117,37,3,77,44,55,22,70,45,29,81,13,95"/><W56/><G117/><T61/><D106/><U15/><E125/><V129/><F34/><W97/><G70/><T53/><D124/><U39/><E39/><V42/><F126/><W64/><G3/><T43/><D109/><N who="1" m="42059" /><E50/><V35/><F35/><W2/><G2/><T27/><D128/><U21/><E62/><V121/><F65/><W31/><G64/><T119/><D119/><U36/><E36/><V120/><F42/><W66/><G66/><T94/><D134/><U130/><E130/><V71/><F71/><W41/><G45/><T83/><D38/><U133/><E133/><V72/><F129/><W49/><G22/><T12/><D0/><U19/><E122/><V52/><F52/><W107/><G13/><T82/><D1/><U89/><E89/><V98/><F72/><N who="1" m="27689" /><E116/><V59/><F59/><W102/><G107/><T17/><D94/><U76/><E76/><N who="2" m="29227" /><F103/><W114/><G114/><T46/><D83/><U88/><E88/><V85/><F85/><AGARI ba="0,0" hai="29,31,37,41,44,49,55,56,77,81,85,95,97,102" machi="85" ten="30,5800,0" yaku="7,1,52,2" doraHai="26" who="3" fromWho="2" sc="191,0,259,0,210,-58,340,58" owari="191,-20.9,259,5.9,152,-34.8,398,49.8" /></mjloggm>