<mjloggm ver="2.3"><GO type="225" lobby="0"/><UN n0="%E5%87%BA%E6%B0%B4" n1="%E9%B4%A8%4E%45%47%49" n2="%E3%81%B2%E3%81%AA%E3%81%AE%E3%82%8A%E3%81%8F" n3="%E3%81%99%E3%81%84%E3%81%BE%E3%81%9B%E3%83%BC%E3%82%93" dan="16,16,16,18" rate="2099.87,2075.20,2087.21,2171.49" sx="F,M,M,M"/><TAIKYOKU oya="0"/><INIT seed="0,0,0,1,0,124" ten="250,250,250,250" oya="0" hai0="128,44,64,98,104,19,95,91,70,32,20,92,134" hai1="127,35,115,83,76,109,85,66,103,11,132,110,131" hai2="133,113,30,63,117,37,135,24,105,116,126,43,42" hai3="125,36,52,97,129,88,2,68,100,114,122,56,41"/><T3/><D134/><N who="2" m="51210" /><F105/><W46/><G114/><T102/><D3/><U38/><E132/><V123/><F126/><W94/><G125/><T65/><D32/><U9/><E127/><V86/><F113/><W34/><G122/><T27/><D70/><U62/><E115/><V106/><F106/><W13/><G2/><T82/><D44/><U121/><E121/><V47/><F43/><W23/><G129/><T93/><REACH who="0" step="1"/><D128/><REACH who="0" ten="240,250,250,250" step="2"/><U81/><E131/><V53/><F123/><W22/><G34/><T5/><D5/><U58/><E35/><V87/><F117/><W71/><G71/><T60/><D60/><U0/><E0/><V69/><F116/><W6/><G68/><T12/><D12/><U55/><E62/><V8/><F69/><W57/><G6/><T51/><D51/><U107/><E38/><V10/><F63/><W77/><G13/><T14/><D14/><U59/><E110/><V96/><F37/><W119/><G119/><T16/><D16/><U130/><E109/><V72/><F47/><W54/><G36/><T89/><D89/><U39/><E39/><V101/><F30/><W120/><G120/><T40/><D40/><U18/><E59/><N who="3" m="22602" /><G88/><T45/><D45/><U118/><E130/><V67/><F42/><W4/><G4/><T99/><D99/><U90/><E90/><V111/><F111/><W75/><G41/><T15/><D15/><U28/><E118/><V1/><F1/><W29/><G46/><T50/><D50/><U25/><E28/><V84/><F96/><W21/><G29/><T48/><D48/><U7/><E7/><RYUUKYOKU ba="0,1" sc="240,15,250,-15,250,-15,250,15" hai0="19,20,27,64,65,82,91,92,93,95,98,102,104" hai3="21,22,23,52,54,75,77,94,97,100" /><INIT seed="0,1,1,2,0,46" ten="255,235,235,265" oya="0" hai0="41,35,10,77,30,74,53,20,123,16,106,130,55" hai1="113,56,8,24,91,102,5,34,119,85,22,3,67" hai2="84,89,54,62,73,108,104,122,66,88,4,13,95" hai3="114,81,76,78,117,45,70,118,14,61,80,116,7"/><T15/><D123/><U109/><E119/><V99/><F122/><W90/><G114/><T6/><D106/><U0/><E113/><V52/><F73/><W64/><G90/><T59/><D130/><U110/><E34/><V94/><F108/><W121/><G121/><T11/><D41/><U126/><E126/><V100/><F4/><W51/><G7/><T33/><D11/><U69/><E69/><V43/><F13/><W112/><G14/><T63/><D30/><U103/><E56/><V26/><F43/><W105/><G105/><T48/><D77/><U12/><E67/><V127/><F26/><W93/><G93/><T32/><D74/><U25/><E25/><V42/><F42/><W128/><G128/><T9/><REACH who="0" step="1"/><D6/><REACH who="0" ten="245,235,235,265" step="2"/><U29/><E110/><V131/><F131/><W96/><G112/><T23/><D23/><U79/><E109/><V18/><F127/><W40/><G78/><T82/><D82/><U47/><E79/><V132/><F132/><W60/><G76/><T120/><D120/><U125/><E125/><V87/><REACH who="2" step="1"/><F18/><REACH who="2" ten="245,235,225,265" step="2"/><W19/><G19/><T39/><D39/><U72/><E72/><V36/><F36/><W124/><G124/><T129/><D129/><U49/><E3/><V75/><F75/><W57/><G118/><T135/><D135/><U31/><E0/><V71/><AGARI ba="1,3" hai="52,54,62,66,71,84,87,88,89,94,95,99,100,104" machi="71" ten="20,12000,2" yaku="1,1,0,1,7,1,9,1,54,2,53,0" doraHai="46" doraHaiUra="17" who="2" fromWho="2" sc="245,-61,235,-31,225,153,265,-31" /><INIT seed="1,0,0,2,3,101" ten="184,204,378,234" oya="1" hai0="39,19,77,132,107,120,43,65,113,5,102,33,115" hai1="14,62,28,79,104,76,32,35,124,70,105,61,46" hai2="83,4,111,41,116,127,17,85,34,73,94,29,9" hai3="69,90,30,118,38,82,6,55,3,67,10,125,44"/><U12/><E46/><V95/><F73/><W114/><G114/><T66/><D132/><U81/><E28/><V36/><F116/><W87/><G125/><T37/><D120/><U56/><E56/><V75/><F75/><W72/><G118/><T133/><D133/><U89/><E89/><V99/><F111/><W22/><G72/><T23/><D33/><U80/><E70/><V53/><F17/><W11/><G11/><T1/><D77/><U13/><E13/><V119/><F119/><W84/><G84/><T57/><D115/><U131/><E131/><V122/><F122/><W126/><G126/><AGARI ba="0,0" hai="12,14,32,35,61,62,76,79,80,81,104,105,124,126" machi="126" ten="25,9600,0" yaku="22,2,52,2" doraHai="101" who="1" fromWho="3" sc="184,0,204,96,378,0,234,-96" /><INIT seed="1,1,0,5,2,88" ten="184,300,378,138" oya="1" hai0="0,106,1,26,54,113,8,15,128,19,124,92,97" hai1="101,104,78,50,121,102,90,4,96,89,110,39,103" hai2="22,33,35,67,111,84,63,46,44,14,51,130,20" hai3="9,59,29,87,31,18,119,125,24,56,95,79,37"/><U7/><E39/><V107/><F107/><W69/><G69/><T28/><D113/><U17/><E121/><V62/><F111/><W71/><G71/><T68/><D128/><U85/><E110/><V58/><F130/><W122/><G122/><T70/><D124/><U66/><E66/><V64/><F84/><W100/><G37/><T45/><D106/><U91/><E50/><V3/><F3/><W12/><G125/><T6/><D45/><U112/><E112/><V133/><F133/><W75/><G75/><T53/><D70/><U13/><E104/><V134/><F134/><W23/><G119/><T132/><D68/><U129/><E96/><V109/><F109/><W41/><G41/><T25/><D132/><U27/><E129/><V82/><F82/><N who="3" m="47583" /><G31/><T10/><D0/><U34/><E34/><V57/><F14/><W86/><G86/><T118/><D118/><U115/><E27/><V72/><F51/><W61/><G61/><T77/><D77/><U73/><E73/><AGARI ba="1,0" hai="20,22,33,35,44,46,57,58,62,63,64,67,72,73" machi="73" ten="25,1600,0" yaku="22,2" doraHai="88" who="2" fromWho="1" sc="184,0,300,-19,378,19,138,0" /><INIT seed="2,0,0,3,1,0" ten="184,281,397,138" oya="2" hai0="7,23,77,128,85,108,39,58,20,99,119,48,70" hai1="71,4,82,68,101,83,18,116,62,51,103,129,45" hai2="73,80,96,34,36,40,30,24,44,38,90,84,43" hai3="27,72,50,125,41,115,74,89,121,57,130,92,17"/><V131/><F73/><W26/><G121/><T14/><D108/><U126/><E129/><V6/><F131/><W133/><G130/><T53/><D70/><U31/><E116/><V76/><F6/><W98/><G133/><T1/><D128/><U16/><E126/><V95/><F43/><W123/><G123/><T54/><D119/><U25/><E62/><V106/><F106/><W12/><G125/><T61/><D39/><AGARI ba="0,0" hai="24,30,34,36,38,39,40,44,76,80,84,90,95,96" machi="39" ten="30,1500,0" yaku="7,1" doraHai="0" who="2" fromWho="0" sc="184,-15,281,0,397,15,138,0" /><INIT seed="2,1,0,4,0,51" ten="169,281,412,138" oya="2" hai0="59,82,44,11,46,73,31,16,130,72,126,96,39" hai1="125,8,117,75,80,128,2,33,71,18,54,108,124" hai2="9,28,19,58,37,100,116,127,120,29,65,50,91" hai3="106,7,20,25,22,5,21,113,87,66,88,4,13"/><V103/><F37/><W6/><G106/><T81/><D130/><U115/><RYUUKYOKU type="yao9" ba="1,0" sc="169,0,281,0,412,0,138,0" hai1="2,8,18,33,54,71,75,80,108,115,117,124,125,128" /><INIT seed="2,2,0,1,3,78" ten="169,281,412,138" oya="2" hai0="42,16,76,93,100,97,131,45,132,23,43,134,0" hai1="75,39,98,73,28,44,63,81,105,129,4,69,3" hai2="18,48,117,101,95,66,91,2,124,55,114,11,17" hai3="29,130,87,49,37,112,38,70,50,51,135,61,8"/><V40/><F117/><W62/><G29/><T25/><D131/><U10/><E129/><V59/><F114/><W54/><G130/><T20/><D0/><U122/><E28/><V74/><F74/><W118/><G118/><T57/><D57/><U41/><E122/><V128/><F124/><W115/><G8/><T96/><D76/><U108/><E108/><V14/><F2/><W71/><G87/><T104/><D23/><U24/><E24/><V110/><F101/><W133/><G51/><T90/><REACH who="0" step="1"/><D42/><REACH who="0" ten="159,281,412,138" step="2"/><U35/><E35/><V67/><F40/><W126/><REACH who="3" step="1"/><G54/><REACH who="3" ten="159,281,412,128" step="2"/><T52/><D52/><U109/><E75/><V47/><F55/><W36/><G36/><AGARI ba="2,2" hai="16,20,25,36,43,45,90,93,96,97,100,104,132,134" machi="36" ten="40,5200,0" yaku="1,1,54,1,53,1" doraHai="78" doraHaiUra="102" who="0" fromWho="3" sc="159,78,281,0,412,0,128,-58" /><INIT seed="3,0,0,5,4,124" ten="237,281,412,70" oya="3" hai0="129,44,49,55,53,61,70,43,102,36,93,34,133" hai1="45,82,96,79,125,67,4,35,56,20,50,122,65" hai2="19,47,48,80,115,25,87,73,103,66,59,10,110" hai3="31,118,26,116,101,121,1,2,54,39,41,95,135"/><W28/><G121/><T84/><D34/><U42/><E35/><V77/><F73/><W81/><G135/><T128/><D133/><U83/><E125/><V94/><F110/><W97/><G81/><T85/><D102/><U32/><E122/><V88/><F103/><W105/><G95/><T127/><D127/><U106/><E32/><V132/><F115/><W57/><G41/><T38/><D93/><U131/><E131/><N who="0" m="50249" /><D85/><N who="1" m="48351" /><E106/><V78/><F78/><W9/><G39/><N who="0" m="14891" /><D84/><U21/><E96/><V112/><F87/><W117/><G9/><T92/><D92/><U91/><E4/><V68/><F10/><W17/><G17/><T6/><D6/><U12/><E56/><V75/><F59/><W37/><G37/><T27/><D27/><U33/><E33/><V120/><F25/><W46/><G46/><T119/><D119/><U15/><E15/><V89/><F19/><W18/><G18/><T16/><D16/><N who="1" m="10247" /><E21/><V109/><F94/><W60/><REACH who="3" step="1"/><G26/><REACH who="3" ten="237,281,412,60" step="2"/><T23/><D43/><U11/><E11/><V114/><F120/><W13/><G13/><T104/><D104/><U134/><E134/><V64/><F132/><W99/><G99/><T0/><D44/><U51/><E83/><V90/><F47/><W24/><G24/><T7/><D0/><AGARI ba="0,1" hai="0,1,2,28,31,54,57,60,97,101,105,116,117,118" machi="0" ten="50,2400,0" yaku="1,1,53,0" doraHai="124" doraHaiUra="72" who="3" fromWho="0" sc="237,-24,281,0,412,0,60,34" /><INIT seed="3,1,0,0,5,41" ten="213,281,412,94" oya="3" hai0="42,123,53,95,6,35,15,36,56,72,14,13,2" hai1="52,24,3,63,106,26,107,125,90,64,130,16,22" hai2="67,132,45,108,117,81,9,78,88,54,29,124,100" hai3="89,21,40,8,46,134,133,113,111,79,102,131,49"/><W57/><G113/><T48/><D123/><U80/><E130/><V61/><F100/><W115/><G115/><T76/><D35/><U18/><E125/><V4/><F29/><W12/><G131/><T94/><D2/><U50/><E3/><V87/><F108/><W68/><G68/><T1/><D36/><U17/><E80/><V114/><F132/><N who="3" m="50795" /><G111/><T91/><D91/><U104/><E90/><V71/><F114/><W20/><G102/><T127/><D127/><U11/><E11/><V101/><F101/><W84/><G57/><T103/><D103/><U129/><E129/><V37/><F71/><W128/><G128/><T92/><D42/><U23/><E18/><V5/><F124/><W97/><G97/><T96/><D96/><U118/><E118/><V83/><F117/><W31/><G31/><T74/><D76/><U58/><E106/><V44/><F78/><W33/><G33/><T98/><D98/><U75/><E75/><V7/><F88/><W119/><G119/><T51/><D6/><U73/><E73/><V25/><F7/><N who="3" m="3103" /><G79/><T59/><D1/><U34/><E34/><V126/><F126/><W86/><G86/><T122/><D122/><U85/><E85/><V69/><F87/><W39/><G39/><T55/><AGARI ba="1,0" hai="13,14,15,48,51,53,55,56,59,72,74,92,94,95" machi="55" ten="40,2700,0" yaku="0,1,9,1" doraHai="41" who="0" fromWho="0" sc="213,30,281,-8,412,-8,94,-14" owari="243,-15.7,273,7.3,404,50.4,80,-42.0" /></mjloggm>