<mjloggm ver="2.3"><GO type="225" lobby="0"/><UN n0="%E6%B4%BE%E9%81%A3%E3%81%AE%E3%82%B8%E3%83%A3%E3%83%83%E3%82%AF" n1="%E4%BF%BA%E3%81%A8%E5%A6%96%E5%A4%A2" n2="%E4%BC%8A%E7%B9%94%E3%82%82%E3%81%88" n3="%E6%9C%88%E5%B3%B6%E5%9F%BA" dan="17,16,16,17" rate="2167.87,2193.41,2126.98,2210.50" sx="M,F,M,M"/><TAIKYOKU oya="0"/><INIT seed="0,0,0,4,4,53" ten="250,250,250,250" oya="0" hai0="8,123,124,92,90,0,63,127,33,128,101,1,61" hai1="60,103,47,49,68,66,10,20,132,119,23,43,117" hai2="62,121,38,34,112,35,70,72,120,58,100,118,131" hai3="122,21,77,16,116,93,95,17,14,4,39,46,88"/><T126/><D123/><U13/><E132/><V99/><F112/><W115/><G115/><T129/><D33/><U51/><E103/><V107/><F70/><W108/><G116/><T113/><D101/><U94/><E94/><V73/><F118/><W22/><G108/><T80/><D80/><U40/><E119/><V45/><F131/><N who="0" m="50250" /><D113/><U78/><E78/><V85/><F85/><W19/><G122/><T75/><D75/><U130/><E130/><V79/><F120/><W64/><G64/><T41/><D41/><U133/><E133/><V84/><F84/><W104/><G104/><T25/><D25/><U86/><E86/><V15/><F15/><W134/><G134/><T98/><D8/><U56/><E117/><V106/><F106/><W89/><G77/><T55/><D63/><U12/><E12/><V36/><F121/><W97/><G22/><T54/><D55/><U27/><E27/><V81/><F73/><W114/><G114/><T50/><D61/><U3/><E3/><V42/><REACH who="2" step="1"/><F38/><REACH who="2" ten="250,250,240,250" step="2"/><W37/><G37/><T28/><D28/><U110/><E110/><V109/><F109/><W71/><G39/><T82/><D82/><U125/><E68/><V67/><AGARI ba="0,1" hai="34,35,36,42,45,58,62,67,72,79,81,99,100,107" machi="67" ten="20,8000,1" yaku="1,1,0,1,7,1,52,1,53,1" doraHai="53" doraHaiUra="59" who="2" fromWho="2" sc="250,-40,250,-20,240,90,250,-20" /><INIT seed="1,0,0,3,5,72" ten="210,230,330,230" oya="1" hai0="108,51,81,123,30,35,110,103,127,101,71,62,86" hai1="27,125,73,124,102,82,31,131,58,49,115,0,84" hai2="122,119,36,33,7,132,25,89,93,107,130,26,29" hai3="39,47,48,129,91,80,15,24,112,14,126,77,44"/><U46/><E115/><V57/><F122/><W2/><G2/><T109/><D127/><N who="1" m="48715" /><E73/><V67/><F119/><W70/><G112/><T20/><D35/><N who="1" m="20991" /><E0/><V75/><F107/><W83/><G70/><T105/><D123/><U113/><E113/><V97/><F130/><W74/><G129/><T88/><D105/><U42/><E131/><V79/><F132/><W13/><G126/><T11/><D11/><U120/><E120/><V117/><F117/><W40/><G24/><N who="0" m="16647" /><D51/><U61/><E102/><V60/><F36/><W95/><G83/><T135/><D135/><U1/><E1/><V118/><F118/><W9/><G9/><T22/><D22/><U16/><E16/><V100/><F26/><W69/><G69/><T128/><D128/><U6/><E6/><V104/><F7/><W28/><G28/><T90/><D90/><N who="1" m="51479" /><E58/><V32/><F32/><W55/><REACH who="3" step="1"/><G14/><REACH who="3" ten="210,230,330,220" step="2"/><T45/><D45/><U54/><E61/><V43/><F29/><W78/><G78/><T99/><D71/><U111/><E111/><N who="0" m="28417" /><T96/><DORA hai="12" /><D62/><U19/><E19/><V17/><F17/><W53/><G53/><AGARI ba="0,1" hai="42,46,49,53,54" m="51479,20991,48715" machi="53" ten="30,1500,0" yaku="18,1" doraHai="72,12" who="1" fromWho="3" sc="210,0,230,25,330,0,220,-15" /><INIT seed="1,1,0,2,0,16" ten="210,255,330,205" oya="1" hai0="62,25,94,127,119,124,71,75,106,34,4,15,28" hai1="84,73,86,65,131,36,32,54,79,58,70,41,47" hai2="46,60,134,24,9,105,126,114,117,92,133,27,95" hai3="20,31,53,51,12,101,98,50,18,19,3,82,55"/><U76/><E32/><V93/><F117/><W52/><G3/><T111/><D119/><U97/><E131/><V107/><F114/><W110/><G110/><T7/><D111/><U37/><E37/><V80/><F126/><N who="0" m="48170" /><D106/><N who="2" m="40458" /><F80/><W11/><G31/><T121/><D75/><U5/><E5/><V1/><F46/><W81/><G81/><T30/><D121/><U104/><E73/><V100/><F100/><W48/><G82/><T89/><D30/><U13/><E13/><V91/><F91/><W44/><G98/><N who="0" m="57679" /><D15/><U2/><E2/><V8/><F60/><W0/><G101/><T21/><D34/><U33/><E33/><V35/><F35/><W74/><G74/><T99/><D99/><U120/><E120/><V38/><F38/><W26/><REACH who="3" step="1"/><G0/><REACH who="3" ten="210,255,330,195" step="2"/><T68/><D68/><U56/><E97/><V135/><F1/><W59/><G59/><T85/><D85/><U118/><E58/><V61/><F134/><W102/><G102/><T112/><D112/><U40/><E86/><V88/><F133/><W122/><G122/><T129/><D129/><U10/><E84/><V132/><F135/><W83/><G83/><T108/><D108/><U63/><E118/><V128/><F132/><W77/><G77/><T42/><D42/><AGARI ba="1,1" hai="11,12,18,19,20,26,42,44,48,50,51,52,53,55" machi="42" ten="40,8000,1" yaku="1,1,8,1,52,1,54,1,53,0" doraHai="16" doraHaiUra="66" who="3" fromWho="0" sc="210,-83,255,0,330,0,195,93" /><INIT seed="2,0,0,3,4,133" ten="127,255,330,288" oya="2" hai0="122,105,126,92,95,42,82,89,71,113,73,108,39" hai1="117,130,12,21,134,33,69,26,38,102,2,60,34" hai2="96,110,20,50,125,100,41,83,86,127,29,67,28" hai3="94,52,135,78,61,64,132,46,90,63,45,66,81"/><V54/><F67/><W43/><G94/><T22/><D71/><U80/><E117/><V104/><F41/><W118/><G90/><T31/><D113/><U47/><E2/><V16/><F110/><W99/><G99/><T84/><D122/><U68/><E134/><N who="3" m="51242" /><G118/><T7/><D105/><U57/><E130/><V27/><F50/><N who="3" m="28751" /><G81/><T65/><D65/><N who="3" m="25193" /><G78/><T17/><D108/><U3/><E12/><V119/><F54/><W10/><G10/><T49/><D7/><U32/><E3/><V72/><F72/><W107/><G107/><T1/><D1/><U97/><E80/><V131/><F119/><W55/><G55/><T106/><D106/><U56/><E97/><V37/><F131/><W25/><G25/><T53/><D73/><U15/><E15/><V44/><F37/><AGARI ba="0,0" hai="37,43,46,61,63" m="25193,28751,51242" machi="37" ten="30,7700,0" yaku="20,1,34,2,54,1" doraHai="133" who="3" fromWho="2" sc="127,0,255,0,330,-77,288,77" /><INIT seed="3,0,0,4,2,91" ten="127,255,253,365" oya="3" hai0="78,65,114,104,88,8,100,66,11,125,116,109,9" hai1="16,123,53,73,92,69,94,89,24,14,131,80,113" hai2="97,86,50,27,124,71,54,105,40,72,7,120,25" hai3="28,121,20,79,34,135,46,108,55,47,32,99,58"/><W15/><G121/><T5/><D116/><U37/><E123/><V41/><F71/><W98/><G108/><T0/><D109/><U102/><E113/><V10/><F72/><W12/><G79/><T112/><D78/><U42/><E69/><V74/><F74/><W128/><G128/><T57/><D125/><U45/><E131/><V30/><F120/><W83/><G83/><T67/><D57/><U49/><E24/><V21/><F124/><W81/><G81/><T90/><D5/><U130/><E130/><V17/><F86/><W76/><G76/><T43/><D43/><U101/><E73/><V68/><F68/><W44/><G135/><T127/><D127/><U122/><E122/><V4/><F4/><W26/><G34/><T18/><D0/><U6/><E6/><V110/><F110/><W103/><G32/><T132/><D132/><U51/><E80/><V87/><F87/><W29/><G29/><T61/><D61/><U23/><E37/><V117/><F117/><W134/><G134/><T107/><D18/><U115/><E115/><V52/><F54/><W118/><G55/><T64/><N who="0" m="16384" /><DORA hai="119" /><T3/><D3/><U60/><E60/><V84/><F84/><W56/><G28/><T33/><D33/><U2/><E2/><V111/><F111/><W39/><G39/><T96/><D107/><U93/><E89/><V75/><F75/><W19/><G19/><T59/><D59/><AGARI ba="0,0" hai="14,16,23,42,45,49,51,53,59,92,93,94,101,102" machi="59" ten="40,8000,1" yaku="8,1,52,3,54,1" doraHai="91,119" who="1" fromWho="0" sc="127,-80,255,80,253,0,365,0" owari="47,-45.3,335,13.5,253,-14.7,365,46.5" /></mjloggm>