<mjloggm ver="2.3"><GO type="225" lobby="0"/><UN n0="%E8%83%83%E3%81%A8%E8%85%B8" n1="%E5%8F%AF%E5%85%90%E9%82%A3%E7%94%B1%E5%A4%9A" n2="%4B%2E%32%2E%4B%2E" n3="%E3%81%8B%E3%82%8F%E3%81%A1%E3%82%83%E3%82%93%35%38" dan="16,16,17,16" rate="2151.62,2137.39,2179.90,2126.25" sx="M,F,M,M"/><TAIKYOKU oya="0"/><INIT seed="0,0,0,4,4,27" ten="250,250,250,250" oya="0" hai0="120,91,11,117,47,133,62,60,71,106,77,20,16" hai1="135,105,134,129,50,8,125,5,38,73,12,69,7" hai2="102,56,4,43,45,31,127,131,39,94,64,80,59" hai3="84,114,97,87,24,85,19,48,36,110,75,67,101"/><T42/><D117/><U82/><E38/><V78/><F127/><W116/><G114/><T41/><D120/><U9/><E105/><V126/><F126/><W30/><G116/><T90/><D133/><N who="1" m="50699" /><E69/><V68/><F131/><W14/><G110/><T51/><D106/><U104/><E104/><V58/><F4/><W81/><G36/><T3/><D77/><N who="1" m="44335" /><E125/><V122/><F122/><W49/><G67/><T22/><D41/><U83/><E83/><V109/><F109/><W100/><G81/><T93/><D71/><U121/><E121/><V46/><F68/><W55/><G75/><T34/><D34/><U113/><E129/><V52/><F64/><W98/><G101/><T74/><D74/><U128/><E128/><V132/><F132/><W21/><G100/><T123/><D123/><U57/><E113/><V108/><F108/><W96/><REACH who="3" step="1"/><G55/><REACH who="3" ten="250,250,250,240" step="2"/><T103/><D103/><U107/><E107/><V1/><F102/><W99/><N who="3" m="24576" /><DORA hai="2" /><W115/><G115/><T111/><D111/><U88/><E88/><N who="0" m="33833" /><D93/><U32/><E32/><AGARI ba="0,1" hai="14,19,21,24,30,32,48,49,84,85,87" m="24576" machi="32" ten="50,8000,1" yaku="1,1,52,1,53,3" doraHai="27,2" doraHaiUra="44,23" who="3" fromWho="1" sc="250,0,250,-80,250,0,240,90" /><INIT seed="1,0,0,4,1,123" ten="250,170,250,330" oya="1" hai0="62,55,121,6,10,72,71,106,90,15,7,60,28" hai1="89,14,93,114,43,61,33,36,92,46,63,0,82" hai2="69,81,25,30,134,79,74,135,128,39,22,108,101" hai3="17,56,110,2,9,19,64,59,37,88,16,27,118"/><U94/><E114/><V126/><F69/><W76/><G37/><T77/><D121/><U119/><E119/><V109/><F128/><W5/><G76/><T124/><D106/><U58/><E0/><V99/><F126/><W40/><G40/><T97/><D71/><U42/><E33/><V53/><F53/><W100/><G100/><T52/><D72/><U68/><E68/><V54/><F54/><N who="0" m="20522" /><D28/><U120/><E120/><V23/><F23/><W11/><G118/><T96/><D77/><U129/><E129/><V102/><F102/><W47/><G47/><T3/><D3/><U133/><E133/><N who="2" m="50699" /><F39/><W95/><G11/><T29/><D29/><U51/><E36/><V67/><F67/><W35/><G64/><T83/><D7/><U86/><E42/><V122/><F122/><W34/><G34/><T12/><D12/><U116/><E116/><V113/><F113/><W103/><G103/><T49/><D49/><U84/><E58/><V117/><F117/><W105/><G105/><AGARI ba="0,0" hai="22,25,30,74,79,81,99,101,105,108,109" m="50699" machi="105" ten="30,3900,0" yaku="20,1,52,2" doraHai="123" who="2" fromWho="3" sc="250,0,170,0,250,39,330,-39" /><INIT seed="2,0,0,0,5,106" ten="250,170,289,291" oya="2" hai0="124,83,24,53,118,18,4,132,3,38,26,49,61" hai1="129,43,66,27,36,128,73,0,68,48,77,94,72" hai2="44,57,52,40,41,60,97,84,111,119,104,46,39" hai3="134,120,50,74,29,127,65,16,22,12,78,2,63"/><V59/><F119/><W17/><G120/><T32/><D124/><U20/><E0/><V113/><F113/><W100/><G2/><T31/><D132/><U51/><E36/><V33/><F33/><W133/><G127/><T42/><D118/><U75/><E77/><V1/><F1/><W103/><G29/><T15/><D61/><N who="1" m="40015" /><E94/><V37/><F111/><W125/><G125/><T95/><D24/><U7/><E7/><V56/><REACH who="2" step="1"/><F84/><REACH who="2" ten="250,170,279,291" step="2"/><W112/><G112/><T108/><D108/><U10/><E10/><V82/><F82/><W88/><G134/><T28/><D83/><U117/><E117/><V115/><F115/><W114/><G133/><T126/><D126/><U62/><E43/><V80/><F80/><W89/><G114/><T93/><D42/><U6/><E6/><V47/><F47/><W71/><G78/><T25/><D4/><U122/><E122/><V11/><F11/><W64/><G22/><N who="0" m="11615" /><D3/><U58/><E20/><V92/><F92/><W35/><G35/><N who="0" m="20879" /><D95/><U110/><E110/><V102/><AGARI ba="0,1" hai="37,39,40,41,44,46,52,56,57,59,60,97,102,104" machi="102" ten="30,11700,0" yaku="1,1,0,1,9,1,54,1,53,0" doraHai="106" doraHaiUra="90" who="2" fromWho="2" sc="250,-39,170,-39,279,127,291,-39" /><INIT seed="2,1,0,1,3,81" ten="211,131,406,252" oya="2" hai0="28,74,105,63,37,29,95,56,77,62,55,80,48" hai1="51,90,118,133,134,24,42,33,16,5,72,39,125" hai2="13,11,17,26,119,109,128,22,103,46,117,98,64" hai3="130,131,36,116,30,25,113,18,66,32,78,92,47"/><V100/><F128/><N who="3" m="49195" /><G116/><T124/><D105/><U76/><E118/><V67/><F109/><W60/><G113/><T44/><D124/><U8/><E125/><V101/><F98/><W2/><G2/><T127/><D127/><U126/><E126/><V40/><F117/><W83/><G92/><T6/><D37/><U20/><E33/><V132/><F132/><W71/><G18/><T87/><D6/><U89/><E39/><V104/><F104/><W114/><G114/><T135/><D135/><N who="1" m="51723" /><E76/><V12/><F12/><W111/><G111/><T31/><REACH who="0" step="1"/><D44/><REACH who="0" ten="201,131,406,252" step="2"/><N who="1" m="26007" /><E72/><V21/><F119/><W110/><G110/><T102/><D102/><U15/><AGARI ba="1,1" hai="5,8,15,16,20,24,89,90" m="26007,51723" machi="15" ten="30,2000,0" yaku="20,1,54,1" doraHai="81" who="1" fromWho="1" sc="201,-6,131,33,406,-11,252,-6" /><INIT seed="3,0,0,0,4,125" ten="195,164,395,246" oya="3" hai0="126,41,47,111,5,7,122,104,76,110,54,34,67" hai1="121,35,87,39,45,43,42,60,23,123,51,94,15" hai2="25,9,44,40,84,82,133,113,114,100,10,85,30" hai3="27,4,0,117,91,127,38,70,8,57,17,71,58"/><W18/><G38/><T26/><D122/><U78/><E35/><V130/><F130/><W90/><G27/><T29/><D126/><U109/><E109/><N who="0" m="41481" /><D104/><U86/><E123/><V64/><F133/><W24/><G24/><T120/><D120/><U55/><E121/><V1/><F100/><W14/><G14/><T21/><D67/><U95/><E39/><V50/><F64/><W3/><G127/><T106/><D106/><U101/><E94/><V107/><F107/><W99/><G8/><T16/><D54/><U124/><E124/><V75/><F75/><W36/><G36/><N who="0" m="21927" /><D76/><U92/><E92/><V108/><F85/><W63/><G4/><T79/><D79/><U31/><E60/><V128/><F108/><W131/><G63/><T53/><D53/><U52/><E55/><V11/><F84/><N who="1" m="32297" /><E78/><V49/><F82/><W69/><G69/><T62/><D62/><U13/><E31/><V73/><F73/><W89/><G89/><T20/><D34/><U118/><E118/><V93/><F50/><W134/><G117/><T59/><D59/><U68/><E68/><V19/><F19/><W135/><G99/><T6/><D6/><U65/><E65/><V103/><F11/><W72/><G72/><T48/><D48/><U98/><E13/><AGARI ba="0,0" hai="5,7,13,16,20,21,26,29" m="21927,41481" machi="13" ten="30,2000,0" yaku="14,1,54,1" doraHai="125" who="0" fromWho="1" sc="195,20,164,-20,395,0,246,0" owari="215,-18.5,144,-35.6,395,49.5,246,4.6" /></mjloggm>