<mjloggm ver="2.3"><GO type="225" lobby="0"/><UN n0="%E6%9C%88%E5%B3%B6%E5%9F%BA" n1="%E5%91%A8%E6%9D%B1" n2="%E3%83%96%E3%83%83%E3%83%91%E3%82%AA%E3%83%96%E3%83%81%E3%82%AD%E3%83%B3" n3="%E3%81%BE%E3%81%A8%E3%81%9F" dan="16,17,16,16" rate="2110.25,2154.06,2154.81,2126.44" sx="M,M,M,M"/><TAIKYOKU oya="0"/><INIT seed="0,0,0,5,2,50" ten="250,250,250,250" oya="0" hai0="91,109,15,106,68,84,19,111,40,97,67,92,131" hai1="101,47,0,104,135,54,1,102,39,79,33,71,57" hai2="76,107,75,127,124,58,119,134,132,55,32,77,31" hai3="56,29,118,26,72,24,105,120,93,85,17,46,25"/><T4/><D131/><U53/><E33/><V59/><F107/><W117/><G72/><T90/><D4/><U45/><E71/><V49/><F75/><W20/><G105/><T41/><D67/><U13/><E79/><N who="2" m="30283" /><F119/><W18/><G120/><T51/><D68/><U36/><E104/><V100/><F100/><W12/><G46/><T112/><D112/><U82/><E82/><V110/><F110/><N who="0" m="41994" /><D51/><U38/><E13/><V37/><F37/><W44/><G44/><N who="1" m="16970" /><E57/><V48/><F31/><W81/><G56/><T22/><D106/><U99/><E99/><V123/><F32/><W43/><G43/><T133/><D133/><N who="2" m="51306" /><F123/><W125/><G117/><T78/><D78/><U34/><E34/><V60/><F48/><W52/><G118/><T128/><D128/><U63/><E63/><V10/><F10/><W114/><G114/><T9/><D9/><U3/><E135/><V21/><F21/><W74/><G20/><T86/><D97/><U73/><E73/><V28/><F28/><W16/><G74/><T23/><D22/><U64/><E64/><AGARI ba="0,0" hai="49,55,58,59,60,64,124,127" m="51306,30283" machi="64" ten="30,2000,0" yaku="20,1,52,1" doraHai="50" who="2" fromWho="1" sc="250,0,250,-20,250,20,250,0" /><INIT seed="1,0,0,1,4,81" ten="250,230,270,250" oya="1" hai0="126,13,129,22,27,19,117,60,53,41,92,11,66" hai1="38,49,100,79,17,20,130,50,59,84,132,67,103" hai2="89,15,21,51,16,96,115,109,7,5,112,44,58" hai3="29,35,3,116,4,28,47,42,134,113,52,56,76"/><U82/><E38/><V24/><F109/><W39/><G113/><N who="2" m="43593" /><F58/><W63/><G134/><T33/><D117/><U1/><E1/><V121/><F121/><W37/><G116/><T31/><D129/><U107/><E132/><V64/><F64/><W91/><G39/><T26/><D126/><U45/><E130/><V83/><F24/><W74/><G91/><T108/><D108/><U23/><E107/><V98/><F98/><W72/><G35/><T8/><D41/><U78/><E78/><V75/><F96/><W70/><G70/><T55/><D92/><U36/><E36/><V18/><F18/><W43/><G76/><T110/><D110/><U12/><E23/><V86/><F75/><W94/><G72/><T101/><D101/><U10/><E10/><V88/><F89/><W120/><G74/><T118/><D118/><U61/><REACH who="1" step="1"/><E50/><REACH who="1" ten="250,220,270,250" step="2"/><V125/><F125/><W87/><G37/><T48/><D48/><U71/><E71/><V102/><F102/><W77/><G77/><T127/><D127/><U111/><E111/><V30/><F30/><W85/><G29/><T57/><D11/><U104/><E104/><V40/><AGARI ba="0,1" hai="5,7,15,16,21,40,44,51,83,86,88" m="43593" machi="40" ten="30,7900,0" yaku="11,1,52,1,54,2" doraHai="81" who="2" fromWho="2" sc="250,-20,220,-39,270,89,250,-20" /><INIT seed="2,0,0,3,1,49" ten="230,181,359,230" oya="2" hai0="128,21,38,110,35,9,67,20,25,56,63,114,24" hai1="50,72,18,86,16,118,77,36,134,4,129,112,75" hai2="88,65,80,7,33,122,45,17,55,52,90,59,58" hai3="87,47,113,104,121,43,68,99,44,93,15,26,127"/><V61/><F122/><W82/><G121/><T48/><D114/><U71/><E36/><V84/><F33/><W109/><G127/><T23/><D38/><U41/><E118/><V2/><F2/><W119/><G104/><T115/><D115/><U64/><E112/><V74/><F74/><W107/><G107/><T62/><D110/><U135/><E4/><V40/><F7/><W126/><G68/><T111/><D111/><U6/><E6/><V28/><F28/><W46/><G109/><T76/><D128/><U79/><E129/><V95/><F17/><N who="1" m="6761" /><E64/><V106/><F106/><W102/><G126/><T85/><D9/><U70/><E41/><V101/><F101/><W29/><G15/><T92/><D35/><U14/><E50/><N who="2" m="26919" /><F59/><W94/><G119/><T60/><D67/><U81/><E14/><V73/><F73/><N who="1" m="28233" /><E77/><V12/><F12/><W10/><G10/><T57/><D76/><U31/><E31/><V131/><F131/><W66/><G66/><T22/><D57/><U120/><E120/><V1/><F1/><W32/><G113/><T78/><D78/><U98/><E98/><AGARI ba="0,0" hai="52,55,58,61,65,80,84,88,90,95,98" m="26919" machi="98" ten="30,12000,1" yaku="8,1,52,2,54,2" doraHai="49" who="2" fromWho="1" sc="230,0,181,-120,359,120,230,0" /><INIT seed="2,1,0,3,3,14" ten="230,61,479,230" oya="2" hai0="115,111,130,121,19,101,39,70,46,106,30,57,6" hai1="23,79,60,11,63,75,66,119,118,4,7,47,34" hai2="52,117,89,3,135,9,81,131,102,1,8,40,13" hai3="87,98,42,16,51,49,69,112,92,53,31,37,44"/><V36/><F117/><W134/><G69/><T85/><D121/><U0/><E34/><V73/><F131/><W29/><G134/><T32/><D70/><U55/><E55/><V99/><F135/><W27/><G112/><T83/><D115/><U132/><E132/><V122/><F122/><W18/><G87/><T28/><D111/><U54/><E54/><V26/><F9/><W105/><G105/><T107/><D6/><U128/><E128/><V100/><F36/><W120/><G37/><T109/><D101/><U91/><E91/><V80/><F40/><W96/><G96/><T95/><D95/><U76/><E23/><V22/><F102/><N who="3" m="60743" /><G120/><T133/><D39/><U126/><E126/><V125/><F81/><W127/><G127/><T62/><D83/><U50/><E75/><V129/><F129/><W103/><G103/><T45/><D106/><U74/><E74/><V113/><F89/><W108/><G108/><T114/><D107/><U24/><E118/><V12/><F100/><W10/><G10/><T35/><D114/><U86/><E119/><V84/><F99/><W64/><G64/><T116/><D116/><U61/><E66/><V94/><F84/><W43/><G43/><T33/><D85/><U21/><E86/><V59/><F73/><W77/><G77/><N who="1" m="29770" /><E11/><V124/><F8/><W15/><G15/><T41/><D109/><U71/><E71/><V123/><F13/><W90/><G90/><T82/><D130/><U104/><E104/><V20/><F12/><W68/><G68/><T110/><D110/><U93/><E0/><V97/><F125/><RYUUKYOKU ba="1,0" sc="230,0,61,0,479,0,230,0" /><INIT seed="3,2,0,2,0,61" ten="230,61,479,230" oya="3" hai0="18,29,57,68,85,11,42,97,89,72,7,19,59" hai1="16,120,92,83,115,94,91,84,77,67,99,35,128" hai2="101,31,6,114,98,96,63,105,47,106,23,66,51" hai3="122,44,10,102,118,62,56,109,49,14,25,111,37"/><W64/><G118/><T130/><D72/><U71/><E35/><V21/><F114/><W110/><G122/><T82/><D68/><U50/><E120/><V132/><F132/><W78/><G102/><T112/><D112/><U113/><E128/><V70/><F31/><W55/><G78/><T81/><D130/><U86/><E50/><V48/><F6/><N who="3" m="3415" /><G25/><T28/><D42/><U133/><E133/><V80/><F105/><W40/><G37/><T76/><D29/><U135/><E135/><V129/><F106/><W52/><AGARI ba="2,0" hai="40,44,49,52,55,56,62,64,109,110,111" m="3415" machi="52" ten="40,12000,1" yaku="14,1,10,1,52,1,54,1" doraHai="61" who="3" fromWho="3" sc="230,-42,61,-42,479,-42,230,126" /><INIT seed="3,3,0,5,1,110" ten="188,19,437,356" oya="3" hai0="123,98,130,13,5,81,44,134,29,20,90,75,39" hai1="26,21,47,106,125,1,99,78,35,101,38,74,33" hai2="55,94,111,34,131,3,93,124,116,31,108,46,66" hai3="58,23,87,107,115,49,71,0,117,119,126,89,41"/><W60/><G126/><T68/><D90/><U103/><E125/><V77/><F124/><W86/><G107/><T24/><D81/><U10/><E103/><V17/><F116/><W16/><G0/><T92/><D92/><N who="2" m="35434" /><F3/><W57/><G115/><T7/><D44/><U109/><E109/><N who="2" m="42059" /><F131/><W97/><G97/><T100/><D100/><U113/><E113/><V15/><F77/><W67/><G71/><T82/><D82/><U12/><E12/><V114/><F114/><W105/><G105/><T6/><D39/><U62/><E26/><V4/><F66/><W56/><G89/><T25/><D75/><U128/><E128/><V80/><F80/><W76/><G76/><T73/><D73/><U79/><E78/><V43/><F4/><W83/><G117/><T48/><D48/><U40/><E21/><V70/><F70/><W129/><G119/><T30/><D98/><U14/><E14/><V88/><F88/><N who="3" m="51295" /><G87/><T19/><D123/><U8/><E79/><V63/><F34/><W54/><G129/><T28/><D68/><U122/><E74/><V121/><F121/><W50/><G41/><T32/><D134/><U61/><E122/><V65/><F43/><W84/><G84/><T59/><D130/><U120/><E120/><V64/><F31/><W102/><G102/><T42/><D42/><U69/><E69/><V22/><F46/><N who="3" m="27959" /><G50/><T36/><D36/><U9/><E1/><V91/><F91/><W2/><G2/><T52/><D32/><U135/><E135/><V53/><F53/><W51/><G51/><N who="0" m="31135" /><D30/><U112/><E112/><V118/><F118/><RYUUKYOKU ba="3,0" sc="188,0,19,0,437,0,356,0" hai0="5,6,7,13,19,20,24,25,28,29" hai1="8,9,10,33,35,38,40,47,61,62,99,101,106" hai2="15,17,22,55,63,64,65" hai3="16,23,56,57,58,60,67" /><INIT seed="3,4,0,1,3,101" ten="188,19,437,356" oya="3" hai0="16,78,66,111,1,57,120,2,23,17,13,99,112" hai1="21,3,79,31,80,47,131,4,19,134,133,85,54" hai2="91,24,44,29,48,105,30,107,33,115,59,128,83" hai3="51,69,26,89,14,11,64,119,8,123,117,40,122"/><W103/><G103/><T28/><D120/><U55/><E131/><V9/><F115/><W130/><G26/><T95/><D112/><U113/><E113/><V62/><F128/><W81/><G130/><T34/><D111/><U20/><E3/><V98/><F30/><W121/><G64/><T18/><D78/><U110/><E110/><V90/><F9/><W38/><G38/><T50/><D34/><U39/><E39/><V93/><F83/><W5/><G69/><T104/><D104/><U72/><E72/><V63/><F91/><W22/><G22/><T12/><D2/><U6/><E47/><V42/><F63/><W65/><G65/><AGARI ba="4,0" hai="24,29,33,42,44,48,59,62,65,90,93,98,105,107" machi="65" ten="30,3900,0" yaku="7,1,52,2" doraHai="101" who="2" fromWho="3" sc="188,0,19,0,437,51,356,-51" owari="188,-21.2,19,-48.1,488,58.8,305,10.5" /></mjloggm>