<mjloggm ver="2.3"><GO type="225" lobby="0"/><UN n0="%E5%A4%8F%E9%88%B4%E9%88%B4%E5%A4%8F" n1="%E7%99%BD%E5%80%89%E5%AF%9B%E4%B9%8B" n2="%E3%81%A4%E3%81%A3%E3%81%B1%E3%82%8A%E3%83%9D%E3%83%BC%E3%83%AB" n3="%4C%4F%4C%49%54%41" dan="16,16,17,16" rate="2094.48,2127.68,2132.99,2125.78" sx="F,M,M,F"/><TAIKYOKU oya="0"/><INIT seed="0,0,0,3,3,54" ten="250,250,250,250" oya="0" hai0="111,35,20,59,62,1,113,37,81,75,98,7,99" hai1="100,106,24,125,85,76,6,10,79,134,17,70,86" hai2="53,43,51,103,73,2,63,91,13,130,115,112,119" hai3="116,38,3,82,55,34,89,93,84,44,11,67,69"/><T87/><D113/><U16/><E70/><V46/><F2/><W127/><G116/><T19/><D35/><U83/><E125/><V88/><F73/><W4/><G34/><T95/><D111/><U42/><E134/><V128/><F119/><W15/><G127/><T52/><D37/><U33/><E42/><V71/><F103/><W36/><G69/><T18/><D75/><U96/><E33/><V50/><F13/><W108/><G67/><T25/><D7/><U22/><E17/><N who="0" m="6153" /><D95/><U74/><REACH who="1" step="1"/><E79/><REACH who="1" ten="250,240,250,250" step="2"/><V14/><F112/><W29/><G29/><N who="0" m="17575" /><D1/><AGARI ba="0,1" hai="1,6,10,16,22,24,74,76,83,85,86,96,100,106" machi="1" ten="30,7700,0" yaku="1,1,7,1,54,1,53,1" doraHai="54" doraHaiUra="94" who="1" fromWho="0" sc="250,-77,240,87,250,0,250,0" /><INIT seed="1,0,0,5,3,45" ten="173,327,250,250" oya="1" hai0="64,87,111,1,38,5,50,70,21,127,24,30,17" hai1="86,71,95,131,101,22,33,23,83,78,46,88,68" hai2="116,56,109,42,28,19,20,105,123,113,37,96,85" hai3="54,76,57,126,128,27,25,3,133,53,81,77,44"/><U51/><E33/><V89/><F116/><W135/><G3/><T60/><D111/><U69/><E101/><V58/><F123/><W16/><G128/><T43/><D127/><U59/><E59/><V100/><F109/><W6/><G6/><T122/><D122/><U73/><REACH who="1" step="1"/><E131/><REACH who="1" ten="173,317,250,250" step="2"/><V119/><F119/><W10/><G57/><T125/><D125/><U103/><E103/><V129/><F129/><W115/><G126/><T61/><D38/><U79/><E79/><V11/><F58/><W93/><G77/><T8/><D61/><U63/><E63/><V97/><F56/><W36/><G76/><T110/><D110/><U2/><E2/><V18/><F100/><W108/><G36/><T82/><D30/><U112/><E112/><V47/><F113/><W99/><G115/><T31/><D31/><U35/><E35/><V4/><F28/><W121/><G108/><T72/><D72/><U55/><AGARI ba="0,1" hai="22,23,46,51,55,68,69,71,73,78,83,86,88,95" machi="55" ten="30,11700,0" yaku="1,1,0,1,52,1,54,1,53,0" doraHai="45" doraHaiUra="62" who="1" fromWho="1" sc="173,-39,317,127,250,-39,250,-39" /><INIT seed="1,1,0,2,4,10" ten="134,444,211,211" oya="1" hai0="82,81,9,86,102,77,19,7,79,100,50,99,45" hai1="58,49,120,20,15,8,95,26,90,62,101,106,35" hai2="24,1,125,133,55,3,88,70,73,6,97,105,43" hai3="89,83,34,59,16,124,44,5,40,38,92,41,68"/><U129/><E35/><V11/><F70/><W135/><G68/><T54/><D19/><U28/><E129/><V134/><F73/><W2/><G34/><T32/><D32/><U119/><E119/><V56/><F43/><W65/><G124/><T131/><D131/><U76/><E120/><V98/><F125/><W122/><G122/><T72/><REACH who="0" step="1"/><D99/><REACH who="0" ten="124,444,211,211" step="2"/><N who="1" m="59647" /><E28/><V107/><F98/><W63/><G16/><T123/><D123/><U64/><E106/><V132/><F24/><W13/><G5/><T75/><D75/><U30/><E26/><V113/><F113/><W128/><G128/><T27/><D27/><U29/><E29/><V23/><F23/><W52/><G135/><T103/><D103/><U108/><E20/><V84/><F107/><W33/><G33/><T0/><AGARI ba="1,1" hai="0,7,9,45,50,54,72,77,79,81,82,86,100,102" machi="0" ten="20,5200,0" yaku="1,1,0,1,7,1,53,1" doraHai="10" doraHaiUra="51" who="0" fromWho="0" sc="124,65,444,-27,211,-14,211,-14" /><INIT seed="2,0,0,1,4,50" ten="189,417,197,197" oya="2" hai0="125,21,62,126,109,32,43,122,87,97,116,29,96" hai1="31,48,54,98,41,57,10,1,79,81,23,92,11" hai2="76,24,85,105,38,83,67,52,100,118,121,7,117" hai3="22,107,16,42,106,49,40,59,5,63,65,74,53"/><V68/><F121/><W132/><G74/><T19/><D122/><U15/><E1/><V55/><F38/><W91/><G132/><T69/><D109/><U111/><E111/><V56/><F7/><W2/><G91/><T72/><D72/><U25/><E41/><V104/><F104/><W14/><G107/><T46/><D116/><U75/><E15/><V30/><F118/><W89/><G106/><T18/><D87/><U131/><E131/><V73/><F56/><W113/><G113/><T45/><D32/><U58/><E58/><V115/><F73/><W129/><G129/><T101/><D29/><U20/><E20/><V51/><F51/><W35/><G35/><T94/><D97/><U3/><E3/><V124/><F115/><W44/><REACH who="3" step="1"/><G89/><AGARI ba="0,0" hai="10,11,23,25,31,48,54,57,75,79,81,89,92,98" machi="89" ten="30,2000,0" yaku="7,1,52,1" doraHai="50" who="1" fromWho="3" sc="189,0,417,20,197,0,197,-20" /><INIT seed="3,0,0,0,0,107" ten="189,437,197,177" oya="3" hai0="50,93,124,133,28,95,115,6,80,46,111,72,26" hai1="3,27,102,30,33,89,63,41,9,60,55,32,61" hai2="37,91,51,82,65,106,99,86,17,66,129,56,0" hai3="22,2,45,49,97,130,23,76,118,24,100,5,94"/><W101/><G118/><T62/><D111/><U13/><E3/><V14/><F37/><W47/><G130/><T121/><D121/><U104/><E41/><V44/><F0/><W70/><G70/><T4/><D124/><U25/><E89/><V29/><F29/><W20/><G76/><T53/><D133/><U39/><E39/><V69/><F69/><W114/><G114/><T83/><D62/><U110/><E102/><V108/><F56/><W34/><G101/><T7/><D115/><U16/><E104/><V84/><F129/><W57/><G34/><T105/><D105/><U126/><E110/><V88/><F99/><W113/><G113/><T74/><D72/><U77/><E77/><V96/><F96/><W64/><G5/><T8/><D8/><U131/><E126/><V78/><F78/><W112/><G2/><T40/><D40/><U68/><E131/><V79/><F79/><W123/><G123/><T109/><D109/><U103/><E103/><V117/><F117/><W10/><G10/><T116/><D74/><U43/><E43/><N who="2" m="24991" /><F106/><W59/><G112/><T11/><D116/><U119/><E119/><V42/><F42/><N who="3" m="24759" /><G47/><T12/><D11/><U85/><E68/><V35/><F35/><W122/><G122/><T21/><D12/><U92/><E33/><V52/><F52/><W38/><G38/><T73/><D73/><U120/><E55/><V15/><F108/><W36/><G36/><T90/><D90/><N who="1" m="53327" /><E120/><V58/><F58/><N who="3" m="22027" /><G64/><N who="2" m="24681" /><F17/><AGARI ba="0,0" hai="17,20,22,23,24,94,97,100" m="22027,24759" machi="17" ten="30,1500,0" yaku="8,1" doraHai="107" who="3" fromWho="2" sc="189,0,437,0,197,-15,177,15" /><INIT seed="3,1,0,2,3,17" ten="189,437,182,192" oya="3" hai0="41,130,71,11,31,13,111,47,59,131,16,40,92" hai1="78,74,4,81,62,112,7,95,119,29,73,12,21" hai2="72,46,20,1,19,133,56,65,36,96,106,42,118" hai3="39,54,120,38,84,8,10,99,82,63,9,5,27"/><W35/><G120/><T113/><D111/><U77/><E112/><V26/><F118/><W67/><G5/><T45/><D71/><U2/><E119/><V127/><F133/><W6/><G6/><T58/><D31/><U53/><E2/><V80/><F1/><W87/><G54/><T57/><D92/><U32/><E32/><V25/><F127/><W124/><G124/><T15/><D15/><U90/><E62/><V76/><F26/><W50/><G50/><T60/><D60/><U28/><E53/><V68/><F68/><W101/><G27/><T108/><D108/><U34/><E34/><V43/><F43/><N who="0" m="16458" /><D113/><U126/><E126/><V134/><F134/><W122/><G35/><T44/><D131/><U18/><E29/><V69/><F69/><W37/><G82/><T89/><D89/><U129/><E28/><V51/><F65/><W125/><G122/><T94/><D94/><U88/><E90/><V100/><REACH who="2" step="1"/><F56/><REACH who="2" ten="189,437,172,192" step="2"/><W52/><G125/><T64/><D130/><U79/><E129/><V107/><F107/><W23/><G67/><T135/><D135/><U14/><E4/><V132/><F132/><W114/><G114/><T103/><D64/><U55/><E81/><V61/><F61/><W116/><G116/><T104/><D104/><U109/><E109/><V75/><F75/><W49/><G63/><T86/><D59/><U3/><E74/><V121/><F121/><W105/><G39/><AGARI ba="1,1" hai="19,20,25,36,39,42,46,51,72,76,80,96,100,106" machi="39" ten="40,2600,0" yaku="1,1,52,1,53,0" doraHai="17" doraHaiUra="30" who="2" fromWho="3" sc="189,0,437,0,172,39,192,-29" owari="189,-21.1,437,53.7,211,1.1,163,-33.7" /></mjloggm>