<mjloggm ver="2.3"><GO type="225" lobby="0"/><UN n0="%4B%2E%32%2E%4B%2E" n1="%E3%82%B3%E3%83%90%E3%83%AC%E3%82%A4" n2="%E6%9C%88%E5%B3%B6%E5%9F%BA" n3="%E5%B0%8F%E9%B3%A5%E9%81%8A%E7%B7%B4%E7%84%A1%32%31%E6%AD%B3" dan="17,16,17,17" rate="2184.05,2154.98,2224.45,2198.52" sx="M,M,M,F"/><TAIKYOKU oya="0"/><INIT seed="0,0,0,2,0,108" ten="250,250,250,250" oya="0" hai0="27,24,98,39,77,121,62,74,82,123,84,31,120" hai1="100,36,51,130,89,48,111,107,101,11,13,116,45" hai2="125,75,112,132,26,63,65,56,4,14,71,95,38" hai3="87,54,55,69,90,85,33,86,66,29,8,96,93"/><T50/><D39/><U61/><E116/><V60/><F75/><W109/><G109/><T119/><D119/><U129/><E36/><V122/><F122/><W80/><G8/><T19/><D19/><U0/><E0/><V99/><F125/><W105/><G105/><T53/><D62/><U103/><E61/><V17/><F132/><W46/><G66/><T72/><D98/><U35/><E35/><V52/><F112/><W113/><G69/><T131/><D131/><N who="1" m="50187" /><E107/><V102/><F38/><W44/><G113/><T88/><D77/><U42/><E111/><V59/><F71/><W6/><G6/><T16/><D27/><U73/><E73/><V114/><F114/><W68/><G68/><T57/><REACH who="0" step="1"/><D16/><REACH who="0" ten="240,250,250,250" step="2"/><N who="1" m="8255" /><E51/><V47/><F26/><W126/><G29/><T32/><AGARI ba="0,1" hai="24,31,32,50,53,57,72,74,82,84,88,120,121,123" machi="32" ten="30,11700,0" yaku="1,1,0,1,54,1,53,1" doraHai="108" doraHaiUra="81" who="0" fromWho="0" sc="240,127,250,-39,250,-39,250,-39" /><INIT seed="0,1,0,3,4,101" ten="367,211,211,211" oya="0" hai0="82,78,114,112,76,31,53,90,67,58,48,35,113" hai1="130,129,51,4,71,9,23,29,132,49,16,107,86" hai2="24,32,40,93,25,8,18,116,61,44,106,89,37" hai3="72,27,39,45,75,65,123,21,14,125,11,94,34"/><T83/><D67/><U2/><E71/><V59/><F116/><W38/><G34/><T55/><D35/><U36/><E36/><V54/><F106/><W124/><G123/><T133/><D31/><U111/><E29/><V85/><F32/><W1/><G1/><T74/><D133/><U118/><E118/><V60/><F60/><W68/><G94/><T5/><D5/><U121/><E121/><V0/><F0/><W17/><G65/><T19/><D19/><U43/><E132/><V73/><F73/><W15/><G15/><T105/><D105/><U98/><E86/><V92/><F92/><W70/><G70/><T81/><D55/><U126/><E111/><V128/><F128/><N who="1" m="49257" /><E43/><V62/><F62/><W42/><G68/><T115/><D115/><U26/><E126/><N who="3" m="48746" /><G38/><T66/><D66/><U77/><E77/><V135/><F135/><W33/><G33/><T46/><D58/><U127/><E127/><V6/><F6/><AGARI ba="1,0" hai="6,11,14,17,21,27,39,42,45,72,75" m="48746" machi="6" ten="30,1000,0" yaku="18,1" doraHai="101" who="3" fromWho="2" sc="367,0,211,0,211,-13,211,13" /><INIT seed="1,0,0,3,2,21" ten="367,211,198,224" oya="1" hai0="40,23,124,45,26,4,133,14,32,83,2,35,117" hai1="52,17,109,69,7,64,107,86,85,34,130,12,29" hai2="87,11,92,100,19,8,25,5,37,112,59,135,101" hai3="94,27,121,104,13,70,22,60,6,48,105,99,77"/><U126/><E107/><V51/><F37/><W103/><G121/><T9/><D117/><U55/><E130/><V106/><F106/><W41/><G77/><T63/><D124/><U31/><E126/><V128/><F128/><W50/><G13/><T76/><D133/><U43/><E43/><V108/><F135/><W46/><G6/><T10/><D63/><U20/><E109/><V47/><F108/><W122/><G122/><T78/><D10/><U71/><E69/><V131/><F131/><W134/><G134/><T0/><D0/><U66/><E71/><V111/><F112/><W95/><G95/><T39/><D14/><U36/><E36/><V65/><F87/><N who="1" m="33289" /><E7/><V118/><F118/><W120/><G120/><T113/><D113/><U57/><E55/><V116/><F116/><W62/><G48/><T96/><D96/><U58/><E34/><V3/><F111/><W42/><G41/><T114/><D78/><U33/><E33/><V97/><F3/><W24/><G70/><T93/><D93/><U18/><E17/><V125/><F5/><W75/><G75/><N who="0" m="43423" /><D114/><U73/><E73/><V88/><F125/><W82/><G105/><T56/><D56/><N who="1" m="21611" /><E52/><N who="2" m="29823" /><F59/><W67/><G104/><T68/><D68/><U123/><E123/><V15/><F65/><AGARI ba="0,0" hai="12,18,20,29,31,64,65,66" m="21611,33289" machi="65" ten="30,1500,0" yaku="8,1" doraHai="21" who="1" fromWho="2" sc="367,0,211,15,198,-15,224,0" /><INIT seed="1,1,0,1,1,81" ten="367,226,183,224" oya="1" hai0="76,38,40,41,59,44,21,134,33,70,47,102,12" hai1="86,125,107,61,79,2,75,120,109,36,4,128,135" hai2="26,68,133,5,23,46,94,6,32,25,119,22,37" hai3="114,60,104,126,13,65,18,78,50,92,96,74,72"/><U131/><RYUUKYOKU type="yao9" ba="1,0" sc="367,0,226,0,183,0,224,0" hai1="2,4,36,61,75,79,86,107,109,120,125,128,131,135" /><INIT seed="1,2,0,4,5,25" ten="367,226,183,224" oya="1" hai0="17,80,52,43,60,135,15,63,101,87,71,13,97" hai1="68,39,93,117,11,49,90,36,45,88,7,58,38" hai2="54,134,21,82,34,35,14,50,94,115,53,40,116" hai3="120,8,30,76,113,1,37,124,48,98,130,126,89"/><U66/><E117/><V102/><F116/><W33/><G37/><T125/><D71/><U32/><E32/><V57/><F134/><W67/><G120/><T64/><D135/><U27/><E27/><V111/><F111/><W85/><G113/><T6/><D125/><N who="3" m="48233" /><G67/><T69/><D43/><U96/><E68/><V2/><F2/><W41/><G76/><T91/><D6/><U73/><E73/><V46/><F115/><W72/><G98/><T3/><D3/><U59/><E66/><V23/><F35/><W106/><G106/><T109/><D109/><U103/><E90/><V18/><F34/><W86/><G72/><T95/><REACH who="0" step="1"/><D17/><REACH who="0" ten="357,226,183,224" step="2"/><U121/><E121/><V44/><F40/><W107/><G1/><T20/><D20/><U10/><E11/><V133/><F23/><W26/><G8/><T77/><D77/><U105/><E10/><V129/><F133/><W128/><G41/><T70/><D70/><U123/><E123/><V29/><F18/><W112/><G33/><T119/><D119/><U24/><E7/><V65/><F21/><W61/><G112/><T22/><D22/><U62/><E24/><V19/><F19/><W104/><G26/><T110/><D110/><U75/><E36/><V74/><F14/><W16/><G16/><T28/><D28/><U122/><E122/><V31/><F31/><W4/><G30/><T132/><D132/><U114/><E114/><V12/><F29/><W118/><G4/><T81/><D81/><U78/><E38/><V131/><F12/><W108/><G118/><T56/><AGARI ba="2,1" hai="13,15,52,56,60,63,64,69,80,87,91,95,97,101" machi="56" ten="30,7900,0" yaku="1,1,0,1,54,1,53,1" doraHai="25" doraHaiUra="55" who="0" fromWho="0" sc="357,95,226,-41,183,-22,224,-22" /><INIT seed="2,0,0,0,0,2" ten="452,185,161,202" oya="2" hai0="32,28,24,12,49,14,55,83,117,31,35,1,118" hai1="97,119,44,102,41,95,39,27,21,52,13,99,30" hai2="127,116,134,120,22,100,56,66,42,4,125,51,54" hai3="114,76,133,128,131,105,43,18,69,45,132,98,57"/><V40/><F116/><N who="0" m="44650" /><D1/><U11/><E119/><V121/><F100/><N who="3" m="62615" /><G69/><T93/><D93/><U106/><E52/><N who="2" m="31775" /><F22/><W94/><G76/><T90/><D90/><U135/><E135/><N who="3" m="51786" /><G57/><N who="0" m="33007" /><D83/><U19/><E99/><V85/><F85/><W33/><G94/><T123/><D123/><N who="2" m="47178" /><F4/><W70/><G70/><T115/><D115/><U126/><E126/><N who="2" m="48139" /><F134/><W113/><G18/><T53/><D31/><U75/><E75/><V15/><F15/><W71/><G71/><T80/><D80/><U46/><E106/><V91/><F91/><W129/><G33/><T10/><D35/><U107/><E107/><V77/><F77/><W0/><G0/><T104/><D104/><U112/><E112/><V73/><F73/><W23/><G23/><T108/><D14/><U130/><E102/><V9/><F9/><W87/><G87/><T72/><D12/><U8/><E95/><V124/><N who="2" m="48147" /><V62/><DORA hai="63" /><F54/><W16/><G16/><T60/><D10/><U65/><E11/><V48/><F48/><AGARI ba="0,0" hai="43,45,48,113,114,128,129,131" m="51786,62615" machi="48" ten="40,2600,0" yaku="19,1,20,1" doraHai="2,63" who="3" fromWho="2" sc="452,0,185,0,161,-26,202,26" /><INIT seed="3,0,0,1,3,1" ten="452,185,135,228" oya="3" hai0="106,48,51,68,34,101,57,114,30,12,107,117,49" hai1="81,63,59,121,91,37,118,10,52,47,14,45,15" hai2="70,125,112,61,134,89,53,83,4,88,54,26,56" hai3="126,29,131,123,124,122,110,80,127,23,35,9,108"/><W46/><G46/><T58/><D68/><U85/><E121/><N who="3" m="46090" /><G80/><T82/><D117/><U19/><E118/><V27/><F112/><W103/><G103/><T3/><D114/><U116/><E116/><V33/><F125/><W2/><G131/><T18/><D3/><U43/><E37/><V64/><F134/><W133/><G133/><T20/><D82/><U55/><E43/><V129/><F129/><W25/><G23/><T84/><D84/><U69/><E69/><V92/><F33/><W100/><G100/><T0/><D101/><U77/><E55/><V75/><F54/><W78/><G78/><T65/><D106/><U95/><REACH who="1" step="1"/><E15/><REACH who="1" ten="452,175,135,228" step="2"/><V111/><F111/><N who="3" m="42539" /><G127/><T104/><D104/><U38/><E38/><V28/><F53/><W90/><G126/><T96/><D96/><AGARI ba="0,1" hai="10,14,19,45,47,52,59,63,77,81,85,91,95,96" machi="96" ten="30,8000,1" yaku="1,1,7,1,8,1,54,1,53,1" doraHai="1" doraHaiUra="7" who="1" fromWho="0" sc="452,-80,175,90,135,0,228,0" owari="372,47.2,265,6.5,135,-36.5,228,-17.2" /></mjloggm>