<mjloggm ver="2.3"><GO type="225" lobby="0"/><UN n0="%E7%99%BD%E5%80%89%E5%AF%9B%E4%B9%8B" n1="%E3%81%BF%E3%81%BF%E3%81%9A" n2="%E5%B0%8F%E9%B3%A5%E9%81%8A%E7%B7%B4%E7%84%A1%32%31%E6%AD%B3" n3="%E6%A1%9C%E8%8A%B1%E9%96%83%E3%80%85" dan="16,18,16,16" rate="2121.93,2248.34,2178.24,2156.94" sx="M,M,F,M"/><TAIKYOKU oya="0"/><INIT seed="0,0,0,1,5,100" ten="250,250,250,250" oya="0" hai0="56,57,51,16,83,97,112,20,85,133,36,17,98" hai1="33,35,4,102,77,126,12,11,68,76,60,114,84" hai2="92,94,86,43,117,101,91,26,99,105,8,96,108" hai3="22,48,46,103,27,39,34,15,30,93,50,10,80"/><T116/><D36/><U54/><E126/><V24/><F43/><W78/><G34/><T19/><D112/><U44/><E114/><V38/><F38/><W70/><G70/><T42/><D116/><U58/><E68/><V14/><F108/><W104/><G93/><T3/><D3/><U95/><E33/><V122/><F122/><W9/><G39/><T23/><D133/><U89/><E35/><V73/><F73/><W6/><G10/><T88/><D42/><U61/><E44/><V63/><F63/><W59/><G59/><N who="0" m="22603" /><D51/><U87/><E61/><V49/><F49/><W125/><G125/><T13/><D19/><U130/><E130/><V18/><REACH who="2" step="1"/><F117/><REACH who="2" ten="250,250,240,250" step="2"/><W82/><G46/><T31/><D31/><U90/><REACH who="1" step="1"/><E102/><AGARI ba="0,1" hai="8,14,18,24,26,86,91,92,94,96,99,101,102,105" machi="102" ten="30,7700,0" yaku="1,1,2,1,7,1,52,1,53,0" doraHai="100" doraHaiUra="119" who="2" fromWho="1" sc="250,0,250,-77,240,87,250,0" /><INIT seed="1,0,0,5,4,61" ten="250,173,327,250" oya="1" hai0="20,4,84,40,135,5,22,53,31,97,66,3,9" hai1="104,113,19,42,131,64,89,72,99,58,70,1,94" hai2="28,91,92,78,122,96,14,11,111,38,8,51,82" hai3="86,12,24,98,114,33,23,18,54,36,119,116,50"/><U76/><E131/><V77/><F38/><W34/><G36/><T2/><D135/><U60/><E113/><V102/><F122/><W125/><G98/><T120/><D40/><U79/><E1/><V45/><F28/><N who="3" m="17439" /><G86/><T63/><D53/><U13/><E72/><V68/><F68/><W49/><G49/><T26/><D120/><U56/><E42/><V106/><F111/><W57/><G114/><T74/><D74/><U52/><E104/><V81/><F81/><W108/><G108/><T109/><D109/><U83/><E83/><V129/><F129/><W134/><G134/><T71/><D84/><U126/><E126/><V127/><F127/><W75/><G75/><T35/><REACH who="0" step="1"/><D97/><REACH who="0" ten="240,173,327,250" step="2"/><U32/><E32/><V73/><F77/><W41/><G41/><T29/><D29/><U112/><E112/><V46/><F73/><W10/><G125/><T39/><D39/><U80/><E80/><V65/><F78/><W128/><G128/><T37/><D37/><U100/><E89/><V43/><F82/><W88/><G88/><T27/><D27/><U21/><E70/><V69/><F91/><W121/><G121/><T117/><D117/><AGARI ba="0,1" hai="10,12,18,33,34,50,54,57,116,117,119" m="17439" machi="117" ten="30,1000,0" yaku="12,1" doraHai="61" who="3" fromWho="0" sc="240,-10,173,0,327,0,250,20" /><INIT seed="2,0,0,1,2,78" ten="230,173,327,270" oya="2" hai0="85,91,74,132,35,11,129,106,12,29,49,61,120" hai1="134,135,28,57,5,96,48,26,46,70,21,31,65" hai2="27,117,109,54,113,7,87,37,0,100,119,33,43" hai3="64,68,104,98,8,19,131,80,127,95,130,67,53"/><V73/><F113/><W52/><G104/><T83/><D120/><U40/><E5/><V123/><F123/><W97/><G127/><T69/><D106/><U60/><E31/><V45/><F100/><W39/><G39/><T20/><D129/><N who="3" m="49161" /><G98/><T17/><D132/><U114/><E114/><V115/><F115/><W62/><G67/><T50/><D35/><U22/><E22/><V93/><F54/><N who="3" m="21099" /><G19/><T30/><D74/><U86/><E70/><V4/><F4/><W124/><G8/><T88/><D69/><U16/><E28/><N who="0" m="10857" /><D61/><U14/><E26/><V122/><F27/><W108/><G108/><T6/><D91/><U55/><E96/><V44/><F109/><W2/><G2/><T110/><D110/><U3/><E3/><V92/><F0/><W121/><G124/><T103/><D103/><U75/><E75/><V125/><F125/><W10/><G10/><T42/><D42/><U105/><E105/><V41/><F73/><W72/><G121/><T15/><AGARI ba="0,0" hai="6,11,12,15,17,20,49,50,83,85,88" m="10857" machi="15" ten="30,4000,0" yaku="8,1,52,1,54,1" doraHai="78" who="0" fromWho="0" sc="230,40,173,-10,327,-20,270,-10" /><INIT seed="3,0,0,3,1,82" ten="270,163,307,260" oya="3" hai0="7,70,107,39,74,35,133,125,63,54,47,12,1" hai1="117,43,46,121,111,18,114,78,27,105,110,113,42" hai2="16,99,48,122,135,66,134,8,37,61,120,76,83" hai3="87,13,97,79,85,116,92,93,28,32,10,41,129"/><W29/><G116/><T0/><D107/><U6/><E105/><V106/><F37/><W11/><G129/><T84/><D74/><U112/><E6/><V22/><F48/><W31/><G32/><T34/><D125/><U94/><E78/><V23/><F8/><N who="3" m="3115" /><G41/><N who="1" m="15370" /><E27/><N who="2" m="14791" /><F23/><W91/><G79/><T2/><D12/><U36/><E18/><V71/><F99/><N who="3" m="57759" /><G13/><T131/><D7/><U124/><E94/><V101/><F101/><AGARI ba="0,0" hai="28,29,31,85,87,93,97,101" m="57759,3115" machi="101" ten="30,5800,0" yaku="8,1,52,2" doraHai="82" who="3" fromWho="2" sc="270,0,163,0,307,-58,260,58" owari="270,7.0,163,-33.7,249,-15.1,318,41.8" /></mjloggm>