<mjloggm ver="2.3"><GO type="225" lobby="0"/><UN n0="%77%72%77%72%77%72%77%72" n1="%E6%A1%9C%E8%8A%B1%E9%96%83%E3%80%85" n2="%E3%83%96%E3%83%83%E3%83%91%E3%82%AA%E3%83%96%E3%83%81%E3%82%AD%E3%83%B3" n3="%E3%83%B4%E3%83%A0%EF%BC%99%E3%81%A6" dan="16,17,17,17" rate="2137.21,2216.33,2191.13,2153.45" sx="M,M,M,M"/><TAIKYOKU oya="0"/><INIT seed="0,0,0,1,5,30" ten="250,250,250,250" oya="0" hai0="90,21,38,103,123,97,78,27,104,122,117,118,111" hai1="49,67,129,8,131,37,41,34,45,73,31,61,63" hai2="17,87,43,24,72,59,10,80,25,108,5,132,26" hai3="77,105,124,58,92,56,23,39,7,106,112,107,128"/><T96/><D38/><U76/><E8/><V40/><F108/><W54/><G112/><T134/><D21/><U98/><E98/><V81/><F132/><W100/><G39/><T127/><D27/><N who="1" m="18815" /><E49/><V88/><F17/><W95/><G124/><T68/><D68/><N who="1" m="42095" /><E63/><V33/><F33/><W89/><G128/><N who="1" m="49226" /><E76/><V46/><F59/><W15/><G77/><T29/><D29/><U114/><E73/><V51/><F72/><W52/><G7/><T135/><D127/><U101/><E101/><V119/><F119/><N who="0" m="45578" /><D78/><U113/><AGARI ba="0,0" hai="37,41,45,113,114" m="49226,42095,18815" machi="113" ten="30,4000,0" yaku="19,1,23,1,52,1" doraHai="30" who="1" fromWho="1" sc="250,-20,250,40,250,-10,250,-10" /><INIT seed="1,0,0,3,3,115" ten="230,290,240,240" oya="1" hai0="33,5,30,116,122,47,50,81,26,135,21,121,29" hai1="118,89,14,17,37,105,124,83,40,127,61,41,109" hai2="90,110,80,46,49,16,133,24,13,112,18,73,57" hai3="66,52,74,100,102,63,43,71,93,131,12,51,0"/><U31/><E105/><V15/><F112/><W34/><G0/><T6/><D135/><U56/><E31/><V4/><F133/><W101/><G34/><T103/><D103/><U48/><E37/><V20/><F110/><W35/><G35/><T72/><D116/><U108/><E118/><V88/><F4/><W69/><G131/><T114/><D114/><U23/><E89/><N who="2" m="34411" /><F73/><W117/><G117/><T58/><D58/><U62/><E83/><V128/><F128/><W94/><G74/><T113/><D113/><U95/><E95/><V79/><F80/><W96/><G69/><T19/><D81/><U92/><E92/><V53/><F79/><W36/><G93/><T67/><D67/><N who="1" m="39335" /><E62/><N who="2" m="36143" /><F18/><W106/><G106/><T2/><D72/><U85/><E85/><V25/><F25/><W10/><G36/><T87/><D87/><U107/><E107/><V8/><F8/><W78/><G78/><T111/><D111/><N who="1" m="42571" /><E48/><V39/><F39/><W126/><G100/><T59/><D50/><U125/><AGARI ba="0,0" hai="14,17,23,40,41,124,125,127" m="42571,39335" machi="125" ten="40,7800,0" yaku="18,1,14,1,10,1" doraHai="115" who="1" fromWho="1" sc="230,-26,290,78,240,-26,240,-26" /><INIT seed="1,1,0,2,5,75" ten="204,368,214,214" oya="1" hai0="90,95,4,113,92,53,89,1,84,29,23,25,56" hai1="18,82,54,12,22,9,71,91,110,2,27,129,126" hai2="69,43,20,83,59,8,115,135,66,80,11,120,13" hai3="6,65,112,98,32,122,118,58,97,42,3,0,74"/><U57/><E126/><V116/><F120/><W72/><G122/><T7/><D113/><U96/><E129/><V108/><F116/><W63/><G112/><T130/><D1/><U107/><E71/><V85/><F69/><W77/><G118/><T81/><D130/><U127/><E127/><V111/><F115/><W119/><G119/><T121/><D121/><U5/><E110/><N who="2" m="42027" /><F135/><W61/><G32/><T10/><D10/><N who="2" m="3626" /><F43/><W31/><G31/><T17/><D29/><U51/><E107/><V78/><F83/><W37/><G72/><T117/><D117/><U24/><REACH who="1" step="1"/><E82/><REACH who="1" ten="204,358,214,214" step="2"/><V87/><F87/><W128/><G128/><T104/><D104/><U100/><E100/><V48/><F66/><W88/><G65/><T35/><D81/><U103/><E103/><V30/><F30/><W47/><G74/><T131/><D131/><U14/><E14/><V45/><F13/><W125/><G125/><T46/><D35/><U52/><E52/><N who="2" m="29711" /><F59/><W28/><G58/><T34/><D34/><U60/><E60/><V94/><F94/><AGARI ba="1,1" hai="2,5,9,12,18,22,24,27,51,54,57,91,94,96" machi="94" ten="40,2000,0" yaku="1,1,53,0" doraHai="75" doraHaiUra="102" who="1" fromWho="2" sc="204,0,358,33,214,-23,214,0" /><INIT seed="1,2,0,0,4,71" ten="204,391,191,214" oya="1" hai0="24,33,61,18,112,39,63,95,101,121,20,57,59" hai1="80,96,49,56,10,131,85,132,120,27,31,91,60" hai2="7,25,125,114,106,104,28,38,72,117,1,50,97" hai3="111,77,109,81,103,73,22,78,127,69,17,128,76"/><U90/><E120/><V62/><F117/><W68/><G103/><T58/><D112/><U74/><E132/><V102/><F72/><W19/><G127/><T98/><D121/><U21/><E131/><V99/><F125/><W129/><G81/><T64/><D33/><U124/><E124/><V75/><F114/><W11/><G11/><T92/><D39/><U70/><E70/><N who="3" m="27242" /><G73/><T44/><D44/><U105/><E74/><V67/><F75/><W113/><G113/><T35/><D35/><U15/><E49/><V119/><F119/><W133/><G133/><T134/><D134/><U55/><E105/><V116/><F102/><W29/><G29/><T52/><REACH who="0" step="1"/><D59/><REACH who="0" ten="194,391,191,214" step="2"/><U87/><E96/><V65/><F97/><W86/><G86/><N who="1" m="32778" /><E80/><V23/><F99/><W3/><G128/><T108/><D108/><U37/><E37/><V123/><F38/><W45/><G129/><T30/><D30/><U5/><AGARI ba="2,1" hai="5,10,15,21,27,31,55,56,60,90,91" m="32778" machi="5" ten="30,1500,0" yaku="8,1" doraHai="71" who="1" fromWho="1" sc="194,-7,391,31,191,-7,214,-7" /><INIT seed="1,3,0,5,5,76" ten="187,422,184,207" oya="1" hai0="65,95,40,81,103,25,19,51,67,114,47,61,22" hai1="57,101,93,69,119,17,0,38,48,62,30,37,109" hai2="110,18,45,56,24,92,125,70,106,52,96,36,85" hai3="117,102,99,124,11,118,2,123,89,94,122,73,135"/><U20/><E0/><V8/><F70/><W9/><G2/><T32/><D114/><U75/><E119/><N who="3" m="45578" /><G73/><T55/><D32/><U29/><E75/><V60/><F125/><W33/><G33/><T49/><D61/><U13/><E69/><V64/><F110/><W108/><G108/><T5/><D5/><U83/><E109/><V112/><F112/><W3/><G124/><T77/><D95/><U23/><E48/><V116/><F106/><W43/><G135/><T1/><D103/><U39/><E23/><V82/><F116/><W111/><G111/><T15/><D15/><U41/><E41/><V97/><F92/><N who="3" m="58727" /><G43/><T126/><D1/><U54/><REACH who="1" step="1"/><E83/><REACH who="1" ten="187,412,184,207" step="2"/><V104/><F36/><W31/><G3/><T42/><D42/><U7/><E7/><V121/><F121/><N who="3" m="46091" /><G31/><T46/><D126/><U132/><E132/><V10/><F10/><W68/><G68/><T87/><AGARI ba="3,1" hai="19,22,25,40,46,47,49,51,55,65,67,77,81,87" machi="87" ten="20,5200,0" yaku="0,1,7,1,8,1,52,1" doraHai="76" who="0" fromWho="0" sc="187,71,412,-29,184,-16,207,-16" /><INIT seed="2,0,0,1,2,81" ten="258,383,168,191" oya="2" hai0="102,100,69,36,135,37,117,120,6,84,55,50,64" hai1="31,68,88,0,23,33,134,133,21,52,126,80,61" hai2="42,79,1,128,45,4,8,96,2,115,107,9,41" hai3="87,103,104,66,83,26,127,91,62,12,56,70,125"/><V3/><F115/><W65/><G12/><T99/><D120/><U97/><E0/><V113/><F113/><W89/><G89/><T93/><D6/><U5/><E5/><V92/><F128/><W15/><G15/><T35/><D35/><U18/><E126/><N who="3" m="48138" /><G26/><T98/><D135/><U14/><E33/><V27/><F79/><W17/><G17/><T85/><D117/><U110/><E110/><V78/><F78/><W7/><G7/><T39/><D64/><U122/><E122/><V22/><F107/><W19/><G19/><T11/><D69/><U43/><E43/><V112/><F112/><W108/><G108/><T105/><REACH who="0" step="1"/><D11/><REACH who="0" ten="248,383,168,191" step="2"/><U121/><E68/><V60/><F9/><W114/><G114/><T106/><D106/><U28/><E121/><V101/><F60/><W10/><G10/><T124/><D124/><U116/><E61/><V24/><F24/><W73/><G66/><T76/><D76/><U32/><E32/><V46/><F27/><W40/><G70/><T75/><D75/><U131/><E116/><V118/><F118/><W86/><G73/><T94/><D94/><U67/><E67/><V29/><F29/><W71/><G71/><T16/><D16/><U77/><E28/><V54/><F22/><W44/><G65/><T82/><D82/><U57/><E23/><V109/><F109/><W49/><G104/><T53/><D53/><U34/><E31/><V90/><F54/><N who="3" m="34071" /><G103/><T72/><D72/><U59/><E34/><V47/><REACH who="2" step="1"/><F101/><REACH who="2" ten="248,383,158,191" step="2"/><W74/><G74/><T51/><D51/><N who="1" m="30879" /><E21/><V38/><F38/><W111/><G111/><RYUUKYOKU ba="0,2" sc="248,10,383,-30,158,10,191,10" hai0="36,37,39,50,55,84,85,93,98,99,100,102,105" hai2="1,2,3,4,8,41,42,45,46,47,90,92,96" hai3="40,44,49,83,86,87,91" /><INIT seed="2,1,2,1,4,3" ten="258,353,168,201" oya="2" hai0="117,87,70,10,34,123,48,124,31,22,42,12,58" hai1="39,113,77,51,8,35,19,72,29,82,16,114,88" hai2="56,65,121,11,92,79,69,127,46,24,80,37,71" hai3="78,126,101,99,30,32,25,83,86,43,90,104,96"/><V45/><F121/><W17/><G126/><T40/><D123/><U93/><E39/><V122/><F122/><W66/><G43/><T135/><D34/><U107/><E107/><V102/><F127/><W134/><G134/><T100/><D70/><U4/><E51/><V55/><F37/><W18/><G96/><T106/><D124/><U53/><E53/><V105/><F105/><W131/><G131/><T23/><D135/><U0/><E29/><V120/><F120/><W108/><G108/><T111/><D111/><U125/><E35/><V95/><F65/><W68/><REACH who="3" step="1"/><G78/><REACH who="3" ten="258,353,168,191" step="2"/><T76/><D40/><U57/><E125/><V110/><F110/><W75/><G75/><T60/><D42/><U73/><E73/><V41/><F41/><W132/><G132/><T9/><D76/><U2/><E77/><V54/><F102/><W97/><G97/><T118/><D100/><U20/><E72/><V85/><F69/><W119/><G119/><T33/><D118/><U116/><E116/><V62/><F71/><W1/><G1/><T74/><D74/><U61/><E0/><V98/><F54/><W28/><G28/><T112/><D31/><U133/><E2/><V128/><F128/><W89/><G89/><T103/><D103/><U49/><E88/><N who="2" m="55655" /><F92/><W14/><G14/><T63/><D12/><U26/><E93/><V47/><F24/><W7/><G7/><T67/><D117/><U91/><E26/><V109/><F109/><W50/><G50/><T94/><D48/><U84/><E133/><V129/><F129/><W6/><G6/><T5/><D5/><RYUUKYOKU ba="1,3" sc="258,-15,353,-15,168,15,191,15" hai2="11,45,46,47,55,56,62,79,80,85" hai3="17,18,25,30,32,66,68,83,86,90,99,101,104" /><INIT seed="2,2,3,1,3,101" ten="243,338,183,206" oya="2" hai0="49,44,52,43,88,19,125,118,9,89,72,135,71" hai1="93,98,41,6,51,28,87,115,120,73,105,24,117" hai2="11,7,107,32,82,122,64,26,78,132,128,1,65" hai3="100,54,91,108,94,106,95,127,113,79,8,60,46"/><V63/><F122/><W92/><G108/><T130/><D72/><U18/><E117/><V27/><F128/><W34/><G34/><T124/><D71/><U70/><E73/><N who="2" m="43343" /><F65/><W36/><G113/><T10/><D118/><U119/><E70/><N who="2" m="42271" /><F27/><W77/><G91/><N who="0" m="34891" /><D130/><U13/><E87/><V99/><F132/><W104/><G36/><T126/><D135/><U102/><E119/><V68/><F68/><W81/><G81/><T22/><D43/><U74/><E74/><V83/><F83/><W69/><G69/><T67/><D67/><U3/><E120/><V85/><F85/><W48/><G60/><T17/><D17/><U111/><E18/><V116/><F116/><W4/><G100/><T0/><D0/><U110/><E110/><V29/><F99/><W5/><G5/><T33/><D33/><U37/><E98/><V57/><F57/><W112/><G112/><T61/><D61/><U86/><E86/><V23/><F23/><W66/><G66/><T45/><D45/><U56/><E56/><V42/><F42/><W134/><G134/><T21/><D21/><U47/><E41/><V12/><F12/><AGARI ba="2,3" hai="9,10,12,19,22,44,49,52,124,125,126" m="34891" machi="12" ten="30,3900,0" yaku="18,1,54,2" doraHai="101" who="0" fromWho="2" sc="243,75,338,0,183,-45,206,0" /><INIT seed="3,0,0,2,1,74" ten="318,338,138,206" oya="3" hai0="46,79,14,114,94,64,26,65,59,39,102,134,58" hai1="66,127,72,112,18,68,28,86,124,13,15,125,21" hai2="32,12,128,35,76,119,81,82,19,70,116,117,93" hai3="132,55,42,111,69,29,38,24,96,60,75,126,57"/><W31/><G126/><T71/><D102/><U121/><E112/><V63/><F128/><W85/><G75/><T129/><D114/><U87/><E121/><V8/><F93/><W48/><G132/><T91/><D134/><U89/><E72/><V105/><F105/><W20/><G111/><T88/><D88/><U61/><BYE who="0" /><E28/><V56/><F70/><W11/><G96/><T115/><D115/><U62/><E62/><V51/><F51/><W6/><G29/><T98/><D98/><U36/><E36/><V25/><F25/><W99/><G99/><T9/><D9/><U5/><E89/><V1/><F1/><W22/><G85/><N who="1" m="32266" /><E5/><V130/><F130/><W101/><G101/><T135/><D135/><U2/><E2/><V3/><F3/><UN n0="%77%72%77%72%77%72%77%72" /><W133/><G133/><T33/><D71/><U106/><E106/><V45/><F45/><N who="3" m="23767" /><G24/><AGARI ba="0,0" hai="13,15,18,21,24,61,66,68,124,125,127" m="32266" machi="24" ten="30,1000,0" yaku="18,1" doraHai="74" who="1" fromWho="3" sc="318,0,338,10,138,0,206,-10" owari="318,11.8,348,44.8,138,-36.2,196,-20.4" /></mjloggm>