<mjloggm ver="2.3"><GO type="225" lobby="0"/><UN n0="%E3%83%94%E3%83%B3%E3%82%B5%E3%83%AD%E5%BA%97%E5%93%A1" n1="%28%EF%BF%A3%E2%96%BD%EF%BF%A3%29%CE%B4%E2%8C%92%E3%83%BB" n2="%E3%81%99%E3%81%84%E3%81%BE%E3%81%9B%E3%83%BC%E3%82%93" n3="%E6%98%93%E5%88%A9%E8%96%A9%E4%BC%AF" dan="17,17,18,17" rate="2247.63,2292.57,2170.90,2205.77" sx="M,M,M,F"/><TAIKYOKU oya="0"/><INIT seed="0,0,0,3,1,49" ten="250,250,250,250" oya="0" hai0="45,79,135,134,85,94,56,96,114,20,83,118,92" hai1="120,70,63,119,6,78,51,29,110,107,99,71,37" hai2="86,75,33,2,68,44,62,133,121,101,98,116,127" hai3="43,126,36,122,88,64,40,84,125,12,109,13,57"/><T34/><D34/><U77/><E119/><V132/><F75/><W10/><G109/><T55/><D114/><U4/><E37/><V35/><F121/><W50/><G36/><T15/><D118/><U23/><E110/><V8/><F116/><W52/><G64/><T105/><D105/><U19/><E29/><V48/><F127/><N who="3" m="48651" /><G122/><T18/><D45/><U103/><E77/><V80/><F62/><W0/><G0/><T74/><D74/><U39/><E78/><N who="2" m="46359" /><F68/><W31/><G31/><T54/><D94/><U131/><E39/><V17/><F17/><N who="3" m="8343" /><G13/><T42/><D42/><U9/><E71/><V24/><F24/><W38/><G38/><T3/><D3/><U117/><E70/><V11/><F2/><W16/><G16/><T93/><D93/><AGARI ba="0,0" hai="40,43,50,52,57,84,88,93" m="8343,48651" machi="93" ten="30,7700,0" yaku="18,1,52,1,54,2" doraHai="49" who="3" fromWho="0" sc="250,-77,250,0,250,0,250,77" /><INIT seed="1,0,0,4,4,4" ten="173,250,250,327" oya="1" hai0="64,105,103,60,91,37,107,58,88,109,118,10,34" hai1="100,106,15,113,90,132,45,35,78,0,46,20,43" hai2="5,11,122,125,38,23,112,121,96,101,92,54,24" hai3="18,57,17,72,104,102,67,130,30,40,120,36,69"/><U94/><E35/><V49/><F38/><W80/><G69/><T95/><D118/><U126/><E0/><V75/><F75/><W82/><G120/><T8/><D37/><U52/><E106/><V42/><F42/><W65/><G30/><T44/><D34/><U28/><E100/><V99/><F99/><W85/><G72/><T74/><D74/><U21/><E78/><V31/><F125/><W48/><G36/><T63/><D109/><U41/><E132/><V1/><REACH who="2" step="1"/><F112/><REACH who="2" ten="173,250,240,327" step="2"/><W68/><G40/><T116/><D116/><U83/><E43/><V127/><F127/><W111/><G111/><T134/><D134/><U59/><E41/><V115/><F115/><W6/><G104/><T33/><D107/><U73/><E73/><V7/><F7/><W108/><G6/><T98/><D33/><U50/><E113/><V9/><F9/><N who="0" m="3690" /><D105/><U89/><E126/><V71/><F71/><W29/><G68/><T133/><D133/><U22/><E28/><V26/><F26/><W114/><G29/><T117/><D117/><U66/><E15/><V3/><F3/><W62/><G114/><T53/><D63/><N who="1" m="38271" /><E22/><V32/><F32/><W12/><G12/><T76/><D76/><U86/><E21/><V39/><F39/><W51/><G108/><T56/><D56/><AGARI ba="0,1" hai="1,5,11,23,24,31,49,54,56,92,96,101,121,122" machi="56" ten="30,3900,0" yaku="1,1,7,1,52,1,53,0" doraHai="4" doraHaiUra="87" who="2" fromWho="0" sc="173,-39,250,0,240,49,327,0" /><INIT seed="2,0,0,1,3,130" ten="134,250,289,327" oya="2" hai0="121,4,135,46,47,113,106,13,48,3,12,109,17" hai1="35,33,85,68,50,56,5,124,77,92,73,24,10" hai2="64,7,103,9,129,31,76,49,6,86,115,110,52" hai3="118,100,44,53,128,23,112,79,14,59,69,81,58"/><V133/><F115/><W66/><G118/><T62/><D121/><U36/><E68/><V87/><F129/><W101/><G128/><T57/><D113/><U80/><E36/><V111/><F133/><W18/><G69/><T61/><D106/><U94/><E124/><V34/><F64/><W89/><G89/><T126/><D109/><N who="2" m="41482" /><F103/><W104/><G44/><T32/><D32/><U39/><E39/><V123/><F123/><W95/><G104/><T54/><D3/><U63/><E50/><V41/><F41/><W88/><G66/><T65/><D126/><U45/><E45/><N who="2" m="27695" /><F76/><W11/><G59/><T60/><D135/><U78/><E77/><V84/><F9/><W93/><G11/><T0/><D65/><U22/><E10/><V43/><F43/><W132/><G132/><T102/><D102/><U71/><E78/><V74/><F74/><W122/><G122/><T42/><D42/><U83/><E73/><V116/><F116/><W107/><G107/><T91/><D91/><U38/><E71/><V15/><F15/><W72/><G112/><T82/><D0/><U119/><E119/><V131/><F131/><W98/><G101/><T96/><D13/><U20/><E38/><V70/><F70/><W117/><G117/><T55/><D55/><U2/><E2/><V30/><F30/><W16/><G53/><T120/><D120/><U37/><E37/><V125/><F125/><W97/><G58/><T75/><D57/><U90/><E56/><V29/><F29/><W8/><G8/><N who="0" m="4103" /><D54/><U25/><E63/><N who="0" m="16129" /><T27/><DORA hai="51" /><D47/><U67/><E67/><RYUUKYOKU ba="0,0" sc="134,-15,250,-15,289,15,327,15" hai2="6,7,31,34,84,86,87" hai3="14,16,18,23,72,79,81,88,93,95,97,98,100" /><INIT seed="2,1,0,0,5,95" ten="119,235,304,342" oya="2" hai0="34,10,77,126,22,61,120,17,19,53,87,18,109" hai1="76,27,66,1,71,41,127,21,75,81,69,112,67" hai2="103,43,123,23,97,26,100,15,59,40,42,62,124" hai3="89,72,20,98,92,93,54,122,49,6,9,133,28"/><V0/><F0/><W73/><G122/><T106/><D120/><U116/><E1/><V132/><F123/><W85/><G133/><T63/><D34/><U48/><E116/><V52/><F132/><W83/><G28/><T38/><D38/><U13/><E112/><V134/><F124/><W16/><G9/><T99/><D109/><U115/><E115/><V68/><F134/><W104/><G6/><T101/><D126/><U91/><E13/><V55/><F68/><W121/><G104/><T60/><D10/><U82/><E71/><V130/><F130/><W65/><G65/><T128/><D128/><U8/><E8/><V4/><F55/><W131/><G93/><T125/><D125/><U96/><E69/><V44/><F44/><W78/><G131/><T70/><D70/><U35/><E35/><V119/><F119/><W114/><G114/><T129/><D129/><U30/><E127/><V113/><F113/><W47/><G121/><T86/><D77/><U36/><E36/><V12/><F4/><W14/><AGARI ba="1,0" hai="14,16,20,47,49,54,72,73,78,83,85,89,92,98" machi="14" ten="20,5200,0" yaku="0,1,7,1,52,1,54,1" doraHai="95" who="3" fromWho="3" sc="119,-14,235,-14,304,-27,342,55" /><INIT seed="3,0,0,0,4,16" ten="105,221,277,397" oya="3" hai0="92,85,1,131,89,4,76,132,63,80,23,41,50" hai1="43,116,29,104,124,53,72,86,42,62,100,66,127" hai2="26,57,118,49,90,6,79,17,130,82,73,70,88" hai3="120,20,37,84,119,106,105,98,99,19,126,52,94"/><W54/><G120/><T75/><D131/><U129/><E72/><V36/><F36/><W32/><G32/><T14/><D132/><U61/><E129/><V134/><F70/><W24/><G119/><T67/><D1/><U112/><E116/><V121/><F6/><W51/><G126/><T71/><D4/><U56/><E29/><V34/><F130/><W101/><G84/><T95/><D41/><U0/><E0/><V60/><F134/><W110/><G110/><T93/><D50/><U30/><E30/><V58/><F58/><W18/><G54/><T83/><REACH who="0" step="1"/><D14/><REACH who="0" ten="95,221,277,397" step="2"/><U135/><E43/><V111/><F49/><W68/><G37/><T117/><D117/><U69/><E42/><V46/><F118/><W35/><G35/><T11/><D11/><U7/><E7/><V47/><F34/><W59/><G68/><T28/><D28/><U65/><E135/><V21/><F111/><W125/><G125/><T102/><D102/><U45/><E100/><V128/><F128/><W115/><G115/><T22/><AGARI ba="0,1" hai="22,23,63,67,71,75,76,80,83,85,89,92,93,95" machi="22" ten="30,12000,2" yaku="1,1,0,1,52,2,53,2" doraHai="16" doraHaiUra="78" who="0" fromWho="0" sc="95,130,221,-30,277,-30,397,-60" owari="225,-17.5,191,-30.9,247,4.7,337,43.7" /></mjloggm>