<mjloggm ver="2.3"><GO type="225" lobby="0"/><UN n0="%E6%A1%9C%E8%8A%B1%E9%96%83%E3%80%85" n1="%E3%81%BE%E3%81%A8%E3%81%9F" n2="%E3%81%99%E3%81%84%E3%81%BE%E3%81%9B%E3%83%BC%E3%82%93" n3="%E3%81%BD%E3%81%A1%E3%81%9F%E3%81%93%E3%82%84" dan="16,16,18,17" rate="2094.97,2121.63,2195.66,2230.86" sx="M,M,M,M"/><TAIKYOKU oya="0"/><INIT seed="0,0,0,0,3,27" ten="250,250,250,250" oya="0" hai0="79,105,48,22,19,1,26,126,67,108,112,30,17" hai1="15,61,85,128,58,81,101,42,25,75,114,125,109" hai2="117,98,64,80,53,106,76,87,113,55,121,68,29" hai3="7,100,92,84,78,8,10,74,89,32,36,56,43"/><T93/><D112/><U72/><E109/><V3/><F121/><W110/><G110/><T129/><D108/><U47/><E114/><V57/><F3/><W4/><G32/><T71/><D105/><U6/><E125/><V119/><F113/><W135/><G135/><T104/><D104/><U69/><E101/><N who="2" m="62775" /><F68/><W118/><G118/><N who="2" m="45065" /><F29/><W91/><G100/><T31/><D129/><U66/><E69/><V28/><F28/><N who="0" m="10794" /><D1/><U96/><E96/><V24/><F24/><W77/><G74/><T111/><D71/><U12/><E25/><V60/><AGARI ba="0,0" hai="53,55,57,60,64,76,80,87" m="45065,62775" machi="60" ten="30,1100,0" yaku="12,1" doraHai="27" who="2" fromWho="2" sc="250,-5,250,-3,250,11,250,-3" /><INIT seed="1,0,0,2,2,59" ten="245,247,261,247" oya="1" hai0="25,134,77,31,23,21,55,127,99,81,35,26,95" hai1="63,32,39,0,62,125,80,94,87,7,13,131,112" hai2="65,108,38,71,67,103,8,72,70,52,56,60,68" hai3="85,122,24,15,29,114,86,106,115,133,58,5,97"/><U22/><E112/><V88/><F72/><W100/><G122/><T102/><D134/><U51/><E39/><V36/><F103/><W75/><G75/><T17/><D127/><U64/><E125/><V83/><F8/><W76/><G133/><T132/><D132/><U117/><E117/><V54/><F83/><W91/><G76/><T130/><D130/><U104/><E104/><V128/><F88/><W79/><G79/><T41/><D41/><U47/><E32/><V6/><F6/><W16/><G5/><T93/><D35/><U3/><E0/><V43/><F128/><W107/><G106/><T118/><D118/><U90/><E3/><V96/><F108/><W73/><G73/><T40/><D40/><N who="1" m="25063" /><E64/><N who="2" m="24651" /><F96/><W11/><G58/><T12/><D95/><U48/><E48/><N who="2" m="30727" /><F43/><W18/><G18/><T44/><D81/><U37/><E131/><V98/><F98/><W120/><G120/><T126/><D77/><N who="1" m="46479" /><E37/><N who="2" m="14443" /><F54/><W4/><G4/><T50/><D126/><U101/><E101/><V30/><F30/><W9/><G86/><T2/><D2/><U124/><E124/><V116/><F116/><W49/><G85/><T61/><D12/><U46/><E22/><V57/><F71/><W19/><G91/><T74/><D74/><U113/><E7/><V78/><F78/><W109/><G107/><T111/><D111/><U92/><E90/><V66/><AGARI ba="0,0" hai="57,60,66,68,70" m="14443,30727,24651" machi="66" ten="30,12000,2" yaku="35,5,52,1,54,1" doraHai="59" who="2" fromWho="2" sc="245,-30,247,-60,261,120,247,-30" /><INIT seed="2,0,0,2,4,111" ten="215,187,381,217" oya="2" hai0="53,21,42,91,34,82,37,0,130,5,78,51,135" hai1="101,65,10,108,27,11,28,132,86,92,25,72,87" hai2="8,40,90,39,35,20,112,100,67,32,118,120,49" hai3="55,99,77,23,113,43,36,76,106,62,66,128,18"/><V129/><F112/><W124/><G128/><T93/><D34/><U15/><E108/><V96/><F118/><W47/><G124/><T123/><D123/><U117/><E72/><V79/><F39/><W19/><G55/><T6/><D130/><U71/><E117/><V134/><F134/><W97/><G18/><T48/><D135/><U81/><E132/><V60/><F79/><W104/><G99/><N who="0" m="57791" /><D0/><U45/><E71/><V29/><F90/><W58/><G113/><T75/><D75/><U84/><E65/><V56/><F8/><W14/><REACH who="3" step="1"/><G104/><REACH who="3" ten="215,187,381,207" step="2"/><T131/><D53/><U46/><E101/><AGARI ba="0,1" hai="14,19,23,36,43,47,58,62,66,76,77,97,101,106" machi="101" ten="40,2600,0" yaku="1,1,2,1,53,0" doraHai="111" doraHaiUra="1" who="3" fromWho="1" sc="215,0,187,-26,381,0,207,36" /><INIT seed="3,0,0,1,2,3" ten="215,161,381,243" oya="3" hai0="40,111,100,62,65,135,85,109,73,20,90,74,101" hai1="86,122,72,57,45,127,124,95,114,52,49,26,84" hai2="63,53,67,68,107,132,19,93,16,42,105,29,0" hai3="21,125,129,113,39,33,116,89,36,94,31,128,118"/><W22/><G113/><T91/><D40/><U88/><E122/><V55/><F0/><W59/><G33/><T32/><D32/><U130/><E72/><N who="0" m="27753" /><D20/><N who="3" m="7785" /><G31/><T14/><D14/><U1/><E114/><V98/><F132/><W71/><G71/><T35/><D35/><U131/><E1/><V80/><F29/><W13/><G59/><T15/><D15/><U112/><E112/><V30/><F30/><W75/><G75/><T23/><D23/><U25/><E84/><V37/><F107/><W103/><G103/><N who="0" m="39499" /><D135/><U70/><E70/><V83/><F105/><W4/><G125/><N who="1" m="48202" /><E57/><V10/><F37/><N who="3" m="14411" /><G4/><T64/><D62/><U119/><E119/><V6/><F42/><W76/><G76/><T17/><D17/><U43/><E43/><V78/><F78/><W97/><G13/><T58/><D58/><U104/><E104/><V82/><F19/><W81/><G81/><T41/><D41/><U8/><E8/><V66/><F16/><W11/><G11/><T5/><D5/><U121/><E121/><V99/><F10/><W18/><G18/><T61/><D61/><U12/><E12/><V24/><F63/><W56/><G56/><T47/><D85/><U69/><E69/><V133/><F68/><W102/><G118/><T27/><D65/><U92/><E95/><V50/><F133/><W46/><G46/><T108/><D64/><U115/><E115/><V44/><F67/><W123/><G116/><T7/><D47/><U106/><E106/><V54/><F44/><W126/><G123/><T48/><D111/><U134/><E134/><V2/><F66/><RYUUKYOKU ba="0,0" sc="215,-10,161,30,381,-10,243,-10" hai1="25,26,45,49,52,86,88,92,130,131" owari="205,-19.5,191,-30.9,371,47.1,233,3.3" /></mjloggm>