<mjloggm ver="2.3"><GO type="225" lobby="0"/><UN n0="%79%6B%66%35%35%33%38%39" n1="%E5%A4%8F%E9%88%B4%E9%88%B4%E5%A4%8F" n2="%77%72%77%72%77%72%77%72" n3="%E3%81%BF%E3%81%BF%E3%81%9A" dan="16,16,16,17" rate="2114.92,2104.86,2184.08,2165.21" sx="M,F,M,M"/><TAIKYOKU oya="0"/><INIT seed="0,0,0,1,5,3" ten="250,250,250,250" oya="0" hai0="77,97,104,101,40,125,32,63,38,4,116,31,59" hai1="130,27,91,39,54,121,134,83,112,6,127,16,52" hai2="28,99,26,65,64,74,53,11,119,86,106,94,21" hai3="49,107,14,22,56,100,133,55,95,44,10,135,85"/><T118/><D125/><U82/><E121/><V0/><F74/><W12/><G107/><T114/><D114/><U9/><E39/><V79/><F119/><W43/><G22/><T23/><D32/><U50/><E112/><V8/><F106/><W15/><G100/><T35/><D35/><U33/><E127/><V25/><F0/><W58/><G95/><T70/><D70/><U37/><E37/><V76/><F53/><W75/><G75/><T67/><D77/><N who="2" m="29770" /><F86/><W48/><G85/><T20/><D20/><N who="1" m="13703" /><E33/><V89/><F26/><W30/><G30/><T113/><D113/><U47/><E134/><N who="3" m="51210" /><G58/><T129/><D129/><U96/><E54/><V78/><N who="2" m="29778" /><V111/><DORA hai="98" /><F111/><W110/><G110/><T42/><D31/><U88/><E130/><V123/><F123/><W84/><G84/><T69/><D23/><U19/><E6/><AGARI ba="0,0" hai="6,10,12,14,15,43,44,48,49,55,56" m="51210" machi="6" ten="30,2000,0" yaku="20,1,52,1" doraHai="3,98" who="3" fromWho="1" sc="250,0,250,-20,250,0,250,20" /><INIT seed="1,0,0,3,2,122" ten="250,230,250,270" oya="1" hai0="41,131,62,113,15,21,100,105,104,84,31,81,68" hai1="26,96,97,4,121,49,108,79,63,128,55,60,123" hai2="45,28,129,133,89,98,117,70,36,34,47,13,92" hai3="88,17,120,119,20,106,107,83,29,77,134,99,7"/><U78/><E4/><V126/><F117/><W14/><G120/><T130/><D113/><U10/><E10/><V118/><F118/><W52/><G119/><T24/><D41/><U19/><E128/><N who="0" m="49193" /><D100/><U44/><E108/><V56/><F129/><W66/><G134/><T18/><D62/><N who="1" m="23595" /><E123/><V87/><F70/><W86/><G66/><T35/><D68/><U22/><E121/><V127/><F133/><W67/><G67/><T125/><D125/><N who="2" m="47626" /><F36/><W48/><G7/><T25/><D25/><U82/><E82/><N who="2" m="49399" /><F13/><W6/><G6/><T76/><AGARI ba="0,0" hai="15,18,21,24,31,35,76,81,84,104,105" m="49193" machi="76" ten="30,1100,0" yaku="19,1" doraHai="122" who="0" fromWho="0" sc="250,11,230,-5,250,-3,270,-3" /><INIT seed="2,0,0,1,0,86" ten="261,225,247,267" oya="2" hai0="2,40,95,80,129,88,87,77,97,127,21,25,124" hai1="54,82,42,55,125,133,27,22,17,35,84,20,34" hai2="106,65,122,75,109,44,61,126,48,103,14,4,59" hai3="63,6,24,83,26,58,18,105,76,57,38,10,19"/><V68/><F122/><W62/><G105/><T51/><D2/><U81/><E133/><V37/><F75/><W107/><G38/><T12/><D129/><U73/><E125/><N who="0" m="48201" /><D12/><U130/><E130/><V36/><F126/><W91/><G107/><T134/><D134/><U71/><E71/><V92/><F106/><W52/><G24/><T114/><D114/><U45/><E73/><V132/><F132/><W64/><G26/><T7/><D7/><U96/><E96/><V111/><F4/><W135/><G135/><T32/><D32/><U93/><E93/><V94/><F103/><W102/><G102/><T47/><D21/><U100/><E100/><V8/><F8/><W46/><G46/><T113/><D113/><U49/><E82/><V72/><F72/><W79/><G6/><T90/><D25/><U115/><E115/><V117/><F117/><W30/><G30/><T89/><AGARI ba="0,0" hai="40,47,51,77,80,87,88,89,90,95,97" m="48201" machi="89" ten="30,8000,1" yaku="18,1,52,3,54,1" doraHai="86" who="0" fromWho="0" sc="261,80,225,-20,247,-40,267,-20" /><INIT seed="3,0,0,0,0,49" ten="341,205,207,247" oya="3" hai0="1,7,113,122,86,29,112,78,27,34,51,44,72" hai1="118,68,73,104,96,52,83,127,18,130,10,33,99" hai2="80,95,35,28,82,84,66,69,64,36,20,98,114" hai3="93,54,50,57,58,128,79,42,131,60,123,81,63"/><W133/><G123/><T45/><D72/><U108/><E68/><V71/><F35/><W14/><G133/><T21/><D122/><U129/><E33/><V97/><F36/><W62/><G42/><T107/><D107/><U94/><E108/><V55/><F114/><N who="0" m="44138" /><D34/><U106/><E127/><V103/><F69/><W39/><G39/><T91/><D78/><N who="1" m="44495" /><E118/><V25/><F71/><W109/><G109/><T89/><D51/><U88/><E99/><V102/><F55/><W43/><G43/><T135/><D135/><U87/><E52/><V115/><F115/><W75/><G93/><N who="0" m="54455" /><D91/><N who="1" m="55391" /><E18/><V134/><F134/><W37/><G37/><T124/><D124/><U12/><E12/><V41/><F41/><W126/><G126/><T11/><AGARI ba="0,0" hai="1,7,11,21,27,29,44,45" m="54455,44138" machi="11" ten="30,1100,0" yaku="11,1" doraHai="49" who="0" fromWho="0" sc="341,11,205,-3,207,-3,247,-5" owari="352,45.2,202,-29.8,204,-19.6,242,4.2" /></mjloggm>