<mjloggm ver="2.3"><GO type="225" lobby="0"/><UN n0="%43%68%65" n1="%E4%B8%96%E7%95%8C%E3%81%AE%E4%BA%80%E4%BA%95" n2="%E6%98%93%E5%88%A9%E8%96%A9%E4%BC%AF" n3="%E6%9C%88%E5%B3%B6%E5%9F%BA" dan="16,17,17,16" rate="2213.34,2160.94,2196.34,2045.34" sx="M,M,F,M"/><TAIKYOKU oya="0"/><INIT seed="0,0,0,5,2,67" ten="250,250,250,250" oya="0" hai0="55,15,98,93,123,126,36,116,114,58,89,121,111" hai1="7,72,8,11,52,16,29,37,35,108,99,81,33" hai2="100,129,87,42,41,1,102,132,74,56,95,82,59" hai3="13,65,60,73,70,91,46,92,133,113,83,43,107"/><T44/><D114/><U88/><E37/><V79/><F1/><W49/><G113/><T5/><D116/><U90/><E108/><V2/><F2/><W76/><G107/><T24/><D111/><U110/><E110/><V39/><F132/><W117/><G133/><T71/><D126/><U104/><E72/><V105/><F129/><W32/><G32/><T119/><D119/><U127/><E127/><V85/><F74/><W21/><G117/><T96/><D96/><U45/><E33/><V135/><F39/><W125/><G125/><T130/><D130/><U84/><E29/><V40/><F105/><W131/><G131/><T75/><D75/><U86/><E35/><V47/><F47/><W128/><G128/><T80/><D80/><N who="1" m="49159" /><E104/><V3/><F3/><W30/><G30/><T124/><D124/><U27/><E7/><V118/><F135/><W101/><G101/><N who="2" m="39017" /><F118/><W34/><G34/><T103/><D103/><U19/><E99/><V23/><F23/><W0/><G0/><T63/><D24/><U61/><E45/><V31/><F31/><W6/><G21/><T122/><D71/><U62/><E27/><V64/><F64/><W10/><G91/><AGARI ba="0,0" hai="40,41,42,56,59,79,82,85,87,91,95" m="39017" machi="91" ten="30,1000,0" yaku="8,1" doraHai="67" who="2" fromWho="3" sc="250,0,250,0,250,10,250,-10" /><INIT seed="1,0,0,1,3,78" ten="250,250,260,240" oya="1" hai0="57,60,46,62,95,131,6,3,133,91,4,58,85" hai1="113,120,21,51,111,19,25,103,69,54,35,110,18" hai2="2,48,67,36,82,87,70,112,30,20,22,34,77" hai3="10,125,5,93,17,12,64,88,47,66,45,40,105"/><U16/><E113/><V7/><F112/><W102/><G125/><T96/><D131/><U59/><E120/><V32/><F36/><W89/><G105/><T28/><D133/><U121/><E121/><V118/><F118/><W8/><G102/><T108/><D108/><N who="1" m="41515" /><E69/><V107/><F107/><W65/><G40/><T42/><D28/><N who="1" m="19855" /><E103/><V61/><F7/><W83/><G83/><T39/><D3/><U80/><E80/><V134/><F2/><W115/><G115/><T15/><D15/><AGARI ba="0,0" hai="15,16,18,19,21,51,54,59" m="19855,41515" machi="15" ten="30,5800,0" yaku="14,1,10,1,54,1" doraHai="78" who="1" fromWho="0" sc="250,-58,250,58,260,0,240,0" /><INIT seed="1,1,0,4,5,18" ten="192,308,260,240" oya="1" hai0="28,11,122,116,82,94,30,1,120,129,135,77,50" hai1="95,57,88,51,9,61,6,131,23,123,10,7,79" hai2="68,54,104,114,126,59,22,134,3,69,98,85,37" hai3="20,70,119,121,55,15,125,90,34,49,47,113,105"/><U42/><E131/><V35/><F35/><W127/><G121/><N who="0" m="46699" /><D116/><U4/><E79/><V16/><F3/><W107/><G119/><T67/><D129/><U118/><E118/><V41/><F134/><W31/><G113/><T5/><D135/><U19/><E123/><V72/><F72/><W76/><G70/><T0/><D0/><U65/><E51/><V86/><F126/><N who="3" m="48139" /><G76/><T111/><D111/><U92/><E92/><V17/><F17/><N who="3" m="10303" /><G90/><T52/><D94/><U53/><E42/><V100/><F69/><W115/><G115/><T64/><D30/><U74/><E65/><V128/><F68/><W29/><G34/><T78/><D28/><AGARI ba="1,0" hai="28,29,31,47,49,55,105,107" m="10303,48139" machi="28" ten="30,2000,0" yaku="18,1,52,1" doraHai="18" who="3" fromWho="0" sc="192,-23,308,0,260,0,240,23" /><INIT seed="2,0,0,0,5,113" ten="169,308,260,263" oya="2" hai0="84,66,63,133,85,93,103,127,57,134,112,14,118" hai1="90,105,7,78,89,56,72,9,44,95,77,13,111" hai2="48,94,86,99,39,116,38,76,55,20,73,24,5" hai3="96,4,82,27,34,64,31,50,49,25,101,125,1"/><V67/><F73/><W21/><G125/><T88/><D112/><U129/><E111/><V117/><F67/><W51/><G64/><T106/><D127/><U45/><E105/><V132/><F132/><N who="0" m="50794" /><D85/><U135/><E129/><V40/><F40/><W60/><G60/><T97/><D14/><U8/><E72/><V130/><F130/><W42/><G82/><T80/><D106/><U121/><E121/><V23/><F5/><W131/><G131/><T6/><D6/><U0/><E56/><V2/><F2/><W119/><G119/><AGARI ba="0,0" hai="57,63,66,80,84,88,93,97,103,118,119" m="50794" machi="119" ten="30,7700,0" yaku="20,1,52,2,54,1" doraHai="113" who="0" fromWho="3" sc="169,77,308,0,260,0,263,-77" /><INIT seed="3,0,0,4,4,55" ten="246,308,260,186" oya="3" hai0="29,17,10,104,19,20,109,49,89,5,94,71,93" hai1="101,75,97,98,88,68,96,30,39,33,0,108,107" hai2="82,14,78,79,15,81,22,23,34,6,11,112,24" hai3="13,9,90,61,119,40,110,38,3,1,132,67,76"/><W53/><G119/><T12/><D104/><U121/><E121/><V52/><F112/><W63/><G132/><T59/><D71/><U135/><E39/><V57/><F34/><W114/><G114/><T134/><D109/><U31/><E0/><V36/><F36/><W41/><G110/><T4/><D29/><U44/><E75/><V60/><F15/><W51/><G76/><N who="2" m="29225" /><F23/><W87/><G38/><T43/><D134/><U127/><E44/><V66/><F66/><W84/><G67/><T69/><D69/><U28/><E96/><V74/><F74/><W8/><G53/><N who="0" m="32175" /><D43/><U91/><E127/><V95/><F95/><N who="0" m="36362" /><D89/><U131/><E91/><V27/><F27/><AGARI ba="0,0" hai="4,5,10,12,17,19,20,27" m="36362,32175" machi="27" ten="30,2000,0" yaku="8,1,52,1" doraHai="55" who="0" fromWho="2" sc="246,20,308,0,260,-20,186,0" owari="266,6.6,308,40.8,240,-16.0,186,-31.4" /></mjloggm>