<mjloggm ver="2.3"><GO type="225" lobby="0"/><UN n0="%E7%B4%94%E6%BD%94%E3%83%94%E3%83%A9%E3%83%8B%E3%82%A2" n1="%E3%81%8B%E3%82%8F%E3%81%A1%E3%82%83%E3%82%93%35%38" n2="%E3%83%A9%E3%82%B9%E7%8E%87%EF%BC%93%E5%89%B2" n3="%E3%81%95%E3%81%8D%E3%81%9F%E3%81%BE%E6%9E%97%E6%AA%8E" dan="17,16,17,16" rate="2175.47,2166.32,2247.85,2111.40" sx="M,M,F,M"/><TAIKYOKU oya="0"/><INIT seed="0,0,0,2,1,61" ten="250,250,250,250" oya="0" hai0="33,93,0,75,109,62,108,53,110,120,67,10,130" hai1="3,98,23,44,17,52,112,79,94,111,28,39,68" hai2="88,96,51,90,122,42,131,66,41,89,85,48,14" hai3="58,77,50,7,2,102,56,126,103,22,5,107,71"/><T106/><D106/><U29/><E111/><V105/><F122/><W38/><G38/><T78/><D120/><U15/><E112/><V91/><F131/><W26/><G71/><N who="0" m="42487" /><D33/><U63/><E3/><V86/><F66/><W83/><G126/><T64/><D64/><U9/><E79/><V135/><F135/><W18/><G2/><T121/><D121/><U99/><E68/><V87/><F14/><W45/><G107/><T84/><D130/><U128/><E39/><V76/><F76/><W81/><G81/><N who="0" m="45279" /><D53/><U116/><E116/><V119/><F119/><W49/><G49/><N who="2" m="19017" /><F105/><W34/><G34/><T101/><D101/><N who="3" m="38409" /><G58/><T133/><D133/><U27/><E128/><V20/><F20/><W124/><G124/><T8/><D0/><U1/><E1/><V125/><F125/><W37/><G37/><T134/><D134/><U100/><E99/><V104/><F104/><W114/><G56/><T19/><D19/><U30/><REACH who="1" step="1"/><E44/><REACH who="1" ten="250,240,250,250" step="2"/><V95/><AGARI ba="0,1" hai="41,42,85,86,87,88,89,90,91,95,96" m="19017" machi="95" ten="40,2700,0" yaku="8,1,54,1" doraHai="61" who="2" fromWho="2" sc="250,-13,240,-7,250,37,250,-7" /><INIT seed="1,0,0,5,2,67" ten="237,233,287,243" oya="1" hai0="61,102,23,4,125,100,79,112,64,45,5,55,108" hai1="120,95,21,98,80,40,62,78,18,91,37,99,54" hai2="28,116,20,133,46,104,13,71,89,111,101,117,72" hai3="109,11,69,43,35,103,110,52,119,135,66,134,17"/><U96/><E120/><V48/><F72/><W118/><G103/><T82/><D112/><U0/><E0/><V113/><F113/><W27/><G43/><T68/><D108/><N who="3" m="41577" /><G11/><T87/><D125/><U38/><E38/><V39/><F39/><W57/><G17/><T15/><D23/><U33/><E33/><V34/><F34/><W29/><G66/><T122/><D122/><U73/><E40/><V77/><F77/><W56/><G56/><T90/><D79/><U74/><E37/><V24/><F101/><W49/><G69/><T25/><D25/><N who="1" m="14519" /><E74/><V97/><F71/><W131/><G131/><T65/><D65/><U75/><E75/><V59/><F59/><AGARI ba="0,0" hai="54,59,62,73,78,80,91,95,96,98,99" m="14519" machi="59" ten="30,1500,0" yaku="25,1" doraHai="67" who="1" fromWho="2" sc="237,0,233,15,287,-15,243,0" /><INIT seed="1,1,0,4,5,73" ten="237,248,272,243" oya="1" hai0="68,69,120,127,16,79,103,6,20,0,93,7,106" hai1="37,78,112,32,57,95,130,40,105,51,92,126,88" hai2="85,12,27,42,80,2,11,53,23,4,94,8,124" hai3="132,50,43,118,35,22,28,91,110,29,17,33,65"/><U81/><E105/><V41/><F124/><W109/><G118/><T30/><D127/><U133/><E126/><V119/><F94/><W36/><G36/><T98/><D30/><N who="3" m="11881" /><G65/><T128/><D128/><U46/><E32/><N who="3" m="12362" /><G91/><T56/><D0/><U89/><E112/><V84/><F84/><W14/><G50/><T34/><D34/><U61/><E133/><V1/><F1/><W123/><G43/><T83/><D120/><U111/><E111/><N who="3" m="42506" /><G132/><T97/><D68/><U60/><E130/><V71/><F71/><W121/><AGARI ba="1,0" hai="14,17,22,121,123" m="42506,12362,11881" machi="121" ten="40,5200,0" yaku="14,1,34,2" doraHai="73" who="3" fromWho="3" sc="237,-14,248,-27,272,-14,243,55" /><INIT seed="2,0,0,3,2,6" ten="223,221,258,298" oya="2" hai0="53,14,93,101,95,125,84,112,10,65,118,57,22" hai1="11,83,2,56,85,124,121,5,32,9,87,61,44" hai2="17,86,30,126,100,51,75,41,89,60,35,104,81" hai3="21,91,70,66,3,131,74,127,62,58,19,82,103"/><V63/><F126/><W71/><G127/><T123/><D112/><U48/><E124/><V96/><F30/><W24/><G131/><T36/><D36/><U52/><E32/><V27/><F35/><W49/><G3/><T133/><D133/><U115/><E115/><V46/><REACH who="2" step="1"/><F75/><REACH who="2" ten="223,221,248,298" step="2"/><W29/><G74/><T13/><D125/><U107/><E121/><V111/><F111/><W88/><G29/><T117/><D123/><U31/><E31/><V34/><F34/><W18/><G71/><T38/><D117/><U69/><E69/><V67/><F67/><W26/><G70/><T55/><D65/><U135/><E135/><V25/><F25/><W7/><G26/><T45/><D118/><U80/><E107/><V68/><F68/><W102/><G24/><T64/><D64/><U114/><E114/><V77/><F77/><W119/><G66/><T59/><D95/><U42/><REACH who="1" step="1"/><E9/><REACH who="1" ten="223,211,248,298" step="2"/><V16/><F16/><W43/><G19/><T116/><D10/><U40/><E40/><V28/><F28/><W92/><G18/><T105/><D105/><U1/><E1/><V33/><F33/><W76/><G43/><T110/><D116/><U54/><E54/><V128/><F128/><W106/><G119/><T122/><D122/><U8/><E8/><V47/><F47/><W90/><G106/><T98/><D53/><U39/><E39/><V72/><F72/><W108/><G108/><T20/><D110/><U50/><E50/><V15/><F15/><N who="0" m="5642" /><D38/><U94/><E94/><V99/><F99/><W134/><G92/><N who="0" m="58567" /><D45/><U37/><E37/><V23/><AGARI ba="0,2" hai="17,23,27,41,46,51,60,63,81,86,89,96,100,104" machi="23" ten="30,6000,0" yaku="1,1,5,1,0,1,53,0" doraHai="6" doraHaiUra="0" who="2" fromWho="2" sc="223,-20,211,-20,248,80,298,-20" /><INIT seed="2,1,0,1,0,81" ten="203,191,328,278" oya="2" hai0="43,58,102,63,18,61,87,33,37,0,8,4,52" hai1="114,113,16,20,111,106,120,67,68,107,45,70,24" hai2="116,35,26,19,86,74,40,46,84,5,29,79,129" hai3="60,22,93,44,11,90,64,53,115,122,25,49,54"/><V101/><F116/><W31/><G122/><T73/><D73/><U83/><E120/><V15/><F101/><W42/><G115/><T80/><D102/><U96/><E111/><V39/><F129/><W6/><G64/><T56/><D33/><U62/><E68/><V75/><F5/><W28/><G28/><T78/><D18/><U10/><E96/><V30/><F30/><W38/><G60/><T130/><D130/><U55/><E10/><V108/><F108/><W131/><G38/><T76/><D43/><U65/><E65/><V48/><F39/><W66/><G66/><T105/><D37/><U32/><E32/><V126/><F126/><W59/><G59/><T27/><D27/><U135/><E135/><V71/><F71/><W9/><G131/><T23/><D23/><U47/><E47/><V95/><F95/><W104/><G104/><T117/><D117/><U125/><E125/><V112/><F112/><N who="1" m="43113" /><E83/><V21/><REACH who="2" step="1"/><F79/><REACH who="2" ten="203,191,318,278" step="2"/><W92/><G92/><T85/><D78/><U2/><E2/><V97/><F97/><N who="3" m="57527" /><G6/><T94/><D94/><U89/><E89/><V1/><F1/><W77/><G77/><T103/><D103/><U57/><E70/><V91/><F91/><W34/><G34/><T12/><D105/><U88/><E88/><V99/><F99/><W3/><G3/><T17/><D0/><U51/><E107/><V118/><F118/><W123/><G123/><T110/><D110/><U133/><E106/><V98/><F98/><W132/><G132/><T14/><D4/><U134/><E134/><V41/><F41/><W50/><G42/><RYUUKYOKU ba="1,1" sc="203,-30,191,10,318,10,278,10" hai1="16,20,24,45,51,55,57,62,67,133" hai2="15,19,21,26,29,35,40,46,48,74,75,84,86" hai3="9,11,22,25,31,44,49,50,53,54" /><INIT seed="2,2,1,1,2,95" ten="173,201,328,288" oya="2" hai0="80,86,133,96,13,5,40,115,76,77,36,117,48" hai1="46,66,38,88,110,65,73,18,101,130,99,81,37" hai2="54,2,60,4,26,25,121,43,93,29,109,125,94" hai3="62,20,126,31,70,1,103,47,90,51,45,55,49"/><V33/><F121/><W68/><G1/><T135/><D115/><U79/><E110/><V15/><F109/><W56/><G126/><T92/><D36/><U67/><E130/><V127/><F43/><W12/><G103/><T107/><D107/><U114/><E114/><V19/><F54/><W91/><G70/><T108/><D108/><U132/><E132/><N who="0" m="50761" /><D117/><U124/><E124/><N who="2" m="47691" /><F60/><W35/><G35/><T119/><D119/><U17/><E88/><N who="3" m="33834" /><G68/><T111/><D77/><U84/><E73/><V58/><F58/><W71/><G71/><T50/><D40/><U42/><REACH who="1" step="1"/><E37/><REACH who="1" ten="173,191,328,288" step="2"/><V24/><F33/><W14/><G51/><T89/><D111/><U106/><AGARI ba="2,2" hai="17,18,38,42,46,65,66,67,79,81,84,99,101,106" machi="106" ten="30,7900,0" yaku="1,1,2,1,0,1,52,1,53,0" doraHai="95" doraHaiUra="128" who="1" fromWho="1" sc="173,-22,191,105,328,-41,288,-22" /><INIT seed="3,0,0,0,0,8" ten="151,296,287,266" oya="3" hai0="37,34,126,69,129,95,105,85,106,38,76,45,41" hai1="14,27,21,92,24,5,135,109,114,40,13,99,73" hai2="87,112,66,22,117,88,29,86,89,97,121,7,28" hai3="35,58,50,81,124,128,62,100,56,48,46,26,103"/><W67/><G128/><T134/><D129/><U36/><E114/><V101/><F112/><W43/><G124/><T110/><D126/><U60/><E73/><V127/><F117/><W75/><G75/><T53/><D34/><U77/><E77/><V111/><F127/><W96/><G81/><T115/><D110/><U70/><E5/><V44/><F7/><W94/><G35/><T118/><D134/><U90/><E24/><V125/><F111/><W61/><G26/><T32/><D37/><U39/><E39/><V42/><F66/><W31/><G31/><N who="2" m="11849" /><F22/><W59/><G50/><T84/><D69/><U79/><E79/><V119/><F121/><W107/><G107/><T82/><D32/><U130/><E130/><V122/><F119/><W47/><G47/><T83/><D118/><U18/><E109/><V64/><F64/><W80/><G62/><T123/><D123/><U33/><E33/><V16/><F122/><W54/><G67/><T78/><D115/><U55/><E70/><V1/><F1/><W68/><G68/><T91/><REACH who="0" step="1"/><D53/><REACH who="0" ten="141,296,287,266" step="2"/><U72/><E135/><V19/><F125/><W63/><G54/><T113/><D113/><U2/><E36/><V0/><F42/><W74/><G74/><AGARI ba="0,1" hai="38,41,45,74,76,78,82,83,84,85,91,95,105,106" machi="74" ten="30,2000,0" yaku="1,1,7,1,53,0" doraHai="8" doraHaiUra="4" who="0" fromWho="3" sc="141,30,296,0,287,0,266,-20" /><INIT seed="4,0,0,0,5,62" ten="171,296,287,246" oya="0" hai0="127,122,25,125,79,42,88,12,54,103,115,58,46" hai1="106,26,21,121,87,61,31,113,133,60,48,63,116" hai2="117,71,0,93,53,40,118,97,100,92,33,18,83" hai3="105,30,5,14,65,52,7,109,81,104,123,89,32"/><T27/><D122/><U101/><E121/><V13/><F0/><W129/><G123/><T68/><D68/><U34/><E106/><V120/><F33/><W67/><G109/><T64/><D115/><U90/><E101/><V41/><F71/><W84/><G32/><T75/><D103/><U86/><E113/><V15/><F93/><W110/><G110/><T11/><D79/><U96/><E133/><V98/><F98/><W124/><G124/><N who="0" m="47691" /><D75/><U91/><E34/><V134/><F134/><W78/><G129/><T20/><D20/><U3/><E3/><V126/><F15/><W102/><G102/><T49/><D88/><N who="1" m="33835" /><E116/><N who="2" m="44651" /><F120/><W73/><G73/><T119/><D119/><U6/><E6/><N who="3" m="2058" /><G105/><T44/><D64/><N who="3" m="24649" /><G104/><T51/><D44/><U66/><E66/><V23/><F126/><W1/><G1/><T95/><D95/><U50/><E96/><V108/><F108/><W132/><G132/><T17/><AGARI ba="0,0" hai="11,12,17,25,27,42,46,49,51,54,58" m="47691" machi="17" ten="30,1500,0" yaku="18,1" doraHai="62" who="0" fromWho="0" sc="171,15,296,-5,287,-5,246,-5" /><INIT seed="4,1,0,2,3,9" ten="186,291,282,241" oya="0" hai0="56,43,118,84,11,45,28,117,89,96,44,98,59" hai1="73,79,102,112,124,17,12,52,21,38,57,13,78" hai2="105,121,85,19,14,93,49,6,123,72,23,32,29" hai3="30,26,31,64,125,94,110,15,41,27,122,111,8"/><T91/><D28/><N who="3" m="10793" /><G94/><T63/><D11/><U69/><E69/><V58/><F6/><N who="3" m="3479" /><G64/><T116/><D56/><U108/><E38/><V4/><F4/><W119/><G41/><T70/><D70/><U115/><E108/><N who="3" m="41514" /><G119/><T34/><D34/><U62/><E124/><V47/><F72/><W128/><G125/><T3/><D3/><U133/><E133/><V81/><F105/><W37/><G37/><T22/><D22/><U75/><E102/><V100/><F100/><W20/><G128/><T51/><D44/><U40/><E12/><V87/><F87/><W80/><G80/><T68/><D68/><U127/><E40/><V82/><F82/><W109/><N who="3" m="41522" /><W46/><DORA hai="134" /><G46/><T60/><D60/><U39/><E39/><V54/><F47/><W83/><G83/><T18/><D18/><U97/><E97/><V71/><F71/><W42/><G42/><T67/><REACH who="0" step="1"/><D91/><REACH who="0" ten="176,291,282,241" step="2"/><U107/><E127/><V104/><F58/><W25/><G122/><T120/><D120/><U114/><E57/><V90/><F123/><W10/><G10/><T55/><D55/><U65/><E52/><V7/><F121/><W76/><G76/><T130/><D130/><U66/><E79/><V99/><F54/><W113/><G113/><T101/><D101/><U0/><E78/><V86/><F90/><W88/><G88/><T103/><D103/><U50/><E114/><V48/><F48/><W1/><G1/><T77/><D77/><U24/><E0/><V5/><F49/><W131/><G131/><T61/><D61/><U36/><E115/><V132/><F132/><RYUUKYOKU ba="1,1" sc="176,15,291,-15,282,-15,241,15" hai0="43,45,51,59,63,67,84,89,96,98,116,117,118" hai3="20,25,26,27" /><INIT seed="4,2,1,5,1,40" ten="191,276,267,256" oya="0" hai0="25,51,41,130,97,73,48,61,63,96,54,132,122" hai1="42,33,109,95,91,100,58,113,10,55,106,37,43" hai2="77,16,116,45,131,35,52,86,57,24,117,20,87" hai3="27,84,21,4,76,31,125,56,67,83,1,66,98"/><T22/><D73/><U120/><E120/><V49/><F131/><W44/><G125/><T79/><D79/><U36/><E109/><V128/><F128/><W0/><G98/><N who="0" m="37995" /><D122/><U80/><E33/><V135/><F135/><W82/><G82/><T93/><D93/><U5/><E106/><V17/><F17/><W119/><G119/><N who="2" m="45641" /><F77/><W15/><G0/><T32/><D32/><U8/><E100/><V118/><N who="2" m="45649" /><V133/><DORA hai="62" /><F133/><W115/><G1/><T121/><D121/><U47/><E113/><V126/><F126/><W111/><G111/><T28/><D132/><U78/><E5/><V90/><F35/><W59/><G115/><T46/><D130/><U14/><E14/><V60/><F90/><W104/><G104/><T105/><D105/><U129/><E129/><V53/><AGARI ba="2,1" hai="16,20,24,45,49,52,53,57,60,86,87" m="45649" machi="53" ten="40,8000,1" yaku="12,1,52,1,54,2" doraHai="40,62" who="2" fromWho="2" sc="191,-42,276,-22,267,96,256,-22" owari="149,-35.1,254,5.4,363,46.3,234,-16.6" /></mjloggm>