<mjloggm ver="2.3"><GO type="225" lobby="0"/><UN n0="%2D%E8%B1%8A%E5%8F%A3%E3%82%81%E3%81%90%E3%81%BF%2D" n1="%E8%A6%9A%E9%86%92%E3%81%97%E3%81%9F%E3%81%A8%E3%81%BE%E3%81%A8" n2="%E3%81%BE%E3%81%A8%E3%81%9F" n3="%E3%83%96%E3%83%83%E3%83%91%E3%82%AA%E3%83%96%E3%83%81%E3%82%AD%E3%83%B3" dan="17,16,16,16" rate="2225.01,2104.07,2103.33,2168.23" sx="F,M,M,M"/><TAIKYOKU oya="0"/><INIT seed="0,0,0,0,2,126" ten="250,250,250,250" oya="0" hai0="91,51,20,81,108,52,2,19,122,9,111,115,106" hai1="85,29,42,0,24,79,112,33,90,39,4,66,121" hai2="118,5,69,64,17,71,14,60,123,113,35,10,103" hai3="32,73,40,114,13,30,92,53,43,59,80,1,56"/><T76/><D115/><U101/><E112/><V128/><F123/><W77/><G114/><T54/><D106/><U31/><E121/><V36/><F36/><W27/><G1/><T83/><D122/><U46/><E31/><V61/><F113/><W67/><G13/><T131/><D131/><U100/><E79/><V104/><F35/><W62/><REACH who="3" step="1"/><G92/><REACH who="3" ten="250,250,250,240" step="2"/><T98/><D2/><U109/><E109/><V72/><F14/><W96/><G96/><T93/><D9/><U11/><REACH who="1" step="1"/><E66/><REACH who="1" ten="250,240,250,240" step="2"/><V124/><F64/><W45/><G45/><T55/><D111/><U135/><E135/><V3/><F124/><W58/><G58/><T134/><D108/><U82/><AGARI ba="0,2" hai="0,4,11,24,29,33,39,42,46,82,85,90,100,101" machi="82" ten="20,2700,0" yaku="1,1,0,1,7,1,53,0" doraHai="126" doraHaiUra="132" who="1" fromWho="1" sc="250,-13,240,47,250,-7,240,-7" /><INIT seed="1,0,0,3,0,59" ten="237,287,243,233" oya="1" hai0="27,102,108,55,35,28,18,65,79,39,11,91,82" hai1="17,45,1,101,122,96,130,114,60,53,63,89,8" hai2="75,38,134,112,123,41,126,64,22,24,86,103,52" hai3="5,67,10,44,131,111,2,109,61,125,14,15,25"/><U31/><E114/><V46/><F123/><W110/><G131/><T56/><D39/><U74/><E122/><V97/><F75/><W93/><G125/><T34/><D34/><U42/><E74/><V104/><F126/><W40/><G93/><T68/><D108/><U128/><E89/><V113/><F64/><W13/><G25/><T70/><D102/><U20/><E31/><V23/><F134/><W32/><G32/><T50/><D91/><U121/><E53/><V16/><F86/><W81/><G81/><T54/><D65/><U133/><E121/><V21/><REACH who="2" step="1"/><F52/><REACH who="2" ten="237,287,233,233" step="2"/><W80/><G80/><T58/><D55/><U135/><E133/><V6/><F6/><W116/><G116/><T72/><D54/><U84/><E135/><V29/><F29/><W124/><G124/><T49/><D82/><U3/><E84/><V107/><F107/><W30/><G30/><T129/><D28/><U92/><E130/><V85/><F85/><W9/><G9/><T73/><D11/><U105/><E128/><V48/><F48/><W99/><G99/><T4/><D49/><U88/><E8/><V90/><F90/><W19/><G19/><T7/><D18/><U26/><E3/><V77/><F77/><W12/><N who="3" m="3072" /><DORA hai="66" /><W127/><G127/><T119/><D79/><U43/><E1/><V33/><F33/><W87/><G87/><T118/><D129/><U37/><E42/><V0/><F0/><W95/><G95/><T71/><D35/><U51/><E51/><V76/><F76/><W36/><G110/><T115/><D72/><U78/><E78/><RYUUKYOKU ba="0,1" sc="237,-30,287,10,233,10,233,10" hai1="17,20,26,37,43,45,60,63,88,92,96,101,105" hai2="16,21,22,23,24,38,41,46,97,103,104,112,113" hai3="2,5,10,36,40,44,61,67,109,111" /><INIT seed="1,1,1,3,0,28" ten="207,297,243,243" oya="1" hai0="22,124,73,17,8,87,102,100,114,18,104,39,31" hai1="34,78,13,107,45,7,133,1,59,15,27,16,51" hai2="126,92,5,97,60,122,3,58,49,75,61,89,106" hai3="66,38,118,0,129,88,68,72,123,90,9,74,128"/><U14/><E133/><V117/><F117/><W48/><G123/><T6/><D73/><N who="3" m="28265" /><G38/><T70/><D114/><U29/><E107/><V110/><F110/><W46/><G118/><T95/><D70/><U77/><E59/><V55/><F75/><W119/><G119/><T98/><D39/><U19/><E7/><V71/><F126/><W33/><G33/><T105/><D124/><U86/><E1/><V20/><F71/><W121/><G121/><T64/><D64/><U96/><E96/><V84/><F122/><W65/><G0/><T93/><D31/><U115/><E115/><V50/><F50/><W4/><G9/><T56/><D56/><U99/><E99/><V2/><F2/><W108/><G4/><T134/><D134/><U24/><E86/><V81/><F106/><W132/><G108/><T57/><D57/><U25/><E34/><V11/><REACH who="2" step="1"/><F20/><REACH who="2" ten="207,297,233,243" step="2"/><W112/><G132/><T80/><D105/><U41/><REACH who="1" step="1"/><E29/><REACH who="1" ten="207,287,233,243" step="2"/><V116/><F116/><W120/><G120/><T127/><D104/><U40/><E40/><V53/><F53/><N who="3" m="29847" /><G112/><T26/><D127/><U37/><E37/><V135/><F135/><W82/><G68/><T32/><D32/><U35/><E35/><V30/><F30/><W76/><G66/><T91/><D102/><AGARI ba="1,3" hai="3,5,11,49,55,58,60,61,81,84,89,92,97,102" machi="102" ten="30,2000,0" yaku="1,1,7,1,53,0" doraHai="28" doraHaiUra="62" who="2" fromWho="0" sc="207,-23,287,0,233,53,243,0" /><INIT seed="2,0,0,4,5,39" ten="184,287,286,243" oya="2" hai0="116,22,25,85,46,16,44,123,51,64,10,33,112" hai1="31,92,81,135,38,115,63,40,21,57,105,49,13" hai2="110,9,130,69,134,102,126,75,84,8,120,7,45" hai3="125,56,23,94,41,61,62,52,109,95,107,18,54"/><V86/><F75/><W35/><G107/><T78/><D123/><U111/><E105/><V32/><F32/><W28/><G109/><T133/><D112/><U106/><E106/><V47/><F69/><W90/><G125/><T108/><D108/><U68/><E111/><V87/><F120/><W58/><G35/><T36/><D133/><U12/><E115/><V124/><F110/><W127/><G127/><N who="2" m="48681" /><F134/><W20/><G41/><T80/><D116/><U48/><E68/><V37/><F37/><W91/><REACH who="3" step="1"/><G18/><REACH who="3" ten="184,287,286,233" step="2"/><T60/><D33/><U43/><E135/><V101/><F130/><W2/><G2/><T55/><D10/><N who="2" m="4202" /><F7/><W82/><G82/><T98/><D98/><U104/><E81/><V121/><F121/><W122/><G122/><T89/><D36/><U100/><E38/><V29/><F29/><AGARI ba="0,1" hai="20,23,28,29,52,54,56,58,61,62,90,91,94,95" machi="29" ten="25,8000,1" yaku="1,1,22,2,8,1,54,1,53,0" doraHai="39" doraHaiUra="132" who="3" fromWho="2" sc="184,0,287,0,286,-80,233,90" /><INIT seed="3,0,0,1,2,11" ten="184,287,206,323" oya="3" hai0="114,127,100,92,42,41,28,72,44,24,74,49,134" hai1="62,108,126,66,31,70,27,21,79,90,46,104,112" hai2="99,94,8,73,33,131,4,38,64,119,54,111,128" hai3="52,84,25,19,101,115,7,123,0,68,18,17,43"/><W132/><G115/><T81/><D127/><U63/><E126/><V118/><F33/><W87/><G123/><T65/><D134/><U59/><E112/><V80/><F38/><W93/><G68/><T12/><D114/><U75/><E108/><V35/><F64/><W16/><G132/><T45/><D65/><U82/><E104/><V98/><F54/><W3/><G43/><T60/><D60/><U120/><E120/><V53/><F53/><W124/><G124/><T85/><D92/><U29/><E90/><V37/><F35/><W48/><G7/><T55/><D100/><U57/><E46/><V34/><F34/><W23/><G0/><T91/><D55/><U89/><E89/><N who="2" m="55631" /><F37/><W1/><G1/><T122/><D122/><U47/><E47/><V86/><F99/><N who="3" m="59631" /><G3/><T110/><D110/><U50/><E63/><V116/><F111/><W97/><G97/><T30/><D12/><U61/><E62/><V22/><F73/><W71/><G71/><T88/><D91/><U9/><E61/><V107/><F107/><W121/><G121/><T36/><REACH who="0" step="1"/><D30/><REACH who="0" ten="174,287,206,323" step="2"/><U95/><E31/><V77/><F128/><W130/><G130/><T96/><D96/><U117/><E66/><V76/><F76/><W5/><G52/><T39/><D39/><U67/><E79/><V10/><F131/><W129/><G129/><T69/><D69/><U6/><E70/><V58/><F58/><W20/><G84/><T135/><D135/><U26/><E59/><V32/><F32/><AGARI ba="0,1" hai="24,28,32,36,41,42,44,45,49,72,74,81,85,88" machi="32" ten="30,3900,0" yaku="1,1,7,1,54,1,53,0" doraHai="11" doraHaiUra="51" who="0" fromWho="2" sc="174,49,287,0,206,-39,323,0" owari="223,-17.7,287,8.7,167,-33.3,323,42.3" /></mjloggm>