<mjloggm ver="2.3"><GO type="225" lobby="0"/><UN n0="%E3%81%BD%E3%81%A1%E3%81%9F%E3%81%93%E3%82%84" n1="%E5%91%A8%E6%9D%B1" n2="%E3%82%BC%E3%83%AB%E3%83%80%E3%81%AE%E4%BC%9D%E8%AA%AC" n3="%EF%BC%AE%EF%BC%A1%EF%BC%AF%33%33%39" dan="16,16,17,16" rate="2132.61,2171.00,2159.89,2154.68" sx="M,M,M,M"/><TAIKYOKU oya="0"/><INIT seed="0,0,0,2,5,8" ten="250,250,250,250" oya="0" hai0="93,40,59,16,84,97,42,80,32,118,48,113,0" hai1="120,64,127,11,86,35,41,23,124,24,1,104,51" hai2="14,62,49,76,34,39,20,22,2,9,57,89,133" hai3="54,21,87,10,85,135,115,25,44,18,26,71,47"/><T90/><D113/><U50/><E104/><V122/><F39/><W7/><G71/><T46/><D118/><U100/><E100/><V52/><F122/><W117/><G115/><T131/><D131/><U3/><E120/><V114/><F114/><W96/><G117/><T4/><D32/><U72/><E72/><V125/><F34/><W102/><G25/><T88/><D0/><U36/><E64/><V103/><F125/><N who="1" m="48201" /><E35/><V17/><F133/><W74/><G74/><T45/><D4/><N who="1" m="1423" /><E3/><V77/><F103/><W13/><G135/><T6/><D6/><U106/><E106/><V130/><F130/><W15/><G26/><T33/><D33/><U119/><E119/><V91/><F2/><W58/><G87/><T68/><D68/><U121/><E121/><V5/><F62/><W112/><G85/><T126/><D126/><U65/><E65/><V83/><F20/><W31/><G31/><T28/><D28/><N who="1" m="17439" /><E86/><N who="2" m="48487" /><F77/><W132/><G132/><T55/><D16/><U101/><E101/><V123/><F123/><W82/><G82/><T108/><D108/><U129/><E129/><V99/><F99/><W38/><G38/><T60/><REACH who="0" step="1"/><D45/><AGARI ba="0,0" hai="36,41,45,50,51" m="17439,1423,48201" machi="45" ten="30,1000,0" yaku="18,1" doraHai="8" who="1" fromWho="0" sc="250,-10,250,10,250,0,250,0" /><INIT seed="1,0,0,4,1,24" ten="240,260,250,250" oya="1" hai0="63,126,30,35,78,47,104,105,23,123,0,19,6" hai1="73,57,29,106,37,117,77,96,116,67,72,4,22" hai2="45,51,130,25,55,64,26,131,62,7,59,84,102" hai3="115,121,91,108,90,40,128,107,41,69,101,10,82"/><U18/><E37/><V92/><F7/><W129/><G69/><T98/><D126/><U70/><E4/><V75/><F75/><W127/><G115/><T110/><D110/><U12/><E70/><V53/><F130/><W94/><G121/><T93/><D123/><U87/><E87/><V1/><F1/><W79/><G10/><T5/><D78/><U56/><E29/><V33/><F33/><W125/><G41/><T113/><D113/><U43/><E43/><V13/><F131/><N who="3" m="50251" /><G40/><T76/><D47/><U111/><E111/><V36/><F36/><W97/><G108/><T65/><D76/><U11/><E11/><V100/><F13/><W44/><G44/><T27/><D0/><U20/><E77/><V109/><F109/><W81/><G81/><T68/><D5/><U71/><E71/><V15/><F15/><W39/><G39/><T14/><REACH who="0" step="1"/><D6/><REACH who="0" ten="230,260,250,250" step="2"/><U122/><E122/><V28/><F45/><W83/><G127/><T21/><D21/><U50/><E22/><V16/><F100/><AGARI ba="0,1" hai="14,19,23,27,30,35,63,65,68,93,98,100,104,105" machi="100" ten="30,3900,0" yaku="1,1,7,1,52,1,53,0" doraHai="24" doraHaiUra="32" who="0" fromWho="2" sc="230,49,260,0,250,-39,250,0" /><INIT seed="2,0,0,3,3,19" ten="279,260,211,250" oya="2" hai0="62,129,49,71,57,46,96,59,79,86,20,56,34" hai1="21,135,81,63,98,14,2,58,4,101,110,93,82" hai2="22,112,120,119,99,11,127,48,100,69,90,68,9" hai3="92,6,3,116,16,39,65,27,44,51,111,7,80"/><V17/><F112/><W28/><G39/><T53/><D34/><U124/><E110/><V76/><F119/><W83/><G116/><T103/><D129/><U118/><E118/><V95/><F120/><W131/><G65/><T73/><D73/><U29/><E135/><V121/><F121/><W55/><G111/><T0/><D0/><U104/><E124/><V61/><F127/><W123/><G123/><T15/><D71/><U8/><E104/><V45/><F76/><W74/><G74/><T66/><D86/><U85/><E85/><V52/><F69/><W134/><G134/><T30/><D79/><U35/><E35/><V42/><F100/><W67/><G67/><T106/><REACH who="0" step="1"/><D15/><REACH who="0" ten="269,260,211,250" step="2"/><U18/><REACH who="1" step="1"/><E29/><REACH who="1" ten="269,250,211,250" step="2"/><V125/><F125/><W75/><G28/><T33/><D33/><U72/><E72/><V40/><F68/><W25/><G75/><T54/><D54/><AGARI ba="0,2" hai="2,4,8,14,18,21,54,58,63,81,82,93,98,101" machi="54" ten="30,3900,0" yaku="1,1,7,1,52,1,53,0" doraHai="19" doraHaiUra="115" who="1" fromWho="0" sc="269,-39,250,59,211,0,250,0" /><INIT seed="3,0,0,5,3,88" ten="230,309,211,250" oya="3" hai0="60,27,117,114,50,129,2,77,102,97,120,118,103" hai1="0,54,61,121,28,59,93,64,52,4,43,79,91" hai2="90,113,8,65,41,81,73,96,82,25,35,124,36" hai3="112,24,85,86,45,29,9,123,101,111,30,56,74"/><W39/><G74/><T49/><D120/><U126/><E121/><V57/><F113/><W128/><G123/><T134/><D2/><U37/><E126/><V63/><F124/><W62/><G112/><T132/><D114/><U38/><E79/><V5/><F73/><W75/><G75/><T19/><D77/><U115/><E115/><V125/><F125/><W17/><G128/><T51/><D129/><U80/><E80/><V131/><F131/><W34/><G30/><T23/><D60/><U3/><E28/><V133/><F133/><N who="0" m="51306" /><D103/><U68/><E4/><V122/><F122/><W15/><G101/><T83/><D83/><N who="2" m="31754" /><F35/><W87/><G111/><T127/><D127/><U98/><E54/><V53/><F36/><W18/><G39/><T1/><D1/><U32/><E32/><V119/><F119/><W58/><G45/><T31/><D31/><U84/><E38/><V76/><F76/><W33/><G33/><T22/><D23/><U109/><E109/><V106/><F106/><AGARI ba="0,0" hai="19,22,27,49,50,51,97,102,106,117,118" m="51306" machi="106" ten="30,1000,0" yaku="20,1" doraHai="88" who="0" fromWho="2" sc="230,10,309,0,211,-10,250,0" owari="240,-16.0,309,40.9,201,-29.9,250,5.0" /></mjloggm>