<mjloggm ver="2.3"><GO type="225" lobby="0"/><UN n0="%E9%BB%99%E8%81%B4%E3%81%AE%E3%81%99%E3%82%9D%E3%82%81" n1="%E5%8D%A0%E3%81%84%E5%B8%AB%E8%A3%8F%E3%81%AA%E3%81%84%E3%81%97" n2="%E6%B7%91%E5%A5%B3%E3%81%AE%E5%97%9C%E3%81%BF" n3="%33%74%72%65%65" dan="16,17,16,16" rate="2143.09,2179.27,2124.74,2169.84" sx="M,M,M,F"/><TAIKYOKU oya="0"/><INIT seed="0,0,0,5,1,47" ten="250,250,250,250" oya="0" hai0="96,67,32,118,60,135,52,131,76,40,95,74,92" hai1="110,59,6,39,28,72,29,3,86,12,128,45,30" hai2="79,61,117,109,63,19,64,91,87,130,106,57,115" hai3="123,41,56,134,71,88,51,13,35,46,26,58,97"/><T25/><D118/><U54/><E110/><V98/><F115/><W107/><G134/><T111/><D131/><U73/><E128/><V104/><F109/><W0/><G0/><T124/><D135/><U80/><E3/><V31/><F130/><W129/><G129/><T17/><D124/><U89/><E39/><V14/><F117/><W66/><G123/><T103/><D40/><U82/><E45/><V75/><F31/><W50/><G71/><T100/><D74/><U53/><E53/><V33/><F33/><W90/><G35/><T24/><D76/><U120/><E120/><V85/><F75/><W127/><G127/><T38/><D38/><U2/><E2/><V18/><F79/><W112/><G112/><T22/><D111/><U119/><E119/><V8/><F19/><W36/><G26/><T122/><D122/><U77/><E73/><V105/><REACH who="2" step="1"/><F63/><REACH who="2" ten="250,250,240,250" step="2"/><W113/><G113/><T34/><D32/><U1/><E1/><V69/><F69/><W114/><G114/><T27/><D34/><U16/><E6/><V10/><F10/><W21/><G36/><T116/><D116/><U37/><E37/><V11/><F11/><W43/><G21/><T4/><D4/><U7/><E7/><V84/><F84/><W133/><G133/><T81/><D17/><U101/><E29/><V99/><F99/><W23/><G23/><T78/><D22/><N who="1" m="11527" /><E101/><V5/><F5/><W83/><G97/><T15/><D100/><U44/><E59/><V70/><F70/><W125/><G125/><T48/><D103/><U9/><E9/><V126/><F126/><RYUUKYOKU ba="0,1" sc="250,-15,250,15,240,15,250,-15" hai1="28,30,44,54,72,77,80,82,86,89" hai2="8,14,18,57,61,64,85,87,91,98,104,105,106" /><INIT seed="1,1,1,0,4,116" ten="235,265,255,235" oya="1" hai0="40,95,5,92,74,90,44,37,24,48,52,47,14" hai1="127,129,130,66,99,39,87,43,101,96,29,120,110" hai2="121,70,10,13,7,23,6,30,55,80,83,113,89" hai3="65,117,106,85,104,78,109,126,17,18,16,27,84"/><U114/><E114/><V3/><F113/><W115/><G115/><T86/><D74/><U45/><E127/><V107/><F70/><W4/><G126/><T8/><REACH who="0" step="1"/><D24/><REACH who="0" ten="225,265,255,235" step="2"/><U94/><E129/><V93/><F121/><W134/><G27/><T97/><D97/><U34/><E130/><V1/><F1/><W19/><G117/><T62/><D62/><U73/><E73/><V111/><F3/><W60/><G60/><T0/><D0/><U98/><E120/><V76/><F13/><W82/><G109/><T81/><AGARI ba="1,2" hai="5,8,14,37,40,44,47,48,52,81,86,90,92,95" machi="81" ten="20,5200,0" yaku="1,1,0,1,7,1,54,1,53,0" doraHai="116" doraHaiUra="64" who="0" fromWho="0" sc="225,75,265,-27,255,-14,235,-14" /><INIT seed="2,0,0,0,4,102" ten="300,238,241,221" oya="2" hai0="8,4,78,90,10,67,132,64,113,134,68,73,56" hai1="71,97,81,65,14,54,114,123,6,32,20,77,104" hai2="19,24,119,12,106,42,135,43,25,27,93,50,79" hai3="115,91,103,127,116,15,126,41,3,23,98,52,49"/><V72/><F119/><W96/><G116/><T80/><D113/><U99/><E114/><V92/><F135/><N who="0" m="51754" /><D68/><U51/><E32/><V48/><F106/><N who="3" m="63847" /><G115/><T35/><D35/><U86/><E123/><V28/><F28/><W40/><G3/><N who="0" m="31" /><D56/><U57/><E104/><V110/><F110/><W74/><G74/><T1/><D90/><U124/><E124/><N who="3" m="47658" /><G23/><T2/><D10/><U111/><E111/><V53/><F79/><W120/><G120/><T17/><D17/><U55/><E6/><V26/><F72/><W87/><G15/><T83/><D83/><U39/><E39/><V94/><N who="2" m="6144" /><DORA hai="59" /><V9/><REACH who="2" step="1"/><F48/><REACH who="2" ten="300,238,231,221" step="2"/><W129/><G129/><T16/><D73/><U121/><E121/><V13/><F13/><W0/><G0/><T63/><D1/><U30/><E14/><V29/><F29/><W36/><G36/><T18/><D2/><U95/><E30/><V117/><F117/><W122/><G122/><T133/><D133/><U37/><E37/><V76/><F76/><W69/><G49/><T66/><D78/><U85/><E77/><V45/><AGARI ba="0,1" hai="9,12,19,42,43,45,50,53,92,93,94" m="6144" machi="45" ten="50,12000,1" yaku="1,1,0,1,8,1,53,1" doraHai="102,59" doraHaiUra="82,5" who="2" fromWho="2" sc="300,-40,238,-40,231,130,221,-40" /><INIT seed="2,1,0,3,5,100" ten="260,198,361,181" oya="2" hai0="26,73,119,43,88,37,123,18,6,61,65,54,118" hai1="121,93,11,12,28,96,1,52,75,14,99,81,104" hai2="128,57,0,34,58,87,25,39,21,49,9,79,29" hai3="74,133,15,72,115,126,40,107,130,30,67,80,83"/><V53/><F39/><W103/><G30/><T24/><D73/><N who="3" m="28265" /><G15/><T46/><D123/><U33/><E121/><V16/><F128/><W17/><G17/><T108/><D108/><U90/><E1/><V42/><F42/><W91/><G67/><T86/><D6/><U51/><E33/><V131/><F131/><W19/><G19/><T48/><D18/><U124/><E124/><V78/><F87/><N who="3" m="50663" /><G40/><T36/><D24/><U106/><E28/><V23/><F23/><W10/><G10/><T109/><D26/><U71/><E71/><V134/><F134/><W92/><G130/><T114/><D109/><U89/><E75/><V35/><F58/><W55/><G55/><T76/><D76/><U8/><E81/><V27/><REACH who="2" step="1"/><F34/><REACH who="2" ten="260,198,351,181" step="2"/><W41/><G41/><T77/><D37/><U116/><E8/><V7/><AGARI ba="1,1" hai="0,7,9,16,21,25,27,29,35,49,53,57,78,79" machi="7" ten="30,11700,0" yaku="1,1,2,1,0,1,54,1,53,0" doraHai="100" doraHaiUra="97" who="2" fromWho="2" sc="260,-40,198,-40,351,130,181,-40" /><INIT seed="2,2,0,3,4,100" ten="220,158,481,141" oya="2" hai0="39,90,70,109,84,115,68,33,51,19,72,13,11" hai1="121,14,52,87,98,40,122,43,85,131,120,127,59" hai2="107,112,54,124,12,10,50,46,119,89,36,113,7" hai3="125,73,77,78,55,79,116,74,126,96,102,134,2"/><V93/><F119/><W32/><G32/><T29/><D39/><U129/><E127/><N who="3" m="48650" /><G2/><T135/><D72/><N who="3" m="27753" /><G55/><T25/><D109/><U123/><N who="1" m="30720" /><DORA hai="0" /><U42/><E14/><V18/><F124/><W28/><G28/><T110/><D110/><U101/><E85/><V31/><F31/><W1/><G1/><T16/><D135/><U27/><E87/><V114/><F36/><W128/><G134/><T97/><D97/><U34/><E27/><V24/><F24/><W58/><G58/><T3/><D115/><U106/><REACH who="1" step="1"/><E34/><REACH who="1" ten="220,148,481,141" step="2"/><V38/><F12/><W26/><G26/><T132/><D132/><U56/><E56/><V48/><F113/><W76/><N who="3" m="19456" /><DORA hai="67" /><W41/><G116/><T61/><D3/><U80/><E80/><V91/><F112/><W118/><G118/><T130/><D13/><U69/><E69/><V63/><F114/><W9/><G128/><T104/><D130/><U71/><E71/><V53/><F46/><W57/><G57/><T75/><D70/><U8/><E8/><V108/><F10/><W21/><G9/><T82/><D11/><U30/><E30/><V103/><F108/><W37/><G21/><T88/><D68/><U92/><E92/><V99/><F93/><W17/><G17/><T83/><D19/><U81/><E81/><V64/><F18/><W111/><G111/><T44/><D16/><U133/><E133/><V47/><F7/><W4/><G4/><T65/><D75/><U62/><AGARI ba="2,1" hai="40,42,43,52,59,62,98,101,106,129,131" m="30720" machi="62" ten="60,12000,2" yaku="1,1,0,1,13,1,52,1,54,1,53,2" doraHai="100,0,67" doraHaiUra="94,49,6" who="1" fromWho="1" sc="220,-32,148,136,481,-62,141,-32" /><INIT seed="3,0,0,1,1,4" ten="188,284,419,109" oya="3" hai0="132,90,104,44,1,27,33,40,102,121,125,76,64" hai1="49,61,24,63,74,29,7,53,69,55,62,9,58" hai2="0,78,81,30,45,71,67,37,19,133,118,87,128" hai3="100,31,14,38,15,93,18,42,70,32,17,66,39"/><W99/><G70/><T123/><D1/><U96/><E74/><V112/><F0/><W16/><G66/><T13/><D132/><U22/><E96/><V129/><F30/><W127/><G127/><T113/><D125/><U119/><E119/><V95/><F118/><W105/><G105/><T77/><D113/><U83/><E83/><V115/><F133/><W98/><G98/><T28/><D64/><U5/><E69/><V6/><F6/><N who="1" m="2057" /><E9/><V20/><F95/><W111/><G111/><T116/><D116/><U72/><E72/><V110/><F110/><W131/><G131/><N who="2" m="50249" /><F67/><W51/><G32/><T85/><D104/><U46/><AGARI ba="0,0" hai="22,24,29,46,49,53,55,58,61,62,63" m="2057" machi="46" ten="30,1100,0" yaku="8,1" doraHai="4" who="1" fromWho="1" sc="188,-3,284,11,419,-3,109,-5" owari="185,-21.5,295,9.5,416,51.6,104,-39.6" /></mjloggm>