<mjloggm ver="2.3"><GO type="225" lobby="0"/><UN n0="%79%7A%68%61%6E%67" n1="%E6%9C%88%E5%B3%B6%E5%9F%BA" n2="%70%68%65%6E%6F%6D%65" n3="%E3%83%A9%E3%83%BC%E3%83%A1%E3%83%B3%E4%BA%94%E9%83%8E" dan="17,16,16,16" rate="2183.59,2140.98,2161.11,2084.61" sx="M,M,M,M"/><TAIKYOKU oya="0"/><INIT seed="0,0,0,3,0,64" ten="250,250,250,250" oya="0" hai0="72,33,0,56,114,62,31,45,85,66,60,48,55" hai1="63,13,131,112,65,119,76,42,38,96,117,37,121" hai2="98,69,53,129,67,113,59,4,49,89,68,103,9" hai3="24,21,40,3,101,108,122,78,28,27,12,109,97"/><T115/><D72/><U83/><E121/><V43/><F113/><W73/><G3/><T133/><D0/><U41/><E112/><V57/><F129/><W110/><G122/><T106/><D106/><U71/><E13/><V34/><F34/><W91/><G91/><T87/><D133/><U30/><E30/><V11/><F89/><W75/><G40/><N who="1" m="15466" /><E96/><V46/><F59/><W10/><G27/><T118/><D118/><N who="1" m="45067" /><E83/><V52/><F67/><W116/><G78/><T54/><D114/><U50/><E76/><V111/><F53/><W128/><G128/><T22/><D33/><U84/><E84/><V104/><F111/><W16/><REACH who="3" step="1"/><G116/><REACH who="3" ten="250,250,250,240" step="2"/><T18/><D115/><U79/><E79/><V32/><F32/><W35/><G35/><T29/><D85/><U92/><E131/><V81/><F81/><W120/><G120/><T107/><D87/><U15/><E15/><V19/><F19/><W125/><G125/><T44/><D107/><AGARI ba="0,1" hai="10,12,16,21,24,28,73,75,97,101,107,108,109,110" machi="107" ten="40,5200,0" yaku="1,1,14,1,54,1,53,0" doraHai="64" doraHaiUra="58" who="3" fromWho="0" sc="250,-52,250,0,250,0,240,62" /><INIT seed="1,0,0,4,4,93" ten="198,250,250,302" oya="1" hai0="10,4,19,126,63,134,119,12,115,80,22,35,95" hai1="114,69,90,62,130,3,57,129,113,21,20,89,110" hai2="125,38,121,8,127,45,122,16,11,73,17,83,30" hai3="23,1,97,101,25,51,27,92,50,26,135,9,34"/><U55/><E3/><V70/><F70/><W96/><G34/><T99/><D115/><N who="1" m="44043" /><E69/><V24/><F73/><W108/><G108/><T82/><D119/><U72/><E72/><V48/><F83/><W120/><G120/><N who="2" m="46185" /><F48/><W75/><G75/><T2/><D126/><N who="2" m="48138" /><F45/><W43/><G43/><T94/><D134/><U64/><E64/><V47/><F47/><W61/><G135/><T33/><D94/><U14/><E110/><V133/><F38/><W105/><G23/><N who="1" m="8778" /><E14/><V68/><F68/><W46/><G61/><T15/><D2/><U123/><E123/><V53/><F53/><W117/><G46/><T124/><D124/><U49/><E49/><V86/><F86/><W118/><G51/><T52/><D33/><U40/><E40/><V59/><F59/><W107/><G50/><T39/><D39/><U37/><E37/><V42/><F42/><W128/><G118/><T106/><D106/><U88/><E62/><V81/><F81/><W58/><G117/><T5/><D35/><U102/><E102/><V76/><F76/><W56/><G107/><T98/><D4/><U100/><E100/><V84/><F84/><W18/><G105/><T6/><D6/><U91/><N who="1" m="22528" /><DORA hai="0" /><U41/><E41/><V71/><F71/><W111/><G101/><N who="0" m="60639" /><D99/><U13/><E13/><N who="2" m="7207" /><F133/><W28/><G111/><T44/><D44/><U65/><E65/><V77/><F77/><W29/><G97/><T66/><D66/><U54/><E57/><AGARI ba="0,0" hai="5,10,12,15,19,22,52,57,63,80,82" m="60639" machi="57" ten="30,7700,0" yaku="8,1,52,2,54,1" doraHai="93,0" who="0" fromWho="1" sc="198,77,250,-77,250,0,302,0" /><INIT seed="2,0,0,3,2,13" ten="275,173,250,302" oya="2" hai0="83,43,132,120,127,101,94,125,86,117,110,75,56" hai1="47,95,78,97,15,62,1,128,80,88,90,48,74" hai2="72,63,22,119,71,96,108,121,64,61,89,77,45" hai3="31,111,130,39,27,3,57,68,122,30,46,19,131"/><V116/><F121/><W59/><G122/><T18/><D120/><U28/><E1/><V73/><F108/><W84/><G111/><T37/><D110/><U107/><E128/><N who="3" m="49194" /><G68/><T29/><D75/><U76/><E28/><N who="3" m="10794" /><G3/><T33/><D117/><U103/><E78/><V112/><F112/><W53/><G84/><T69/><D69/><U20/><E62/><V7/><F7/><W70/><G70/><T91/><D132/><U51/><E47/><V58/><F45/><W49/><G39/><T34/><D56/><U14/><E90/><V79/><F73/><W38/><G38/><T35/><D29/><U16/><REACH who="1" step="1"/><E15/><REACH who="1" ten="275,163,250,302" step="2"/><V36/><F63/><W11/><G27/><T9/><D34/><U67/><E67/><V21/><F77/><W5/><G46/><N who="0" m="23919" /><D33/><U52/><E52/><V114/><F61/><W126/><G53/><T12/><D35/><U105/><E105/><V98/><F64/><W10/><G49/><T113/><D91/><U50/><E50/><V81/><F36/><W0/><G126/><T4/><D125/><U6/><E6/><V102/><F89/><W123/><G123/><T85/><D127/><U87/><AGARI ba="0,1" hai="14,16,20,48,51,74,76,80,87,88,95,97,103,107" machi="87" ten="20,16000,3" yaku="1,1,0,1,7,1,24,2,52,1,54,2,53,0" doraHai="13" doraHaiUra="135" who="1" fromWho="1" sc="275,-40,163,170,250,-80,302,-40" /><INIT seed="3,0,0,2,1,19" ten="235,333,170,262" oya="3" hai0="117,33,106,73,59,95,122,49,70,14,41,23,97" hai1="46,76,98,134,11,7,0,107,15,88,81,13,102" hai2="87,42,104,75,119,52,74,99,71,68,20,79,12" hai3="67,54,51,100,6,43,129,84,1,27,57,22,63"/><W89/><G129/><T80/><D33/><U50/><E134/><V91/><F119/><W2/><G43/><T45/><D70/><U77/><E88/><V26/><F42/><W132/><G6/><T32/><D32/><U114/><E114/><V40/><F40/><W5/><G5/><T93/><D122/><U92/><E107/><V110/><F110/><W105/><G132/><T9/><D23/><U35/><E35/><V4/><F71/><W103/><G1/><T131/><D117/><U69/><E69/><V58/><F68/><W135/><G2/><T113/><D131/><U127/><E127/><V111/><F111/><W128/><G105/><T65/><D106/><U56/><E56/><V44/><F44/><N who="3" m="28007" /><G128/><T121/><D121/><U31/><E31/><V48/><F4/><W55/><G67/><T30/><D30/><U37/><E37/><V34/><F34/><W112/><G112/><T133/><D113/><U126/><E126/><V72/><F12/><W47/><G47/><T21/><D65/><U85/><E77/><V83/><F104/><W53/><G53/><AGARI ba="0,0" hai="0,7,11,13,15,46,50,53,76,81,85,92,98,102" machi="53" ten="30,1000,0" yaku="7,1" doraHai="19" who="1" fromWho="3" sc="235,0,333,10,170,0,262,-10" owari="235,-16.5,343,44.3,170,-33.0,252,5.2" /></mjloggm>