<mjloggm ver="2.3"><GO type="225" lobby="0"/><UN n0="%E7%B4%94%E6%BD%94%E3%83%94%E3%83%A9%E3%83%8B%E3%82%A2" n1="%E3%83%A9%E3%82%B9%E7%8E%87%EF%BC%93%E5%89%B2" n2="%E6%98%93%E5%88%A9%E8%96%A9%E4%BC%AF" n3="%E6%97%A5%E6%9B%9C%E6%97%A5%E3%82%88%E3%82%8A%E3%81%AE%E4%BD%BF%E8%80%85" dan="17,17,17,17" rate="2188.34,2207.09,2177.08,2224.67" sx="M,F,F,M"/><TAIKYOKU oya="0"/><INIT seed="0,0,0,5,0,92" ten="250,250,250,250" oya="0" hai0="59,56,9,25,50,91,133,12,14,122,13,87,73" hai1="127,30,130,109,15,104,53,101,117,27,57,125,81" hai2="21,16,71,90,0,39,72,94,84,77,102,2,44" hai3="129,64,70,115,97,18,113,116,20,51,86,22,93"/><T100/><D73/><U119/><E15/><V33/><F33/><W89/><G116/><T63/><D122/><U58/><E58/><V105/><F71/><W54/><G129/><T106/><D133/><U98/><E81/><N who="2" m="45223" /><F44/><W75/><G75/><T88/><D91/><U65/><E65/><V24/><F39/><W46/><G22/><T103/><D25/><U7/><E7/><V124/><F124/><N who="1" m="47689" /><E109/><V52/><F52/><W34/><G34/><T17/><D50/><N who="1" m="30903" /><E130/><V3/><F2/><W36/><G36/><T107/><D56/><U79/><E79/><V60/><F60/><W111/><G111/><T31/><D31/><U134/><E134/><V78/><F78/><W47/><G47/><T61/><D63/><U76/><E76/><V6/><F6/><W41/><G41/><T135/><D135/><U110/><E110/><V108/><F108/><W48/><G48/><T43/><D43/><U40/><E40/><V45/><F45/><W55/><G55/><T120/><D120/><U74/><E74/><V49/><F49/><W69/><G69/><T38/><D38/><U123/><E123/><V23/><F21/><AGARI ba="0,0" hai="21,27,30,98,101,104,117,119" m="30903,47689" machi="21" ten="30,2000,0" yaku="18,1,52,1" doraHai="92" who="1" fromWho="2" sc="250,0,250,20,250,-20,250,0" /><INIT seed="1,0,0,1,0,66" ten="250,270,230,250" oya="1" hai0="31,14,19,125,11,35,103,40,62,89,29,133,46" hai1="121,20,73,42,116,38,134,49,58,69,6,9,77" hai2="55,128,112,52,108,127,3,91,124,61,27,68,117" hai3="107,132,25,51,97,126,2,72,86,70,99,94,1"/><U15/><E116/><V32/><F3/><W104/><G72/><T101/><D125/><N who="2" m="48202" /><F117/><W75/><G75/><T59/><D133/><U83/><E121/><V87/><F108/><W23/><G126/><T17/><D17/><U76/><E134/><V54/><F128/><W39/><G39/><T85/><D35/><U24/><E77/><V98/><F98/><W26/><G51/><T8/><D8/><U78/><E78/><V12/><F12/><W105/><G86/><T16/><D19/><U45/><E69/><V88/><F112/><W95/><G105/><T65/><D101/><U115/><E58/><V36/><F36/><W64/><G64/><T34/><D103/><U50/><REACH who="1" step="1"/><E115/><REACH who="1" ten="250,260,230,250" step="2"/><V5/><F68/><W28/><G132/><T80/><REACH who="0" step="1"/><D34/><REACH who="0" ten="240,260,230,250" step="2"/><U123/><E123/><V100/><F32/><W96/><G107/><T111/><D111/><U60/><E60/><V53/><F61/><W90/><G104/><T33/><D33/><U93/><E93/><V135/><F135/><W118/><G118/><T109/><D109/><U67/><E67/><V84/><F100/><W18/><G95/><T119/><D119/><U37/><E37/><AGARI ba="0,2" hai="11,14,16,29,31,37,40,46,59,62,65,80,85,89" machi="37" ten="30,7700,0" yaku="1,1,7,1,54,1,53,1" doraHai="66" doraHaiUra="41" who="0" fromWho="1" sc="240,97,260,-77,230,0,250,0" /><INIT seed="2,0,0,2,0,58" ten="337,183,230,250" oya="2" hai0="26,93,21,84,55,92,63,81,31,70,27,52,82" hai1="104,12,111,13,90,42,6,128,15,11,100,94,9" hai2="74,107,3,44,133,117,14,118,53,56,116,123,71" hai3="106,18,43,23,120,124,85,8,20,83,60,30,38"/><V59/><F123/><W10/><G106/><T73/><D73/><U69/><E111/><V135/><F3/><W119/><G119/><T16/><D82/><U48/><E128/><V51/><F107/><W2/><G120/><T126/><D126/><U37/><E37/><V132/><F74/><W4/><G124/><T54/><D70/><U25/><E69/><V110/><F110/><W32/><G43/><T41/><D41/><U105/><E100/><V77/><F77/><W87/><G38/><T98/><D98/><U50/><E25/><V76/><F76/><W34/><G87/><T5/><D5/><U99/><E15/><V33/><F33/><W102/><G102/><T101/><D101/><U65/><E65/><V122/><F122/><W88/><G88/><N who="0" m="51215" /><D63/><U103/><E42/><V86/><F86/><W46/><G60/><T109/><D109/><U129/><E129/><V7/><REACH who="2" step="1"/><F71/><REACH who="2" ten="337,183,220,250" step="2"/><W0/><G85/><T68/><D68/><U115/><E105/><V40/><F40/><W17/><G83/><T127/><D127/><U35/><E35/><V29/><F29/><W79/><G79/><T80/><D80/><U125/><E125/><V66/><F66/><W75/><G75/><T91/><D91/><U28/><E28/><V134/><N who="2" m="33792" /><DORA hai="64" /><V49/><F49/><W78/><G78/><T112/><D112/><U114/><E115/><V108/><F108/><W22/><G30/><T89/><D89/><U39/><E114/><V57/><F57/><W131/><G131/><T95/><D92/><U67/><E39/><V72/><F72/><W47/><G32/><AGARI ba="0,1" hai="16,21,26,27,31,32,52,54,55,93,95" m="51215" machi="32" ten="30,7700,0" yaku="6,1,54,3" doraHai="58,64" who="0" fromWho="3" sc="337,87,183,0,220,0,250,-77" /><INIT seed="3,0,0,3,0,21" ten="424,183,220,173" oya="3" hai0="2,64,123,125,85,12,87,56,9,37,116,13,133" hai1="122,52,29,63,61,96,102,77,6,95,0,79,82" hai2="19,98,131,100,110,15,16,62,130,34,35,55,83" hai3="27,60,126,43,99,90,11,107,81,45,75,57,5"/><W92/><G126/><T30/><D37/><U10/><E122/><V31/><F83/><W108/><G108/><T46/><D2/><U69/><E69/><V86/><F86/><W88/><G107/><T23/><D123/><U32/><E79/><V111/><F55/><W132/><G132/><T70/><D70/><U117/><E117/><V127/><F62/><W4/><G27/><T93/><D87/><U40/><E40/><V8/><F19/><W44/><G11/><T38/><D12/><U76/><E76/><V41/><F41/><W104/><G104/><T118/><D23/><U58/><E29/><V50/><F50/><N who="3" m="26911" /><G45/><T66/><D46/><U59/><E32/><N who="2" m="12331" /><F31/><W7/><G75/><T33/><D9/><U48/><REACH who="1" step="1"/><E59/><REACH who="1" ten="424,173,220,173" step="2"/><V65/><F111/><W129/><G129/><T14/><D116/><U114/><E114/><V3/><F110/><W124/><G124/><T51/><D125/><U20/><E20/><V68/><F130/><W106/><G106/><T109/><D109/><U28/><E28/><V135/><F131/><W80/><G90/><T120/><D120/><U36/><E36/><V119/><F119/><W42/><G42/><T17/><D13/><U24/><E24/><V105/><F127/><W39/><G39/><T112/><D38/><U67/><E67/><AGARI ba="0,1" hai="4,5,7,57,60,67,80,81,88,92,99" m="26911" machi="67" ten="30,2900,0" yaku="8,1,54,1" doraHai="21" who="3" fromWho="1" sc="424,0,173,-29,220,0,173,39" /><INIT seed="3,1,0,5,4,112" ten="424,144,220,212" oya="3" hai0="73,48,92,64,67,45,81,113,1,43,121,60,34" hai1="84,124,59,56,91,109,79,90,87,12,5,130,111" hai2="103,38,68,122,26,75,119,77,108,85,22,126,3" hai3="7,13,42,83,93,120,133,117,54,62,114,65,88"/><W6/><G114/><T98/><D121/><U32/><E32/><V123/><F38/><W16/><G120/><N who="2" m="46121" /><F119/><W94/><G117/><T21/><D1/><U57/><E130/><V118/><F118/><W97/><G42/><T50/><D34/><U25/><E25/><V110/><F68/><W33/><G33/><T69/><D67/><U18/><E5/><V49/><F3/><W2/><G2/><T107/><D107/><U99/><E99/><V61/><F75/><W132/><G54/><T115/><D48/><U30/><E30/><V102/><F61/><W23/><G94/><T31/><D81/><U101/><E101/><N who="2" m="38411" /><F49/><W27/><G83/><T41/><D73/><U80/><E124/><V20/><F20/><W74/><G74/><T96/><D31/><U86/><E79/><V135/><F135/><N who="3" m="51787" /><G27/><T40/><D92/><U116/><E116/><V47/><F126/><W37/><G37/><T11/><D43/><U58/><N who="1" m="14336" /><DORA hai="15" /><U63/><E63/><V100/><F100/><W82/><G82/><T14/><D41/><U44/><E44/><V28/><F47/><W53/><G53/><T89/><D113/><U78/><E78/><V4/><F77/><W8/><G23/><T71/><D21/><N who="1" m="11463" /><E80/><V51/><F22/><W39/><G39/><T52/><D115/><U106/><E106/><V9/><F26/><W17/><G6/><T55/><D40/><U129/><E129/><V36/><F4/><W19/><G7/><T35/><D55/><U95/><E95/><V127/><F127/><W72/><G72/><T131/><D131/><U104/><E104/><RYUUKYOKU ba="1,0" sc="424,-15,144,15,220,-15,212,15" hai1="84,86,87,90,91,109,111" hai3="8,13,16,17,19,62,65,88,93,97" /><INIT seed="3,2,0,5,4,131" ten="409,159,205,227" oya="3" hai0="6,133,19,21,14,107,115,88,128,50,132,125,134" hai1="35,40,61,109,104,105,90,93,85,3,59,70,110" hai2="31,45,63,67,34,71,62,80,96,117,123,47,30" hai3="0,97,43,66,37,126,81,108,82,52,135,112,39"/><W16/><G112/><T98/><D128/><U28/><E3/><V118/><F123/><W23/><G0/><T76/><D125/><U27/><E40/><V101/><F80/><W4/><G4/><T11/><D76/><U29/><E70/><V111/><F63/><W129/><G66/><T9/><D115/><U22/><E35/><V79/><F79/><W13/><G129/><T56/><D88/><U72/><E72/><V41/><F47/><W64/><G64/><T77/><D77/><U15/><E15/><V17/><F17/><W78/><G97/><T38/><D38/><U130/><E29/><V32/><F31/><W12/><G43/><T84/><D84/><U26/><E26/><N who="2" m="18519" /><F34/><W86/><G13/><T124/><D124/><U33/><E33/><V58/><F58/><W36/><G126/><T55/><D6/><U74/><E74/><V100/><F100/><AGARI ba="2,0" hai="9,11,14,19,21,50,55,56,98,100,107,132,133,134" machi="100" ten="40,8000,1" yaku="20,1,52,3" doraHai="131" who="0" fromWho="2" sc="409,86,159,0,205,-86,227,0" owari="495,59.5,159,-24.1,119,-38.1,227,2.7" /></mjloggm>