<mjloggm ver="2.3"><GO type="225" lobby="0"/><UN n0="%70%6F%69%73%6F%6E%30%32" n1="%E3%81%BF%E3%81%BF%E3%81%9A" n2="%E3%83%A9%E3%83%BC%E3%83%A1%E3%83%B3%E4%BA%94%E9%83%8E" n3="%E3%83%96%E3%83%83%E3%83%91%E3%82%AA%E3%83%96%E3%83%81%E3%82%AD%E3%83%B3" dan="16,18,16,16" rate="2116.35,2260.92,2125.30,2215.85" sx="M,M,M,M"/><TAIKYOKU oya="0"/><INIT seed="0,0,0,2,3,55" ten="250,250,250,250" oya="0" hai0="105,71,84,95,67,79,127,51,42,53,19,27,10" hai1="130,129,132,47,121,86,46,87,59,128,30,83,20" hai2="69,82,56,58,66,29,88,73,32,8,9,125,57" hai3="102,109,80,39,72,33,68,23,70,17,48,122,50"/><T126/><D105/><U78/><E121/><V31/><F73/><W49/><G122/><T108/><D42/><U4/><E132/><V2/><F32/><W34/><G109/><T21/><D108/><U74/><E4/><V62/><F125/><N who="0" m="47626" /><D71/><U75/><E59/><N who="2" m="22603" /><F2/><W36/><G102/><T26/><D67/><U28/><E20/><V118/><F69/><N who="3" m="26731" /><G17/><T94/><D10/><N who="2" m="4202" /><F118/><W131/><G23/><T90/><D79/><U76/><E129/><V96/><F96/><W44/><G131/><T97/><D27/><U120/><E120/><V14/><F14/><W134/><G72/><T60/><D60/><U16/><E83/><V77/><F77/><W45/><G80/><N who="0" m="49415" /><D97/><U106/><E106/><V114/><F114/><W22/><G22/><T111/><D111/><U123/><E123/><V110/><F110/><W91/><G91/><T15/><D26/><U117/><E117/><V63/><F63/><W124/><G124/><T116/><D116/><U18/><AGARI ba="0,0" hai="16,18,28,30,46,47,74,75,76,78,86,87,128,130" machi="18" ten="25,6400,0" yaku="0,1,22,2,54,1" doraHai="55" who="1" fromWho="1" sc="250,-32,250,64,250,-16,250,-16" /><INIT seed="1,0,0,0,3,62" ten="218,314,234,234" oya="1" hai0="52,134,111,8,106,10,17,99,0,124,109,51,104" hai1="92,55,35,11,39,9,105,1,119,74,102,57,71" hai2="122,72,46,27,86,100,63,133,2,53,47,121,4" hai3="68,3,112,126,54,75,40,12,118,7,132,88,20"/><U37/><E119/><V61/><F72/><W125/><G112/><T56/><D134/><U59/><E74/><V127/><F133/><W49/><G132/><T101/><D124/><N who="3" m="47721" /><G118/><T95/><D10/><U64/><E35/><V85/><F127/><W58/><G75/><T14/><REACH who="0" step="1"/><D0/><REACH who="0" ten="208,314,234,234" step="2"/><U50/><E9/><V21/><F2/><W131/><G3/><T24/><D24/><U87/><E11/><V5/><F27/><W19/><G131/><T31/><D31/><U116/><E1/><V115/><F122/><W15/><G7/><T81/><D81/><U113/><E113/><V97/><F121/><W80/><G68/><T41/><D41/><U78/><E116/><V93/><F115/><W73/><G40/><T13/><D13/><U16/><E71/><V114/><F114/><W22/><G15/><T33/><D33/><U70/><E70/><V123/><F123/><W120/><G120/><T25/><D25/><U36/><E16/><V91/><F4/><W135/><G135/><T30/><D30/><U45/><E36/><V76/><F5/><W38/><G38/><T84/><D84/><U107/><E37/><V117/><F117/><W42/><G42/><T128/><D128/><U43/><E39/><V90/><F85/><N who="3" m="50215" /><G73/><T129/><D129/><U79/><E87/><V48/><F86/><W103/><G22/><T83/><D83/><U6/><E6/><V130/><F130/><W65/><G103/><T94/><D94/><U26/><E92/><V32/><F100/><W96/><G96/><T60/><D60/><U28/><E102/><V34/><F61/><RYUUKYOKU ba="0,1" sc="208,15,314,-15,234,-15,234,15" hai0="8,14,17,51,52,56,95,99,101,104,106,109,111" hai3="12,19,20,49,54,58,65" /><INIT seed="2,1,1,4,5,39" ten="223,299,219,249" oya="2" hai0="14,8,107,54,1,75,79,94,76,5,72,51,133" hai1="128,120,83,97,45,62,6,68,69,86,23,124,99" hai2="10,37,108,25,19,32,48,46,50,106,21,119,105" hai3="102,70,113,73,111,123,47,100,87,18,77,58,117"/><V110/><F119/><W55/><G117/><T118/><D107/><U65/><E124/><V85/><F32/><W52/><G123/><T109/><D109/><N who="2" m="42090" /><F85/><W121/><G111/><T33/><D118/><U88/><E120/><V101/><F10/><W104/><G121/><T28/><D133/><U64/><E128/><V27/><F27/><W53/><G70/><T15/><D28/><U122/><E122/><V112/><F112/><W41/><G113/><T57/><D33/><U16/><E6/><V17/><F17/><W59/><G73/><T126/><D126/><U66/><E45/><V40/><F101/><N who="3" m="39019" /><G104/><AGARI ba="1,1" hai="19,21,25,37,40,46,48,50,104,105,106" m="42090" machi="104" ten="30,5800,0" yaku="14,1,10,1,52,1" doraHai="39" who="2" fromWho="3" sc="223,0,299,0,219,71,249,-61" /><INIT seed="2,2,0,5,4,86" ten="223,299,290,188" oya="2" hai0="99,85,4,69,112,50,47,90,54,101,79,36,49" hai1="51,39,71,107,72,111,38,15,68,13,127,124,57" hai2="29,0,114,8,123,80,66,9,30,56,100,22,132" hai3="75,1,88,41,104,52,62,21,119,122,103,125,6"/><V55/><F114/><W31/><G119/><T92/><D69/><N who="1" m="26699" /><E72/><V83/><F123/><W61/><G122/><T23/><D36/><N who="1" m="13867" /><E107/><V91/><F132/><W63/><G75/><T45/><D112/><U46/><E57/><V102/><F66/><W33/><G33/><T10/><D79/><U81/><E81/><V60/><F0/><W53/><G125/><N who="1" m="48202" /><E111/><V98/><F80/><W133/><G133/><T64/><D64/><U89/><E89/><V12/><F22/><W131/><G104/><T44/><D23/><U42/><AGARI ba="2,0" hai="13,15,42,46,51" m="48202,13867,26699" machi="42" ten="40,1500,0" yaku="18,1" doraHai="86" who="1" fromWho="1" sc="223,-6,299,21,290,-9,188,-6" /><INIT seed="3,0,0,4,5,19" ten="217,320,281,182" oya="3" hai0="118,63,30,32,6,46,41,102,35,80,128,57,47" hai1="122,101,131,74,135,76,49,28,23,20,22,72,55" hai2="68,10,66,92,40,44,51,103,85,65,112,61,0" hai3="39,2,107,79,111,116,75,29,60,52,114,45,16"/><W93/><G114/><T1/><D118/><U98/><E122/><V12/><F112/><W119/><G107/><T50/><D128/><U18/><E131/><V4/><F66/><W31/><G2/><T130/><D130/><U25/><E135/><V104/><F104/><W115/><G115/><T113/><D113/><U87/><E87/><V56/><F68/><W81/><G111/><T124/><D124/><U105/><E76/><V108/><F108/><W24/><G31/><T91/><D102/><U62/><E62/><V8/><F103/><W58/><G16/><T94/><D80/><U99/><E99/><V13/><F8/><W54/><G93/><T90/><D47/><U88/><E88/><N who="2" m="53263" /><F0/><W70/><G70/><T127/><D127/><U77/><E77/><V3/><F3/><W109/><G109/><T36/><D36/><U134/><E134/><V71/><F71/><W97/><G97/><T21/><D6/><U78/><E78/><V110/><F110/><W95/><G95/><T53/><D1/><U7/><E7/><V15/><AGARI ba="0,0" hai="4,10,12,13,15,40,44,51,56,61,65" m="53263" machi="15" ten="30,2000,0" yaku="8,1,54,1" doraHai="19" who="2" fromWho="2" sc="217,-5,320,-5,281,20,182,-10" owari="212,-18.8,315,41.5,301,10.1,172,-32.8" /></mjloggm>