<mjloggm ver="2.3"><GO type="225" lobby="0"/><UN n0="%73%74%61%72%E6%98%9F%E8%BE%B0" n1="%72%65%6E%6B%75%6E" n2="%E6%98%93%E5%88%A9%E8%96%A9%E4%BC%AF" n3="%E9%A6%AC%E5%BC%95%E7%81%AB%33" dan="16,17,16,16" rate="2100.98,2190.99,2115.95,2059.92" sx="M,M,F,M"/><TAIKYOKU oya="0"/><INIT seed="0,0,0,5,2,113" ten="250,250,250,250" oya="0" hai0="82,94,86,60,123,124,56,13,111,131,79,105,96" hai1="36,90,101,47,102,5,98,52,14,8,108,117,23" hai2="41,118,3,44,18,58,121,54,78,106,66,81,132" hai3="38,120,0,99,49,92,33,129,6,12,20,68,64"/><T50/><D123/><U80/><E108/><V30/><F121/><W35/><G38/><T70/><D111/><U122/><E122/><V63/><F106/><W89/><G120/><T9/><D131/><U37/><E117/><V32/><F3/><W93/><G129/><T21/><D124/><U84/><E36/><V51/><F132/><W11/><G68/><T109/><D109/><U74/><E74/><V112/><F112/><W73/><G64/><T67/><D105/><U16/><E98/><V22/><F32/><W95/><G73/><T87/><D87/><U135/><E135/><V19/><F118/><W128/><G128/><T57/><D21/><U107/><E107/><V29/><F41/><W39/><G39/><T65/><D50/><N who="1" m="28767" /><E37/><V127/><F19/><W27/><G49/><T2/><D2/><U71/><E71/><V103/><F103/><N who="1" m="39433" /><E23/><V115/><F127/><W55/><G55/><T114/><D114/><U40/><E40/><V46/><F46/><W15/><G35/><T61/><D70/><U75/><E75/><V59/><F44/><W88/><G33/><T85/><D85/><U91/><E91/><V43/><F43/><W1/><G1/><T42/><D42/><U48/><E48/><V110/><F110/><W7/><G7/><AGARI ba="0,0" hai="5,7,8,14,16,80,84,90" m="39433,28767" machi="7" ten="30,7700,0" yaku="25,1,8,1,54,2" doraHai="113" who="1" fromWho="3" sc="250,0,250,77,250,0,250,-77" /><INIT seed="1,0,0,1,0,2" ten="250,327,250,173" oya="1" hai0="113,88,68,100,134,127,108,75,121,54,35,26,66" hai1="117,99,28,52,16,120,96,112,81,94,72,105,114" hai2="4,77,83,91,20,5,79,131,41,31,0,97,132" hai3="93,32,82,104,123,86,56,11,111,85,25,87,46"/><U13/><E28/><V1/><F132/><W23/><G123/><T84/><D113/><U43/><E120/><V126/><F126/><W49/><G111/><T38/><D108/><U51/><E117/><V67/><F131/><W57/><G104/><T110/><D110/><U14/><E43/><V109/><F109/><W92/><G32/><T60/><D134/><U6/><E105/><V30/><F67/><W37/><G37/><T42/><D127/><U15/><E6/><N who="2" m="2667" /><F1/><W36/><G36/><T65/><D75/><U9/><E112/><V8/><F8/><W103/><G11/><T59/><D121/><U78/><E114/><V118/><F0/><W48/><G82/><T135/><D135/><U40/><E40/><V34/><F34/><W107/><G107/><T62/><D100/><U21/><E9/><V18/><F41/><N who="3" m="24655" /><G49/><T29/><D42/><U119/><E119/><V39/><F39/><W73/><G73/><T101/><D101/><U74/><E74/><V125/><F125/><W61/><G103/><T128/><D128/><U45/><REACH who="1" step="1"/><E94/><REACH who="1" ten="250,317,250,173" step="2"/><N who="3" m="36458" /><G61/><T70/><D38/><U71/><E71/><V58/><F118/><W89/><G89/><T130/><D130/><U17/><E17/><AGARI ba="0,1" hai="17,23,25,56,57,85,86,87" m="36458,24655" machi="17" ten="30,1000,0" yaku="8,1" doraHai="2" who="3" fromWho="1" sc="250,0,317,-10,250,0,173,20" /><INIT seed="2,0,0,2,0,40" ten="250,307,250,193" oya="2" hai0="134,39,60,81,27,118,106,84,46,22,68,26,5" hai1="133,76,49,59,12,129,16,4,110,103,36,1,77" hai2="78,127,117,82,99,21,19,104,112,124,116,38,115" hai3="62,85,20,3,0,45,70,108,13,94,35,109,135"/><V93/><F38/><W74/><G74/><T32/><D118/><N who="2" m="45674" /><F104/><W71/><G35/><T8/><D106/><U114/><E36/><V91/><F21/><W64/><G135/><T34/><D134/><U11/><E114/><N who="2" m="43563" /><F19/><W131/><G131/><T87/><D87/><AGARI ba="0,0" hai="78,82,87,91,93,99,124,127" m="43563,45674" machi="87" ten="30,2900,0" yaku="34,2" doraHai="40" who="2" fromWho="0" sc="250,-29,307,0,250,29,193,0" /><INIT seed="2,1,0,0,4,118" ten="221,307,279,193" oya="2" hai0="135,119,61,27,77,92,26,128,52,106,88,59,85" hai1="11,115,133,132,74,75,83,90,102,41,121,8,100" hai2="20,16,38,1,56,13,89,60,9,22,45,73,42" hai3="68,120,39,49,47,62,114,64,123,34,23,126,110"/><V37/><F73/><N who="1" m="27657" /><E41/><V0/><F38/><W98/><G34/><T76/><D106/><U96/><E115/><V12/><F89/><W19/><G114/><T44/><D135/><N who="1" m="51787" /><E121/><V105/><F105/><W112/><G112/><T24/><D128/><U25/><E25/><V71/><F71/><W33/><G33/><T82/><D119/><U130/><E130/><V15/><F12/><W21/><G39/><T50/><REACH who="0" step="1"/><D82/><REACH who="0" ten="211,307,279,193" step="2"/><U43/><E43/><AGARI ba="1,1" hai="24,26,27,43,44,50,52,59,61,76,77,85,88,92" machi="43" ten="40,12000,2" yaku="1,1,2,1,8,1,54,2,53,1" doraHai="118" doraHaiUra="91" who="0" fromWho="1" sc="211,133,307,-123,279,0,193,0" /><INIT seed="3,0,0,1,1,112" ten="344,184,279,193" oya="3" hai0="63,71,36,118,87,0,126,135,95,132,127,41,27" hai1="66,55,38,61,81,50,86,12,121,109,24,22,93" hai2="120,53,33,73,9,11,4,14,18,92,131,125,89" hai3="134,43,83,103,88,78,49,70,116,7,31,69,17"/><W47/><G116/><T48/><D0/><U30/><E38/><V113/><F113/><W59/><G134/><N who="0" m="51243" /><D27/><U75/><E109/><V85/><F73/><W40/><G103/><T74/><D74/><U45/><E121/><V51/><F33/><W111/><G111/><T119/><D87/><U67/><E75/><V16/><F125/><N who="0" m="47626" /><D48/><U52/><E93/><V21/><F120/><W115/><G115/><T23/><D23/><U57/><REACH who="1" step="1"/><E12/><REACH who="1" ten="344,174,279,193" step="2"/><V99/><F14/><W100/><G100/><T15/><D95/><U102/><E102/><V108/><F92/><W114/><G114/><T68/><D15/><U97/><E97/><V80/><F99/><W20/><G7/><T28/><D36/><U90/><AGARI ba="0,1" hai="22,24,30,45,50,52,55,57,61,66,67,81,86,90" machi="90" ten="20,8000,1" yaku="1,1,0,1,7,1,8,1,54,1,53,0" doraHai="112" doraHaiUra="72" who="1" fromWho="1" sc="344,-20,174,90,279,-20,193,-40" owari="324,42.4,264,6.4,259,-14.1,153,-34.7" /></mjloggm>