<mjloggm ver="2.3"><GO type="225" lobby="0"/><UN n0="%E3%81%82%E3%82%93%E3%81%AA%E3%81%A4" n1="%E3%81%95%E3%81%8D%E3%81%9F%E3%81%BE%E6%9E%97%E6%AA%8E" n2="%E6%9C%88%E5%B3%B6%E5%9F%BA" n3="%E6%B4%BE%E9%81%A3%E3%81%AE%E3%82%B8%E3%83%A3%E3%83%83%E3%82%AF" dan="17,16,17,17" rate="2203.24,2098.32,2174.01,2187.79" sx="M,M,M,M"/><TAIKYOKU oya="0"/><INIT seed="0,0,0,3,0,41" ten="250,250,250,250" oya="0" hai0="78,64,112,11,86,127,22,43,32,16,116,110,87" hai1="3,72,104,28,105,82,83,107,58,124,111,14,33" hai2="65,76,135,60,123,50,56,19,37,1,30,59,75" hai3="103,46,63,55,20,94,53,130,95,44,18,85,125"/><T10/><D112/><U121/><E121/><V74/><F123/><W98/><G130/><T26/><D116/><U25/><E3/><V100/><F37/><W134/><G134/><T122/><D122/><U117/><E117/><V12/><F1/><W49/><G125/><T40/><D127/><U47/><E124/><V96/><F135/><W84/><G94/><T101/><D110/><U91/><E111/><V115/><F30/><W38/><G38/><T67/><D32/><U90/><E14/><V62/><F76/><W109/><G109/><T73/><D101/><U31/><E58/><V36/><F50/><N who="3" m="28887" /><G63/><T128/><D73/><U34/><E72/><V129/><F36/><W7/><G7/><T132/><D128/><U97/><E97/><V8/><F115/><W15/><AGARI ba="0,0" hai="15,18,20,44,49,55,84,85,95,98,103" m="28887" machi="15" ten="30,4000,0" yaku="8,1,52,2" doraHai="41" who="3" fromWho="3" sc="250,-20,250,-10,250,-10,250,40" /><INIT seed="1,0,0,4,4,86" ten="230,240,240,290" oya="1" hai0="124,126,2,107,53,132,66,87,43,125,130,128,4" hai1="10,65,12,47,119,54,0,21,61,77,11,17,39" hai2="37,97,102,83,100,70,68,56,50,19,103,99,16" hai3="33,41,46,45,9,120,6,44,23,88,105,80,93"/><U131/><E119/><V135/><F37/><W74/><G105/><T101/><D43/><U67/><E131/><N who="0" m="50217" /><D66/><U20/><E77/><V40/><F135/><W127/><G33/><T108/><D108/><U115/><E115/><V31/><F31/><W113/><G113/><T14/><D2/><U73/><E73/><V121/><F121/><W91/><G120/><T55/><D132/><U48/><E39/><V57/><F83/><W64/><G64/><T92/><D107/><U89/><E67/><V13/><F40/><W134/><G127/><T81/><D92/><U38/><E38/><V62/><F50/><N who="3" m="26895" /><G74/><T90/><D101/><U116/><E116/><V49/><F49/><W8/><G23/><T110/><D110/><U1/><E1/><V63/><F100/><W25/><G25/><T76/><D76/><U34/><E34/><V96/><F96/><N who="3" m="57383" /><G134/><T7/><D14/><AGARI ba="0,0" hai="13,14,16,19,56,57,62,63,68,70,97,99,102,103" machi="14" ten="25,3200,0" yaku="22,2,54,1" doraHai="86" who="2" fromWho="0" sc="230,-32,240,0,240,32,290,0" /><INIT seed="2,0,0,1,3,82" ten="198,240,272,290" oya="2" hai0="79,11,92,17,65,128,9,125,81,57,58,77,85" hai1="61,126,123,121,86,41,96,80,47,103,20,131,70" hai2="69,4,56,23,117,113,112,33,94,105,38,135,130" hai3="90,100,106,26,71,7,8,109,45,32,55,50,49"/><V120/><RYUUKYOKU type="yao9" ba="0,0" sc="198,0,240,0,272,0,290,0" hai2="4,23,33,38,56,69,94,105,112,113,117,120,130,135" /><INIT seed="2,1,0,3,5,135" ten="198,240,272,290" oya="2" hai0="133,38,100,96,123,8,98,7,109,91,21,3,0" hai1="67,62,17,126,68,114,116,93,64,37,107,23,5" hai2="81,125,31,33,94,90,121,118,120,32,9,44,34" hai3="58,99,85,106,18,84,53,14,13,73,61,2,11"/><V82/><F118/><W30/><G73/><T12/><D123/><U26/><E114/><V57/><F31/><W87/><G2/><T108/><D38/><U117/><E107/><V75/><F125/><W20/><G106/><T52/><D133/><U103/><E37/><V25/><F25/><W48/><G99/><N who="0" m="37931" /><D100/><U129/><E126/><V134/><F134/><W43/><G30/><T70/><D91/><U55/><E129/><V113/><F113/><W47/><REACH who="3" step="1"/><G87/><REACH who="3" ten="198,240,272,280" step="2"/><T111/><D0/><U40/><E117/><V95/><F75/><W124/><G124/><T110/><N who="0" m="27648" /><DORA hai="130" /><T105/><D105/><U101/><E116/><V119/><F119/><W4/><AGARI ba="1,1" hai="4,11,13,14,18,20,43,47,48,53,58,61,84,85" machi="4" ten="20,8000,1" yaku="1,1,0,1,7,1,8,1,53,1" doraHai="135,130" doraHaiUra="77,50" who="3" fromWho="3" sc="198,-21,240,-21,272,-41,280,93" /><INIT seed="3,0,0,2,2,78" ten="177,219,231,373" oya="3" hai0="33,3,2,14,32,10,102,93,37,86,7,66,74" hai1="97,73,70,119,82,5,114,57,77,59,76,87,118" hai2="12,124,65,72,121,16,18,34,89,95,94,98,109" hai3="8,90,88,122,25,112,101,107,63,36,23,83,50"/><W6/><G36/><T64/><D37/><U30/><E114/><V0/><F72/><W47/><G63/><T9/><D74/><U117/><E70/><V71/><F0/><W80/><G107/><T24/><D102/><U29/><E5/><V15/><F34/><W17/><G101/><T75/><D75/><U46/><E97/><V81/><F109/><W22/><G22/><T28/><D32/><U43/><E76/><V61/><F124/><W84/><G122/><T39/><D39/><N who="1" m="21887" /><E73/><V41/><F41/><W54/><G112/><T48/><D48/><U35/><E35/><V113/><F113/><W26/><G26/><T131/><D131/><U99/><E99/><V62/><F98/><W4/><G8/><T69/><D69/><U111/><E111/><V60/><F65/><W100/><G100/><T130/><D130/><U127/><E127/><V51/><F71/><W115/><G115/><T19/><REACH who="0" step="1"/><D2/><REACH who="0" ten="167,219,231,373" step="2"/><U132/><E132/><V120/><F120/><W133/><G133/><T91/><AGARI ba="0,1" hai="3,7,9,10,14,19,24,28,33,64,66,86,91,93" machi="91" ten="30,4000,0" yaku="1,1,2,1,0,1,53,0" doraHai="78" doraHaiUra="126" who="0" fromWho="0" sc="167,50,219,-10,231,-10,373,-20" owari="217,-18.3,209,-29.1,221,2.1,353,45.3" /></mjloggm>