<mjloggm ver="2.3"><GO type="225" lobby="0"/><UN n0="%E5%8D%A0%E3%81%84%E5%B8%AB%E8%A3%8F%E3%81%AA%E3%81%84%E3%81%97" n1="%E3%81%A4%E3%81%A3%E3%81%B1%E3%82%8A%E3%83%9D%E3%83%BC%E3%83%AB" n2="%E3%82%8C%E3%81%99%E3%81%93" n3="%E6%80%AA%E3%81%97%E3%81%99%E3%81%8E%E3%82%8B%E3%83%81%E3%83%BC" dan="17,17,16,16" rate="2271.07,2245.11,2208.29,2103.82" sx="M,M,F,M"/><TAIKYOKU oya="0"/><INIT seed="0,0,0,5,4,90" ten="250,250,250,250" oya="0" hai0="71,33,93,54,129,23,110,122,96,97,85,88,87" hai1="130,30,70,65,91,126,114,77,131,59,41,82,19" hai2="24,46,14,64,56,98,32,116,21,72,127,123,50" hai3="135,79,113,119,31,62,132,55,128,53,118,108,106"/><T69/><BYE who="1" /><D69/><U61/><E61/><BYE who="0" /><UN n0="%E5%8D%A0%E3%81%84%E5%B8%AB%E8%A3%8F%E3%81%AA%E3%81%84%E3%81%97" /><V42/><F123/><W49/><G106/><T117/><D117/><N who="3" m="44553" /><G79/><T68/><D33/><U29/><E29/><V133/><F116/><W57/><G31/><T104/><D122/><U9/><E9/><V73/><F133/><N who="3" m="51275" /><G113/><UN n1="%E3%81%A4%E3%81%A3%E3%81%B1%E3%82%8A%E3%83%9D%E3%83%BC%E3%83%AB" /><T34/><D129/><N who="1" m="49163" /><E41/><V22/><F127/><W40/><G128/><T27/><D34/><U74/><E30/><V134/><F134/><W0/><G0/><T115/><D115/><U63/><E114/><V120/><F120/><W10/><G10/><T124/><D124/><U78/><E126/><V102/><F32/><W2/><G2/><T7/><D110/><U28/><E28/><V125/><F125/><W83/><G83/><T86/><D7/><U92/><E19/><V111/><F111/><W112/><G112/><T76/><D76/><N who="1" m="44311" /><E70/><V105/><F14/><W75/><G75/><T121/><D121/><U17/><E17/><V67/><F21/><W5/><G5/><T25/><D23/><U100/><E100/><V12/><F12/><W38/><G108/><T109/><D109/><U39/><E39/><V60/><REACH who="2" step="1"/><F67/><REACH who="2" ten="250,250,240,250" step="2"/><N who="3" m="39375" /><G38/><T26/><D26/><U18/><E18/><AGARI ba="0,1" hai="18,22,24,42,46,50,56,60,64,72,73,98,102,105" machi="18" ten="30,2000,0" yaku="1,1,7,1,53,0" doraHai="90" doraHaiUra="80" who="2" fromWho="1" sc="250,0,250,-20,240,30,250,0" /><INIT seed="1,0,0,1,4,87" ten="250,230,270,250" oya="1" hai0="54,135,55,112,127,88,18,100,92,35,28,101,34" hai1="72,22,24,31,109,42,32,15,60,96,106,115,47" hai2="44,6,17,12,23,105,30,89,2,90,59,74,116" hai3="41,48,80,76,83,40,99,126,134,110,117,56,124"/><U132/><E115/><V45/><F116/><W57/><G117/><T19/><D112/><U33/><E132/><V4/><F105/><W93/><G134/><T125/><D135/><U11/><E72/><V13/><F2/><W51/><G110/><T49/><D28/><U113/><E113/><V118/><F74/><W26/><G26/><T8/><D8/><U75/><E75/><V129/><F118/><W67/><G67/><T123/><D123/><U102/><E60/><V37/><F129/><W70/><G70/><T21/><D21/><U103/><E103/><V1/><F1/><W130/><G99/><T91/><D49/><U65/><E65/><V107/><F107/><W84/><G84/><T120/><D120/><U43/><E109/><V122/><F122/><W64/><G64/><T108/><D92/><U0/><E0/><V14/><F30/><W68/><G68/><T62/><D62/><U79/><E79/><V27/><F59/><W121/><G93/><T9/><D9/><U69/><E69/><V131/><F131/><W29/><G29/><T133/><D133/><U104/><E106/><V58/><F58/><W46/><G121/><T25/><D25/><U10/><E10/><V63/><F63/><W82/><G130/><T52/><D54/><U111/><E111/><AGARI ba="0,0" hai="18,19,34,35,52,55,88,91,100,101,108,111,125,127" machi="111" ten="25,12000,2" yaku="22,2,52,2,54,2" doraHai="87" who="0" fromWho="1" sc="250,120,230,-120,270,0,250,0" /><INIT seed="2,0,0,2,5,5" ten="370,110,270,250" oya="2" hai0="81,129,96,30,101,54,93,34,51,15,12,26,100" hai1="73,84,9,45,65,85,88,6,119,70,124,67,82" hai2="11,127,35,116,87,104,37,1,29,128,4,97,43" hai3="68,79,99,27,118,7,95,106,20,64,44,83,130"/><V122/><F116/><W31/><G118/><T94/><D129/><U77/><E119/><V120/><F128/><W33/><G130/><T38/><D38/><U48/><E124/><V3/><F127/><W133/><G133/><T74/><D74/><U46/><E73/><V8/><F87/><W61/><G7/><T92/><D81/><U114/><E114/><V53/><F53/><W117/><G117/><T86/><D86/><U17/><E70/><V40/><F40/><W110/><G110/><T121/><D121/><U112/><E112/><V24/><F11/><W107/><G33/><T105/><REACH who="0" step="1"/><D100/><REACH who="0" ten="360,110,270,250" step="2"/><U52/><E46/><AGARI ba="0,1" hai="12,15,26,30,34,46,51,54,92,93,94,96,101,105" machi="46" ten="40,2600,0" yaku="1,1,2,1,53,0" doraHai="5" doraHaiUra="108" who="0" fromWho="1" sc="360,36,110,-26,270,0,250,0" /><INIT seed="3,0,0,0,2,35" ten="396,84,270,250" oya="3" hai0="19,99,94,31,81,104,49,56,0,68,21,46,126" hai1="58,11,13,124,26,42,45,59,123,122,62,105,95" hai2="118,103,98,107,134,34,71,121,55,23,16,129,132" hai3="93,88,120,50,44,86,84,47,90,131,130,66,79"/><W97/><G120/><T60/><D0/><U17/><E105/><V101/><F118/><W85/><G79/><T64/><D104/><U39/><E124/><V100/><F121/><W115/><G115/><T80/><D126/><U18/><E59/><V51/><F34/><W22/><G66/><T114/><D31/><U6/><E95/><V7/><F7/><W27/><G90/><N who="0" m="55767" /><D68/><U67/><E26/><N who="2" m="14695" /><F71/><W96/><G96/><T102/><D102/><U92/><E92/><V20/><F20/><W37/><G37/><T82/><D114/><U119/><E119/><V125/><F125/><W32/><G32/><T30/><D30/><U128/><E128/><N who="3" m="49194" /><G50/><T111/><D111/><U78/><E78/><V106/><F98/><W24/><G24/><N who="0" m="14399" /><D82/><U76/><E76/><V53/><F129/><W117/><G117/><T72/><D72/><U33/><E33/><V36/><F36/><W112/><G112/><T57/><D57/><U91/><E91/><V10/><F51/><W70/><G70/><T83/><D83/><U109/><E109/><V77/><F77/><W43/><G43/><AGARI ba="0,0" hai="43,46,49,56,60,64,80,81" m="14399,55767" machi="43" ten="30,1000,0" yaku="8,1" doraHai="35" who="0" fromWho="3" sc="396,10,84,0,270,0,250,-10" owari="406,50.6,84,-41.6,270,7.0,240,-16.0" /></mjloggm>