<mjloggm ver="2.3"><GO type="225" lobby="0"/><UN n0="%E3%82%B3%E3%83%90%E3%83%AC%E3%82%A4" n1="%E3%81%BF%E3%81%BF%E3%81%9A" n2="%E3%81%8B%E3%82%8F%E3%81%A1%E3%82%83%E3%82%93%35%38" n3="%E6%A1%9C%E8%8A%B1%E9%96%83%E3%80%85" dan="16,17,16,16" rate="2145.84,2170.24,2155.52,2132.26" sx="M,M,M,M"/><TAIKYOKU oya="0"/><INIT seed="0,0,0,5,4,43" ten="250,250,250,250" oya="0" hai0="70,74,26,35,87,92,71,122,6,55,123,94,110" hai1="48,119,132,3,68,46,125,61,4,14,27,124,7" hai2="118,75,90,29,109,22,8,11,100,52,127,2,36" hai3="17,42,37,21,83,33,47,65,80,89,126,20,88"/><T134/><D74/><U25/><E119/><V60/><F36/><W51/><G33/><T77/><D6/><U62/><E3/><V120/><F75/><W72/><G126/><N who="1" m="48746" /><E132/><V31/><F2/><W107/><G107/><T12/><D134/><U95/><E95/><V50/><F120/><W53/><G65/><T111/><D12/><U0/><E14/><V117/><F127/><W78/><G83/><T121/><D26/><N who="1" m="9739" /><E68/><N who="0" m="26153" /><D35/><U113/><E113/><V18/><F100/><W133/><G133/><T1/><D1/><U38/><E38/><V63/><F109/><N who="0" m="41482" /><D55/><N who="1" m="30103" /><E4/><V86/><F118/><W39/><G21/><T115/><D115/><U41/><E41/><V66/><F117/><W101/><G37/><T96/><D96/><U73/><E73/><V15/><F66/><W24/><REACH who="3" step="1"/><G101/><REACH who="3" ten="250,250,250,240" step="2"/><T98/><D98/><U81/><E81/><AGARI ba="0,1" hai="77,81,87,92,94,121,122,123" m="41482,26153" machi="81" ten="40,3900,0" yaku="14,1,10,1" doraHai="43" who="0" fromWho="1" sc="250,49,250,-39,250,0,240,0" /><INIT seed="0,1,0,3,1,105" ten="299,211,250,240" oya="0" hai0="99,37,25,79,72,22,104,9,70,61,128,127,29" hai1="66,130,36,114,93,54,32,71,88,113,80,11,78" hai2="46,91,126,68,121,89,90,106,73,83,133,8,18" hai3="96,45,107,3,12,120,47,4,59,6,77,85,62"/><T17/><D37/><U86/><E32/><V110/><F68/><W21/><G3/><T20/><D127/><U44/><E130/><V57/><F121/><W94/><G107/><T50/><D128/><U108/><E108/><V65/><F106/><W1/><G1/><T75/><D79/><U56/><E71/><V23/><F110/><W117/><G117/><T111/><D50/><U15/><E66/><V7/><F126/><W42/><G120/><T134/><D111/><U87/><E44/><N who="3" m="16970" /><G42/><T52/><D9/><U100/><E36/><V48/><F133/><W2/><G2/><T109/><D134/><U5/><REACH who="1" step="1"/><E100/><REACH who="1" ten="299,201,250,240" step="2"/><V31/><F65/><N who="3" m="39135" /><G21/><T135/><D109/><U0/><E0/><V63/><F23/><W103/><G12/><T28/><D135/><U16/><E16/><V81/><F18/><W49/><G49/><AGARI ba="1,1" hai="5,11,15,49,54,56,78,80,86,87,88,93,113,114" machi="49" ten="40,5200,0" yaku="1,1,54,1,53,1" doraHai="105" doraHaiUra="76" who="1" fromWho="3" sc="299,0,201,65,250,0,240,-55" /><INIT seed="1,0,0,5,0,74" ten="299,266,250,185" oya="1" hai0="116,68,132,71,39,64,65,59,32,29,108,70,63" hai1="36,7,121,73,9,113,30,94,53,82,4,125,24" hai2="85,69,56,11,122,127,18,49,54,109,58,37,6" hai3="106,128,90,55,40,45,52,38,97,21,26,107,131"/><U75/><E113/><V110/><F122/><W33/><G33/><T51/><D116/><U114/><E114/><V47/><F69/><N who="0" m="26730" /><D32/><U31/><E121/><V111/><F127/><W135/><G135/><T76/><D29/><U12/><E125/><V25/><F37/><W99/><G90/><T118/><D76/><U43/><E4/><V48/><F85/><W102/><G99/><T126/><D118/><U87/><E94/><V0/><F25/><W124/><G107/><T27/><D27/><U129/><E129/><V95/><F18/><W60/><G124/><T13/><D13/><U115/><E115/><V91/><REACH who="2" step="1"/><F48/><REACH who="2" ten="299,266,240,185" step="2"/><W117/><G117/><T81/><D126/><U10/><E30/><V44/><F44/><W134/><G134/><T2/><D39/><U123/><E123/><V41/><F41/><W20/><G26/><T88/><D51/><U15/><E43/><V66/><F66/><W80/><G55/><T89/><D64/><U3/><E36/><V83/><F83/><W67/><G80/><T62/><D81/><U92/><E53/><V14/><F14/><W46/><G46/><T16/><D65/><U23/><E3/><V5/><F5/><W96/><G52/><T120/><D2/><U42/><E42/><V61/><F61/><W17/><G17/><T103/><D63/><U100/><E82/><V28/><F28/><W112/><G112/><T22/><D120/><U34/><E87/><V98/><AGARI ba="0,1" hai="0,6,11,47,49,54,56,58,91,95,98,109,110,111" machi="98" ten="30,7900,0" yaku="1,1,0,1,14,1,53,1" doraHai="74" doraHaiUra="86" who="2" fromWho="2" sc="299,-20,266,-39,240,89,185,-20" /><INIT seed="2,0,0,0,5,40" ten="279,227,329,165" oya="2" hai0="16,135,119,123,64,23,114,78,73,133,127,80,122" hai1="3,124,55,2,71,111,7,45,26,85,97,65,46" hai2="17,100,110,109,63,22,87,105,27,93,59,75,115" hai3="38,29,94,15,25,4,118,83,12,51,9,44,128"/><V74/><F105/><W102/><G128/><T129/><D114/><U72/><E72/><V56/><F115/><W28/><G118/><T32/><D119/><U126/><E111/><N who="2" m="42507" /><F59/><W8/><G38/><T31/><D127/><N who="1" m="48683" /><E97/><N who="2" m="59439" /><F87/><W96/><G83/><T37/><D129/><U92/><E65/><AGARI ba="0,0" hai="17,22,27,56,63,65,74,75" m="59439,42507" machi="65" ten="30,2900,0" yaku="14,1,10,1" doraHai="40" who="2" fromWho="1" sc="279,0,227,-29,329,29,165,0" /><INIT seed="2,1,0,4,3,63" ten="279,198,358,165" oya="2" hai0="62,68,64,135,107,66,130,45,23,29,124,26,70" hai1="12,111,74,11,122,110,114,99,28,78,123,113,5" hai2="89,94,72,119,134,105,14,65,15,21,121,33,3" hai3="55,125,85,49,91,77,22,57,38,44,67,10,32"/><V53/><F3/><W47/><G32/><T43/><D135/><U73/><E78/><V81/><F33/><W82/><G125/><T75/><D124/><U36/><E36/><V39/><F39/><W46/><G38/><T103/><D75/><N who="1" m="28683" /><E99/><V90/><F105/><W128/><G128/><T60/><D130/><U4/><E28/><V83/><F53/><W100/><G100/><T96/><D45/><U86/><E86/><V42/><F121/><N who="1" m="46089" /><E12/><V13/><F13/><W133/><G133/><T16/><D43/><U101/><E101/><V108/><F72/><W59/><G10/><T71/><D71/><U51/><E51/><V31/><F42/><W50/><G22/><T127/><D127/><U52/><E52/><V88/><F21/><W93/><G50/><T37/><D37/><U1/><E4/><V7/><F7/><W92/><REACH who="3" step="1"/><G77/><REACH who="3" ten="279,198,358,155" step="2"/><T8/><D8/><U27/><E27/><V109/><F134/><W6/><G6/><T17/><AGARI ba="1,1" hai="16,17,23,26,29,60,62,64,66,68,70,96,103,107" machi="17" ten="30,8000,1" yaku="0,1,9,1,52,2,54,1" doraHai="63" who="0" fromWho="0" sc="279,93,198,-21,358,-41,155,-21" /><INIT seed="3,0,0,3,0,40" ten="372,177,317,134" oya="3" hai0="128,71,88,63,82,93,7,76,25,73,66,103,108" hai1="55,78,74,2,134,95,79,85,62,104,116,10,22" hai2="48,13,47,30,61,123,9,32,42,29,72,135,77" hai3="120,54,58,127,83,34,90,53,115,68,133,122,50"/><W96/><G115/><T27/><D128/><U59/><E116/><V51/><F135/><W3/><G68/><T20/><D108/><U4/><E134/><V110/><F110/><W132/><G132/><T91/><D7/><U119/><E119/><V102/><F123/><W129/><G133/><T15/><D15/><U1/><E104/><V65/><F102/><W31/><G129/><T101/><D91/><U100/><E74/><V23/><F32/><W118/><G118/><T38/><D38/><U8/><E22/><V67/><F72/><W35/><G3/><T56/><D71/><U130/><E130/><V36/><F77/><W57/><G127/><T14/><D14/><U131/><E131/><V11/><F11/><W37/><G37/><T26/><REACH who="0" step="1"/><D20/><REACH who="0" ten="362,177,317,134" step="2"/><U6/><E100/><V24/><F30/><W41/><G35/><T16/><D16/><U113/><E113/><V64/><REACH who="2" step="1"/><F61/><REACH who="2" ten="362,177,307,134" step="2"/><W87/><G96/><AGARI ba="0,2" hai="25,26,27,56,63,66,73,76,82,88,93,96,101,103" machi="96" ten="40,5200,0" yaku="1,1,54,1,53,1" doraHai="40" doraHaiUra="52" who="0" fromWho="3" sc="362,72,177,0,307,0,134,-52" owari="434,53.4,177,-22.3,307,10.7,82,-41.8" /></mjloggm>