<mjloggm ver="2.3"><GO type="225" lobby="0"/><UN n0="%E3%80%90%E8%92%BC%E7%90%89%E3%80%91" n1="%E7%99%BD%E5%80%89%E5%AF%9B%E4%B9%8B" n2="%E9%A6%AC%E5%BC%95%E7%81%AB%33" n3="%E3%81%AF%E3%82%88%E3%81%8A%E3%81%98%E3%81%95%E3%82%93" dan="16,16,16,17" rate="2176.33,2178.13,2122.26,2151.30" sx="F,M,M,M"/><TAIKYOKU oya="0"/><INIT seed="0,0,0,2,4,69" ten="250,250,250,250" oya="0" hai0="77,57,14,66,0,24,42,97,23,120,54,123,35" hai1="56,53,90,74,98,113,20,116,2,119,44,4,25" hai2="128,27,85,22,91,9,58,45,112,34,43,36,88" hai3="129,41,62,48,15,68,86,16,32,52,75,12,33"/><T50/><D0/><U11/><E74/><V124/><F112/><W5/><G75/><T67/><D77/><U71/><E71/><V108/><F108/><W101/><G129/><T135/><D135/><U87/><E113/><V115/><F115/><W8/><G101/><T82/><D82/><U61/><E44/><V63/><F128/><W92/><G41/><T96/><D35/><U28/><REACH who="1" step="1"/><E98/><REACH who="1" ten="250,240,250,250" step="2"/><V103/><F124/><W89/><G68/><T95/><D96/><U122/><E122/><V26/><F103/><W18/><G62/><T131/><D131/><U55/><E55/><V3/><F34/><W40/><G40/><T125/><D120/><U60/><E60/><V118/><F118/><W17/><REACH who="3" step="1"/><G12/><REACH who="3" ten="250,240,250,240" step="2"/><T46/><D14/><U70/><E70/><V94/><F43/><W81/><G81/><AGARI ba="0,2" hai="2,4,11,20,25,28,53,56,61,81,87,90,116,119" machi="81" ten="30,2000,0" yaku="1,1,7,1,53,0" doraHai="69" doraHaiUra="37" who="1" fromWho="3" sc="250,0,240,40,250,0,240,-20" /><INIT seed="1,0,0,2,4,15" ten="250,280,250,220" oya="1" hai0="12,46,41,63,9,3,1,44,72,67,82,54,90" hai1="122,17,48,107,123,117,40,10,105,119,29,36,80" hai2="5,52,11,108,110,18,35,113,58,57,126,6,14" hai3="93,134,68,130,65,127,66,129,50,0,74,118,92"/><U88/><E36/><V51/><F35/><W94/><G74/><T91/><D54/><U34/><E40/><V116/><F116/><N who="1" m="44617" /><E48/><V26/><F126/><W75/><G118/><T31/><D31/><U106/><E17/><N who="2" m="8415" /><F113/><W24/><G75/><T53/><D53/><U100/><E10/><V22/><F58/><W23/><G0/><T102/><D102/><U42/><E42/><V78/><F78/><W124/><G50/><T77/><D1/><U4/><E4/><V20/><F20/><W38/><G38/><T37/><D46/><U85/><E29/><V25/><F25/><W112/><G112/><T81/><D81/><U133/><E34/><V55/><F55/><W128/><G134/><T84/><D72/><U115/><E115/><V83/><F83/><W96/><G96/><T76/><D3/><U8/><E8/><V49/><F49/><W47/><G47/><T131/><D76/><U43/><E43/><V69/><F69/><W70/><G68/><T21/><D21/><U13/><E13/><V39/><F39/><W89/><G89/><T16/><REACH who="0" step="1"/><D131/><REACH who="0" ten="240,280,250,220" step="2"/><U73/><E73/><V62/><F62/><N who="3" m="40247" /><G66/><T103/><D103/><U71/><E100/><V79/><F79/><W135/><G135/><T2/><D2/><U32/><E133/><V87/><F87/><W125/><G128/><T109/><D109/><AGARI ba="0,1" hai="5,6,18,22,26,51,52,57,108,109,110" m="8415" machi="109" ten="30,7700,0" yaku="14,1,52,2,54,1" doraHai="15" who="2" fromWho="0" sc="240,-77,280,0,250,87,220,0" /><INIT seed="2,0,0,5,2,80" ten="163,280,337,220" oya="2" hai0="62,94,53,91,31,27,70,6,38,87,107,86,82" hai1="9,58,116,74,43,69,50,3,40,110,33,2,32" hai2="22,64,89,28,48,102,81,60,113,7,96,108,16" hai3="95,20,73,46,118,83,56,18,124,130,90,114,65"/><V103/><F113/><W132/><G118/><T30/><D38/><U63/><E74/><V41/><F28/><W131/><G114/><T34/><D107/><U17/><E69/><V42/><F7/><W14/><G124/><T55/><D30/><U68/><E68/><V98/><F108/><W52/><G132/><T77/><REACH who="0" step="1"/><D6/><REACH who="0" ten="153,280,337,220" step="2"/><N who="1" m="1239" /><E116/><V111/><F111/><W11/><G130/><T67/><AGARI ba="0,1" hai="27,31,34,53,55,62,67,70,77,82,86,87,91,94" machi="67" ten="30,7900,0" yaku="1,1,0,1,52,2,53,0" doraHai="80" doraHaiUra="5" who="0" fromWho="0" sc="153,89,280,-20,337,-39,220,-20" /><INIT seed="3,0,0,5,2,131" ten="242,260,298,200" oya="3" hai0="119,97,129,75,92,34,77,96,83,134,59,74,117" hai1="35,10,57,126,91,93,76,67,2,42,78,13,84" hai2="33,21,20,122,22,53,15,5,123,110,9,45,118" hai3="46,115,121,81,41,135,102,128,31,38,61,26,60"/><W124/><G121/><N who="2" m="46089" /><F110/><W113/><G128/><T107/><D34/><U108/><E35/><V104/><F33/><W112/><G124/><T62/><D74/><U98/><E2/><V32/><F32/><W28/><G135/><T95/><D129/><U14/><E108/><V114/><F104/><W51/><G102/><N who="0" m="62919" /><D59/><U44/><E126/><V6/><F114/><W100/><G100/><N who="0" m="60455" /><D62/><U120/><E120/><V63/><F118/><N who="0" m="45066" /><D95/><U17/><E14/><V7/><F63/><W4/><G4/><T56/><D56/><U39/><E57/><V127/><F127/><W111/><G111/><T105/><D105/><U58/><E58/><V85/><F85/><W50/><G61/><T55/><D55/><U19/><E67/><V94/><F94/><W79/><G60/><T52/><D52/><U37/><E19/><N who="2" m="8687" /><F53/><W8/><G8/><T86/><D86/><U64/><E64/><V99/><F99/><W12/><G12/><T125/><D125/><U82/><REACH who="1" step="1"/><E39/><REACH who="1" ten="242,250,298,200" step="2"/><V54/><F6/><W130/><G130/><T106/><D106/><U40/><E40/><V101/><F101/><AGARI ba="0,1" hai="10,13,17,37,42,44,76,78,82,84,91,93,98,101" machi="101" ten="30,2000,0" yaku="1,1,7,1,53,0" doraHai="131" doraHaiUra="25" who="1" fromWho="2" sc="242,0,250,30,298,-20,200,0" /><INIT seed="4,0,0,3,4,3" ten="242,280,278,200" oya="0" hai0="29,103,34,46,119,88,9,65,64,104,72,92,77" hai1="15,122,44,98,109,10,89,27,73,50,51,102,17" hai2="135,53,0,48,62,40,42,14,12,16,49,117,2" hai3="106,39,95,19,13,11,20,125,128,75,94,23,7"/><T6/><D119/><U133/><E73/><V131/><F117/><W57/><G106/><T116/><D116/><U83/><E122/><V78/><F131/><W52/><G39/><T68/><D68/><U1/><E133/><V121/><F121/><W38/><G38/><T96/><D46/><U86/><E1/><V79/><F53/><W93/><G75/><T101/><D29/><U74/><E74/><V36/><F36/><W4/><G125/><T37/><D37/><U24/><E109/><V60/><F135/><W56/><G56/><T105/><D34/><U82/><E82/><V67/><F67/><W21/><REACH who="3" step="1"/><G128/><REACH who="3" ten="242,280,278,190" step="2"/><T33/><D104/><U26/><REACH who="1" step="1"/><E44/><REACH who="1" ten="242,270,278,190" step="2"/><V25/><F62/><AGARI ba="0,2" hai="4,7,11,13,19,20,21,23,52,57,62,93,94,95" machi="62" ten="40,12000,2" yaku="1,1,2,1,8,1,52,2,54,1,53,0" doraHai="3" doraHaiUra="134" who="3" fromWho="2" sc="242,0,270,0,278,-120,190,140" owari="242,-15.8,270,7.0,158,-34.2,330,43.0" /></mjloggm>