<mjloggm ver="2.3"><GO type="225" lobby="0"/><UN n0="%E7%99%BD%E5%80%89%E5%AF%9B%E4%B9%8B" n1="%E3%83%A9%E3%83%BC%E3%83%A1%E3%83%B3%E4%BA%94%E9%83%8E" n2="%E3%81%8B%E3%82%8F%E3%81%A1%E3%82%83%E3%82%93%35%38" n3="%E9%B7%B9%E5%80%89%E6%9D%8F%E9%88%B4" dan="16,16,16,16" rate="2172.78,2151.11,2115.67,2144.79" sx="M,M,M,F"/><TAIKYOKU oya="0"/><INIT seed="0,0,0,4,4,6" ten="250,250,250,250" oya="0" hai0="104,9,52,126,86,40,58,92,11,95,37,68,134" hai1="57,32,16,42,70,49,43,98,64,41,117,83,115" hai2="88,35,31,44,29,116,8,48,87,101,132,18,113" hai3="130,89,127,53,1,109,72,118,15,77,25,27,129"/><T59/><D104/><U73/><E117/><V94/><F113/><W108/><G1/><T24/><D68/><U120/><E120/><V17/><F35/><W119/><G127/><T0/><D0/><U91/><E32/><V128/><F116/><N who="3" m="44587" /><G89/><N who="0" m="53303" /><D37/><U30/><E30/><N who="2" m="11275" /><F132/><W54/><G15/><T106/><D106/><U38/><E115/><V74/><F74/><W105/><G105/><T133/><D40/><U107/><E38/><V96/><F8/><N who="0" m="3146" /><D126/><U123/><E107/><V39/><F39/><W33/><G77/><T122/><D122/><U2/><E2/><V67/><F67/><W112/><G72/><T51/><D24/><N who="3" m="9289" /><G33/><T36/><D36/><U10/><E73/><V47/><F128/><N who="3" m="49259" /><G112/><T103/><D134/><U46/><E123/><V111/><F47/><W75/><G75/><T5/><D133/><U76/><E46/><V61/><F61/><W78/><G78/><T84/><D5/><U7/><E7/><V23/><F23/><W28/><G28/><T66/><D66/><U124/><E64/><V100/><F100/><W79/><G79/><T82/><D59/><U85/><E124/><V56/><F56/><W20/><G20/><T4/><D4/><U26/><E70/><V65/><F65/><W131/><G131/><T102/><D95/><N who="1" m="56703" /><E57/><V135/><F135/><W13/><G13/><T45/><D58/><U80/><E26/><V22/><F22/><W34/><G34/><T90/><AGARI ba="0,0" hai="45,51,52,82,84,90,102,103" m="3146,53303" machi="90" ten="30,12000,1" yaku="8,1,52,3,54,1" doraHai="6" who="0" fromWho="0" sc="250,120,250,-40,250,-40,250,-40" /><INIT seed="0,1,0,1,0,46" ten="370,210,210,210" oya="0" hai0="9,26,75,80,81,83,100,96,86,15,71,108,124" hai1="17,29,113,59,34,32,16,22,14,104,93,105,94" hai2="47,43,40,92,131,84,27,98,117,69,5,57,64" hai3="111,48,130,115,118,20,38,99,54,134,116,8,42"/><T67/><D124/><U23/><E29/><V76/><F69/><W51/><G8/><T21/><D75/><U109/><E109/><V128/><F117/><N who="3" m="45163" /><G20/><T122/><D122/><U72/><E72/><V50/><F5/><W33/><G99/><T6/><D108/><U119/><E119/><V82/><F27/><W110/><G33/><T78/><D67/><U65/><E65/><V52/><F64/><W135/><G115/><T70/><D70/><U127/><E127/><V60/><REACH who="2" step="1"/><F40/><REACH who="2" ten="370,210,200,210" step="2"/><W85/><G130/><T41/><D41/><U36/><E113/><V129/><F129/><W58/><G38/><T95/><REACH who="0" step="1"/><D71/><REACH who="0" ten="360,210,200,210" step="2"/><U63/><E36/><V120/><F120/><W107/><G111/><T125/><D125/><U18/><E32/><V3/><F3/><W7/><G110/><T97/><D97/><U12/><E34/><V121/><F121/><W68/><G68/><T13/><D13/><U112/><E12/><V89/><AGARI ba="1,2" hai="43,47,50,52,57,60,76,82,84,89,92,98,128,131" machi="89" ten="30,8000,1" yaku="1,1,0,1,52,1,54,1,53,1" doraHai="46" doraHaiUra="90" who="2" fromWho="2" sc="360,-41,210,-21,200,103,210,-21" /><INIT seed="1,0,0,0,0,68" ten="319,189,303,189" oya="1" hai0="25,103,128,67,102,126,23,53,0,3,76,105,87" hai1="36,79,97,5,7,13,14,125,119,58,122,55,111" hai2="83,70,134,133,81,72,107,129,57,109,120,78,15" hai3="18,108,112,34,61,101,30,132,9,66,92,65,123"/><U75/><E119/><V52/><F120/><W8/><G123/><T47/><D126/><U24/><E122/><V127/><F70/><W11/><G112/><T71/><D128/><U51/><E125/><V2/><F127/><W86/><G108/><T110/><D110/><U35/><E111/><V99/><F109/><W21/><G132/><N who="2" m="50793" /><F2/><W28/><G34/><T37/><D67/><N who="3" m="25609" /><G61/><T43/><D71/><U32/><E36/><V45/><F129/><W124/><G124/><T40/><D40/><U17/><E75/><V41/><F15/><N who="1" m="5641" /><E32/><V1/><F1/><W69/><G69/><T56/><D105/><U117/><E35/><V12/><F12/><N who="3" m="9415" /><G86/><T33/><D33/><U31/><E117/><V98/><F83/><W104/><G104/><T73/><D73/><U19/><E97/><AGARI ba="0,0" hai="8,9,11,28,30,92,97,101" m="9415,25609" machi="97" ten="30,1000,0" yaku="8,1" doraHai="68" who="3" fromWho="1" sc="319,0,189,-10,303,0,189,10" /><INIT seed="2,0,0,1,0,3" ten="319,179,303,199" oya="2" hai0="106,76,6,100,70,133,134,63,71,88,105,97,93" hai1="10,132,1,103,23,118,113,95,38,67,40,91,114" hai2="127,109,115,107,12,8,46,53,86,33,79,101,121" hai3="2,110,41,30,122,18,55,61,50,104,99,36,78"/><V126/><F115/><W66/><G122/><T89/><D6/><U62/><E118/><V81/><F121/><W14/><G2/><T129/><D63/><U49/><E38/><V20/><F33/><W16/><G78/><T9/><D9/><U21/><E132/><N who="0" m="50793" /><D129/><U125/><E125/><N who="2" m="47627" /><F109/><W56/><G30/><T98/><D76/><U48/><E103/><V11/><F101/><W94/><G104/><N who="0" m="40043" /><D98/><U59/><E114/><V84/><F107/><W0/><G0/><T22/><D22/><U13/><E113/><V45/><F84/><W43/><G110/><T35/><D35/><U90/><E1/><V116/><F116/><W17/><G36/><T74/><D74/><U47/><E49/><N who="2" m="28847" /><F46/><N who="3" m="28119" /><G14/><T54/><D54/><U60/><E60/><V75/><F75/><W80/><G80/><T27/><D27/><U108/><E108/><V57/><F57/><W82/><G82/><T7/><D7/><N who="1" m="3295" /><E90/><AGARI ba="0,0" hai="16,17,18,41,43,56,61,66,90,94,99" m="28119" machi="90" ten="30,2000,0" yaku="8,1,54,1" doraHai="3" who="3" fromWho="1" sc="319,0,179,-20,303,0,199,20" /><AGARI ba="0,0" hai="70,71,88,89,90,93,97,100" m="40043,50793" machi="90" ten="30,2000,0" yaku="20,1,54,1" doraHai="3" who="0" fromWho="1" sc="319,20,159,-20,303,0,219,0" /><INIT seed="3,0,0,0,2,61" ten="339,139,303,219" oya="3" hai0="23,22,18,133,10,56,108,63,8,5,26,51,0" hai1="91,110,77,36,62,57,135,43,115,81,86,95,120" hai2="84,46,88,109,15,94,58,82,67,35,49,70,123" hai3="47,131,80,104,53,83,113,93,55,30,92,99,114"/><W7/><G7/><T21/><D108/><U112/><E110/><V98/><F109/><W20/><G104/><T126/><D126/><U65/><E135/><V33/><F70/><W66/><G20/><N who="0" m="13591" /><D0/><U134/><E134/><V28/><F123/><W107/><G107/><T116/><D133/><U97/><E120/><V105/><F105/><W24/><G47/><T73/><D73/><U39/><E36/><V100/><F28/><W79/><G99/><T32/><D32/><U102/><E39/><V69/><F69/><W50/><G50/><T111/><D111/><U74/><REACH who="1" step="1"/><E43/><REACH who="1" ten="339,129,303,219" step="2"/><V75/><F75/><W17/><G131/><T4/><D116/><U127/><E127/><V118/><F118/><W124/><G124/><T14/><D5/><U44/><E44/><V45/><F45/><W71/><G114/><T96/><D4/><U130/><E130/><V1/><F1/><W132/><G113/><T37/><D14/><U13/><E13/><V38/><F38/><W41/><G132/><T27/><D37/><U64/><E64/><V48/><F15/><W122/><G66/><T16/><D27/><U106/><AGARI ba="0,1" hai="57,62,65,74,77,81,86,91,95,97,102,106,112,115" machi="106" ten="20,12000,2" yaku="1,1,0,1,7,1,24,2,52,1,53,0" doraHai="61" doraHaiUra="68" who="1" fromWho="1" sc="339,-30,129,130,303,-30,219,-60" owari="309,40.9,259,-14.1,273,7.3,159,-34.1" /></mjloggm>