<mjloggm ver="2.3"><GO type="225" lobby="0"/><UN n0="%E5%91%A8%E6%9D%B1" n1="%E3%81%AF%E3%82%88%E3%81%8A%E3%81%98%E3%81%95%E3%82%93" n2="%E8%81%B7%E6%A5%AD%E3%80%81%E9%A2%A8%32" n3="%70%6F%69%73%6F%6E%30%32" dan="16,16,16,16" rate="2186.27,2190.29,2179.78,2096.32" sx="M,M,M,M"/><TAIKYOKU oya="0"/><INIT seed="0,0,0,2,1,117" ten="250,250,250,250" oya="0" hai0="93,20,130,36,56,119,120,131,15,40,106,54,6" hai1="103,60,80,76,86,82,77,24,108,112,63,72,48" hai2="44,75,84,85,42,25,100,32,64,23,104,55,38" hai3="31,71,3,12,34,16,107,113,27,110,96,78,97"/><T43/><D106/><U66/><E108/><V19/><F75/><W26/><G110/><T45/><D119/><U68/><E112/><V8/><F64/><W116/><G113/><T53/><D43/><U129/><E129/><N who="0" m="49161" /><D120/><U17/><E103/><V133/><F133/><W39/><G39/><T83/><D83/><U111/><E111/><V109/><F109/><W14/><G3/><T2/><D2/><U91/><E63/><V101/><F55/><W135/><G135/><T89/><D56/><U115/><E115/><V95/><F104/><W79/><G71/><T10/><D20/><U92/><E48/><N who="2" m="26647" /><F32/><W125/><G125/><T33/><D33/><U46/><E46/><V98/><F38/><W128/><G128/><T35/><D35/><U65/><E66/><V51/><F101/><W29/><G107/><T102/><D102/><U73/><E24/><V94/><F51/><W7/><G116/><T58/><D58/><U50/><E50/><V13/><F95/><W81/><G34/><T121/><D121/><U5/><E92/><V67/><F67/><W0/><G0/><T99/><AGARI ba="0,0" hai="6,10,15,36,40,45,53,54,89,93,99" m="49161" machi="99" ten="30,1500,0" yaku="19,1" doraHai="117" who="0" fromWho="0" sc="250,15,250,-5,250,-5,250,-5" /><INIT seed="0,1,0,2,3,128" ten="265,245,245,245" oya="0" hai0="32,134,113,132,35,19,8,43,11,109,64,23,78" hai1="108,17,133,29,85,9,63,50,1,112,124,86,119" hai2="20,120,55,104,111,110,18,135,65,131,68,10,52" hai3="129,87,14,12,59,24,0,56,102,7,28,41,74"/><T123/><D123/><U67/><E119/><V91/><F131/><W130/><G74/><T34/><D113/><U89/><E112/><V96/><F120/><W58/><G102/><T127/><D78/><U105/><E105/><V60/><F135/><N who="0" m="51754" /><D127/><U69/><E124/><V83/><F10/><W106/><G106/><T77/><D77/><U46/><E108/><N who="2" m="41515" /><F83/><W21/><G0/><T93/><D109/><U2/><E133/><V57/><F68/><W40/><G130/><T95/><D64/><U33/><E67/><V117/><F117/><W99/><G99/><T36/><D43/><N who="3" m="16457" /><G129/><T48/><D48/><U114/><E50/><V45/><F45/><W122/><G122/><T75/><D75/><U6/><E46/><V5/><F5/><W44/><G44/><T76/><D76/><U101/><E6/><V107/><F107/><W92/><G7/><T71/><D36/><U15/><E114/><V125/><F125/><W22/><G22/><T70/><D71/><U31/><E69/><V16/><F18/><W81/><G92/><N who="0" m="35403" /><D70/><U54/><E1/><V66/><F66/><W84/><G81/><T26/><AGARI ba="1,0" hai="8,11,19,23,26,32,34,35" m="35403,51754" machi="26" ten="40,12000,1" yaku="20,1,52,3" doraHai="128" who="0" fromWho="0" sc="265,123,245,-41,245,-41,245,-41" /><INIT seed="0,2,0,2,2,39" ten="388,204,204,204" oya="0" hai0="112,121,97,0,59,60,58,26,74,16,75,110,96" hai1="72,48,5,120,118,69,49,128,9,47,34,102,108" hai2="98,84,88,42,3,65,44,86,129,92,127,35,90" hai3="13,81,124,104,15,1,87,68,36,64,61,71,116"/><T37/><D121/><U43/><E120/><V119/><F35/><W95/><G116/><T32/><D112/><U66/><E118/><V62/><F119/><W19/><G104/><T89/><D0/><U14/><E72/><V53/><F3/><W4/><G36/><T94/><D37/><U18/><E34/><V30/><F129/><W46/><G71/><T130/><D130/><U82/><E128/><V114/><F114/><W41/><G124/><T99/><D110/><U111/><E102/><V31/><F127/><W23/><G95/><T122/><D122/><U107/><E107/><V7/><F7/><W73/><G73/><T29/><D59/><U85/><E49/><N who="2" m="26775" /><F98/><W125/><G125/><T20/><D75/><U25/><E66/><V106/><F106/><W76/><G1/><T21/><D32/><U109/><E69/><V27/><F27/><W11/><REACH who="3" step="1"/><G46/><REACH who="3" ten="388,204,204,194" step="2"/><T79/><D74/><U126/><E126/><V133/><F133/><W24/><G24/><N who="0" m="14343" /><D79/><N who="1" m="46303" /><E25/><V50/><F65/><AGARI ba="2,1" hai="21,26,29,58,60,65,89,94,96,97,99" m="14343" machi="65" ten="30,2900,0" yaku="8,1,54,1" doraHai="39" who="0" fromWho="2" sc="388,45,204,0,204,-35,194,0" /><INIT seed="0,3,0,1,2,93" ten="433,204,169,194" oya="0" hai0="31,82,47,115,7,105,26,135,12,13,96,23,118" hai1="129,101,70,2,95,40,99,66,65,39,43,62,78" hai2="77,1,52,3,55,86,127,24,80,22,98,53,10" hai3="18,48,113,112,71,60,107,79,84,104,33,125,58"/><T120/><D120/><U63/><E2/><V116/><F116/><W114/><G33/><T45/><D118/><U9/><E129/><V100/><F127/><W69/><G125/><T67/><D67/><U72/><E39/><V56/><F56/><W126/><G126/><T49/><D135/><U25/><E9/><V38/><F10/><W30/><G30/><T119/><D115/><U21/><E78/><V6/><F6/><W41/><G18/><T0/><D47/><U54/><E72/><V85/><F85/><W83/><G48/><T46/><D45/><U44/><E54/><V4/><F4/><W131/><G41/><T97/><D105/><U27/><E27/><V111/><F111/><W88/><G79/><T35/><D119/><U87/><E87/><V109/><F109/><W76/><G76/><T28/><D28/><U133/><E44/><V91/><F77/><W8/><G8/><T108/><D108/><U17/><E133/><V42/><F42/><W92/><G83/><T36/><D82/><U94/><E94/><V128/><F128/><W106/><REACH who="3" step="1"/><G131/><REACH who="3" ten="433,204,169,184" step="2"/><T29/><D31/><U19/><E17/><V122/><F38/><W124/><G124/><T132/><D36/><U59/><AGARI ba="3,1" hai="19,21,25,40,43,59,62,63,65,66,70,95,99,101" machi="59" ten="20,2700,0" yaku="0,1,7,1,52,1" doraHai="93" who="1" fromWho="1" sc="433,-16,204,46,169,-10,184,-10" /><INIT seed="1,0,0,4,4,75" ten="417,250,159,174" oya="1" hai0="33,110,91,76,101,63,22,67,36,48,69,131,114" hai1="65,79,97,132,115,1,81,96,68,45,41,47,113" hai2="123,62,108,134,135,18,120,60,50,11,39,53,105" hai3="92,78,127,86,71,94,52,28,102,129,51,24,122"/><U89/><E1/><V84/><F105/><W109/><G109/><T43/><D110/><U100/><E132/><N who="2" m="50731" /><F108/><W32/><G122/><N who="2" m="46633" /><F39/><W12/><G71/><T5/><D33/><U29/><E29/><V25/><F25/><W34/><G129/><T40/><D5/><U72/><E47/><N who="2" m="27871" /><F18/><W37/><G37/><T133/><D36/><N who="1" m="21671" /><E97/><V121/><N who="2" m="46641" /><V42/><DORA hai="16" /><F11/><W112/><G127/><T80/><D131/><U90/><E89/><V73/><F73/><W9/><G112/><T106/><D114/><U104/><E90/><V14/><F14/><W35/><G102/><T64/><D101/><U126/><E126/><V10/><F10/><W82/><G35/><T23/><D91/><U74/><E74/><V19/><F19/><W93/><G34/><T61/><D106/><U17/><E17/><V116/><F42/><W27/><G27/><T46/><D43/><U8/><E8/><V31/><F31/><W99/><G9/><T30/><D30/><U103/><E103/><V87/><F116/><W119/><G119/><T66/><D133/><U2/><E2/><V6/><F6/><W13/><REACH who="3" step="1"/><G99/><REACH who="3" ten="417,250,159,164" step="2"/><T54/><D69/><U88/><E100/><V98/><F98/><W21/><G21/><T107/><D22/><U125/><E125/><V49/><F49/><W117/><G117/><T55/><D23/><U44/><E104/><V0/><F0/><W130/><G130/><T3/><D107/><U7/><E113/><V20/><F20/><W77/><G77/><T38/><D3/><U85/><E115/><V59/><F62/><W111/><G111/><RYUUKYOKU ba="0,1" sc="417,-15,250,-15,159,15,164,15" hai2="59,60,84,87" hai3="12,13,24,28,32,51,52,78,82,86,92,93,94" /><INIT seed="2,1,1,1,2,79" ten="402,235,174,179" oya="2" hai0="111,63,11,27,26,130,41,104,103,16,8,40,53" hai1="113,57,50,34,4,117,70,36,6,45,67,5,47" hai2="128,132,56,88,38,12,14,10,99,72,0,17,24" hai3="135,105,15,107,74,55,39,71,75,18,32,115,93"/><V1/><F72/><W106/><G135/><T133/><D133/><U9/><E113/><V3/><F132/><W7/><G115/><T122/><D122/><U82/><E34/><V90/><F128/><W100/><G32/><T37/><D130/><U46/><E117/><V110/><F38/><W80/><G71/><T73/><D73/><U124/><E124/><V101/><F110/><W121/><G39/><T69/><D111/><U54/><E36/><V35/><F56/><W108/><G7/><T131/><D103/><U19/><E70/><V61/><F61/><W76/><G75/><T84/><D104/><U49/><E67/><V134/><F134/><W29/><G29/><T89/><D131/><U116/><E116/><V86/><F14/><W95/><G121/><T125/><D125/><U21/><E82/><V33/><F24/><W58/><G100/><T129/><D27/><N who="1" m="14783" /><E9/><V94/><REACH who="2" step="1"/><F90/><REACH who="2" ten="402,235,164,179" step="2"/><W114/><G108/><T96/><D89/><U91/><E91/><V123/><F123/><W118/><G118/><T65/><D129/><U87/><E87/><V22/><F22/><W68/><G68/><T2/><D84/><U119/><E119/><V20/><F20/><W98/><G114/><T28/><D37/><U112/><E112/><V31/><F31/><W83/><G74/><T51/><D63/><AGARI ba="1,2" hai="4,5,6,45,46,47,49,50,54,57,63" m="14783" machi="63" ten="30,1000,0" yaku="8,1" doraHai="79" who="1" fromWho="0" sc="402,-13,235,33,164,0,179,0" /><INIT seed="3,0,0,4,1,110" ten="389,268,164,179" oya="3" hai0="94,48,18,29,20,112,56,26,75,126,59,104,10" hai1="30,57,69,124,95,70,33,105,32,3,128,82,66" hai2="7,101,54,102,53,60,1,127,64,84,23,111,71" hai3="41,34,49,6,129,118,61,92,125,123,108,5,67"/><W121/><G34/><T44/><D104/><U52/><E105/><V24/><F111/><W42/><G118/><T79/><D126/><U88/><E3/><V62/><F127/><W12/><G125/><T87/><D75/><U8/><E124/><V74/><F74/><W11/><G108/><T106/><D106/><U14/><E82/><V83/><F7/><W103/><G129/><T47/><D112/><U58/><E58/><V2/><F1/><W38/><G38/><T98/><D47/><U40/><E40/><V65/><F2/><W73/><G73/><T55/><D87/><U109/><E128/><V119/><F119/><W90/><G103/><N who="0" m="60887" /><D79/><U107/><E107/><V86/><F86/><W4/><G123/><T27/><D27/><U39/><E39/><V134/><F134/><W51/><G121/><T85/><D85/><U17/><E66/><V131/><F101/><W15/><G42/><T45/><D45/><U93/><E93/><V0/><F102/><W122/><G122/><T130/><D130/><U81/><E81/><V16/><F0/><W116/><G116/><T46/><D46/><U19/><E19/><V133/><F133/><W37/><G37/><T99/><D99/><N who="1" m="57831" /><E30/><V120/><F120/><W22/><G41/><T68/><D68/><N who="1" m="26219" /><E109/><V13/><F131/><W35/><G35/><T50/><D50/><N who="3" m="18953" /><G61/><T9/><D29/><U63/><E32/><V25/><F65/><W113/><G67/><T135/><D135/><U36/><E33/><V28/><F62/><W72/><G72/><T21/><D21/><U91/><E36/><V89/><F28/><RYUUKYOKU ba="0,0" sc="389,10,268,10,164,10,179,-30" hai0="9,10,18,20,26,44,48,55,56,59" hai1="8,14,17,52,57,63,91" hai2="13,16,23,24,25,53,54,60,64,71,83,84,89" owari="399,49.9,278,7.8,174,-22.6,149,-35.1" /></mjloggm>