<mjloggm ver="2.3"><GO type="225" lobby="0"/><UN n0="%E3%81%BF%E3%81%BF%E3%81%9A" n1="%E3%83%96%E3%83%83%E3%83%91%E3%82%AA%E3%83%96%E3%83%81%E3%82%AD%E3%83%B3" n2="%72%65%6E%6B%75%6E" n3="%E7%9A%AE%E3%80%85" dan="17,16,17,16" rate="2226.03,2152.75,2199.20,2191.05" sx="M,M,M,F"/><TAIKYOKU oya="0"/><INIT seed="0,0,0,0,2,134" ten="250,250,250,250" oya="0" hai0="37,42,81,57,93,127,11,65,23,110,21,33,7" hai1="77,114,22,20,47,73,44,43,99,90,2,108,38" hai2="59,40,115,117,30,105,18,75,28,69,31,128,14" hai3="88,25,36,32,58,5,46,95,10,62,124,104,39"/><T86/><D33/><U102/><E108/><V61/><F75/><W71/><G104/><T119/><D119/><U91/><E114/><V83/><F115/><W24/><G71/><T53/><D110/><U63/><E47/><V96/><F69/><W121/><G121/><T84/><D127/><U27/><E20/><V1/><F1/><W50/><G124/><T29/><D65/><U54/><E2/><V122/><F122/><W101/><G101/><T4/><D29/><U13/><E13/><V0/><F0/><W3/><G32/><T80/><D42/><U15/><E15/><V126/><F40/><W67/><G39/><T98/><D37/><U19/><E73/><V92/><F105/><W64/><G64/><T52/><D93/><U133/><E77/><V70/><F83/><W72/><G72/><T125/><D125/><U48/><E133/><V12/><F70/><W60/><G60/><T103/><D57/><N who="1" m="35255" /><E38/><V107/><F107/><W45/><G45/><T41/><D103/><U26/><E27/><V120/><F117/><W100/><G100/><T112/><D41/><U111/><E111/><V131/><F120/><W89/><G89/><N who="1" m="33802" /><E102/><N who="2" m="60679" /><F126/><W109/><G36/><T85/><D85/><U68/><E68/><V49/><F14/><N who="3" m="5455" /><G109/><T78/><D112/><U76/><E76/><V66/><F49/><W74/><G3/><T94/><D78/><U17/><E99/><V56/><F56/><W8/><G74/><T97/><D94/><U87/><E87/><V6/><F6/><W116/><G116/><T130/><D11/><U135/><E135/><V34/><F34/><RYUUKYOKU ba="0,0" sc="250,10,250,10,250,10,250,-30" hai0="4,7,21,23,52,53,80,81,84,86,97,98,130" hai1="17,19,22,26,43,44,48" hai2="12,18,28,30,31,59,61,66,128,131" /><INIT seed="0,1,0,5,5,13" ten="260,260,260,220" oya="0" hai0="88,97,131,39,119,93,56,10,124,89,114,110,125" hai1="21,11,106,30,129,68,28,111,17,116,113,23,105" hai2="42,53,33,35,60,103,70,66,67,132,6,22,7" hai3="94,18,99,80,115,77,52,69,57,40,130,75,27"/><T122/><D39/><U134/><E116/><V102/><F132/><W24/><G115/><T59/><D114/><U32/><E113/><V79/><F79/><W63/><G130/><T48/><D119/><U78/><E134/><V92/><F42/><W121/><G121/><T41/><D122/><U135/><E135/><V29/><F22/><W9/><G40/><T5/><D110/><U38/><E38/><V36/><F36/><W58/><G69/><T50/><D131/><U64/><E129/><V25/><F35/><W12/><REACH who="3" step="1"/><G58/><REACH who="3" ten="260,260,260,210" step="2"/><T19/><D41/><U100/><E68/><V133/><F133/><W37/><G37/><T20/><D56/><U54/><E111/><V81/><F70/><W96/><G96/><T120/><D120/><U15/><E106/><V107/><F107/><W73/><G73/><T43/><D43/><U126/><E105/><V74/><F74/><W4/><G4/><T44/><D59/><U95/><E32/><V1/><F6/><W8/><G8/><T16/><D44/><U46/><E11/><V98/><F7/><W85/><G85/><T47/><D47/><U123/><E46/><V49/><F98/><W83/><G83/><T51/><D5/><U0/><E123/><V127/><F81/><W128/><G128/><T61/><D10/><U91/><E0/><V62/><F1/><W108/><G108/><T112/><D112/><U86/><E86/><V90/><F33/><W71/><G71/><T76/><D97/><U65/><E23/><V82/><F82/><W72/><G72/><T84/><D84/><N who="1" m="52711" /><E21/><V101/><F127/><RYUUKYOKU ba="1,1" sc="260,-10,260,-10,260,-10,210,30" hai3="9,12,18,24,27,52,57,63,75,77,80,94,99" /><INIT seed="1,2,1,3,4,46" ten="250,250,250,240" oya="1" hai0="51,78,92,86,116,65,67,79,87,119,10,126,115" hai1="117,106,45,95,135,62,85,57,127,9,17,3,59" hai2="15,39,11,118,70,6,68,66,28,90,58,20,109" hai3="29,77,80,2,41,5,114,91,49,30,88,27,75"/><U13/><E117/><V44/><F118/><W125/><G114/><T40/><D115/><U124/><E106/><V98/><F109/><W104/><G104/><T110/><D110/><U100/><E135/><V132/><F132/><W48/><G125/><N who="1" m="48202" /><E3/><V71/><F58/><W22/><G30/><T134/><D126/><U16/><E45/><V35/><F35/><W60/><G60/><T4/><D134/><U1/><E1/><V24/><F66/><W102/><G102/><T50/><D92/><U32/><E32/><V53/><F90/><W76/><G76/><T74/><D10/><U19/><E85/><V93/><F53/><W97/><G41/><T131/><D40/><U101/><E59/><V72/><F72/><W26/><G26/><T82/><D74/><U56/><E57/><V18/><F44/><W133/><G133/><T113/><D131/><U120/><E120/><V121/><F39/><W63/><G63/><T73/><D73/><U61/><E61/><V108/><F121/><W123/><G123/><T52/><D113/><U99/><E100/><V34/><F108/><W47/><G47/><T42/><D42/><U7/><E7/><V23/><F6/><W83/><G83/><T112/><D4/><U0/><E0/><V84/><F84/><W111/><G111/><T103/><D112/><U107/><E107/><V25/><F71/><W31/><G31/><T89/><D103/><U130/><E130/><V54/><F70/><W33/><G33/><T69/><D69/><U64/><AGARI ba="2,1" hai="9,13,16,17,19,56,62,64,95,99,101" m="48202" machi="64" ten="30,3000,0" yaku="18,1,54,1" doraHai="46" who="1" fromWho="1" sc="250,-12,250,46,250,-12,240,-12" /><INIT seed="1,3,0,1,2,48" ten="238,296,238,228" oya="1" hai0="50,8,91,135,41,109,29,105,6,57,62,112,5" hai1="83,59,22,0,25,97,119,14,21,35,26,110,111" hai2="27,77,23,31,96,32,114,107,24,33,66,78,120" hai3="132,103,104,124,98,131,44,126,93,34,10,121,18"/><U15/><E35/><V64/><F120/><W55/><G121/><T100/><D112/><U38/><E38/><V74/><F114/><W130/><G34/><T92/><D109/><N who="1" m="41483" /><E83/><V127/><F127/><N who="3" m="48683" /><G104/><T113/><D113/><U116/><E0/><V28/><F23/><N who="1" m="8713" /><E97/><V46/><F46/><W47/><G132/><T102/><D135/><U56/><E56/><V39/><F39/><W54/><G10/><T118/><D29/><U65/><E59/><V9/><F9/><W106/><G18/><T117/><D118/><N who="1" m="45099" /><E65/><V60/><F74/><W85/><G44/><N who="0" m="25871" /><D105/><U2/><E2/><V45/><F45/><W95/><G47/><T7/><D117/><U81/><E81/><V73/><F73/><W17/><G17/><T79/><D79/><U84/><E84/><V16/><F16/><W134/><G134/><T13/><D5/><U68/><E68/><N who="2" m="41991" /><F66/><W87/><G87/><N who="0" m="52351" /><D6/><U49/><E49/><V4/><F4/><W99/><G85/><T70/><D70/><U89/><E89/><V19/><F19/><W72/><G72/><T43/><D102/><AGARI ba="3,0" hai="24,27,28,31,32,33,77,78,96,102,107" m="41991" machi="102" ten="30,1000,0" yaku="25,1" doraHai="48" who="2" fromWho="0" sc="238,-19,296,0,238,19,228,0" /><INIT seed="2,0,0,0,3,119" ten="219,296,257,228" oya="2" hai0="46,125,109,1,68,55,118,16,38,61,20,96,123" hai1="132,30,85,100,47,22,60,104,28,19,58,63,52" hai2="54,70,95,49,35,12,62,101,31,8,99,66,59" hai3="37,73,17,26,65,88,108,36,24,0,126,32,112"/><V110/><F110/><W83/><G0/><T29/><D109/><U43/><E132/><V114/><F114/><W75/><G108/><T67/><D1/><U124/><E124/><V2/><F2/><W4/><G4/><T84/><D125/><U98/><E85/><V121/><F31/><W81/><G126/><T6/><D6/><U134/><E134/><V71/><F35/><W39/><G65/><T103/><D118/><U69/><E63/><V50/><F50/><W120/><G112/><T92/><D29/><U117/><E69/><V5/><REACH who="2" step="1"/><F121/><REACH who="2" ten="219,296,247,228" step="2"/><W131/><G120/><T42/><D123/><U77/><E117/><V115/><F115/><W23/><G131/><T127/><D127/><U18/><E77/><V80/><F80/><W133/><G133/><T27/><D55/><U107/><E107/><V82/><F82/><W33/><G83/><T135/><D135/><U128/><E128/><V106/><F106/><W102/><G32/><T94/><D84/><U53/><E53/><V86/><F86/><W9/><G33/><T56/><REACH who="0" step="1"/><D92/><REACH who="0" ten="209,296,247,228" step="2"/><U57/><E30/><V130/><F130/><W78/><G75/><T113/><D113/><U45/><E28/><V105/><F105/><W93/><G73/><T116/><D116/><U129/><E129/><V79/><F79/><W13/><G78/><T41/><D41/><U48/><E43/><V25/><F25/><W7/><G26/><T64/><D64/><U11/><E104/><V51/><F51/><W3/><G24/><T90/><D90/><U40/><E48/><V34/><F34/><W91/><G81/><RYUUKYOKU ba="0,2" sc="209,10,296,-30,247,10,228,10" hai0="16,20,27,38,42,46,56,61,67,68,94,96,103" hai2="5,8,12,49,54,59,62,66,70,71,95,99,101" hai3="3,7,9,13,17,23,36,37,39,88,91,93,102" /><INIT seed="2,1,2,1,1,129" ten="219,266,257,238" oya="2" hai0="126,46,84,93,75,92,11,70,67,115,77,80,98" hai1="21,104,49,63,96,59,108,72,15,114,60,95,13" hai2="28,133,69,131,110,121,19,50,125,100,103,76,88" hai3="52,66,97,43,0,39,124,22,130,99,123,51,62"/><V3/><F69/><W89/><G123/><T58/><D115/><U132/><E114/><V36/><F3/><W4/><G130/><T6/><D126/><U68/><E72/><V122/><F36/><W34/><G34/><T111/><D111/><U61/><E108/><V91/><F28/><W109/><G109/><T53/><D70/><U112/><E112/><V71/><F71/><N who="3" m="42455" /><G124/><T83/><D67/><U8/><E104/><V30/><F30/><W64/><G64/><T74/><D46/><U33/><E33/><V9/><F110/><W106/><G106/><T45/><D45/><U90/><E68/><V107/><F107/><W26/><G89/><N who="2" m="34377" /><F76/><W42/><G4/><T118/><D118/><U81/><E81/><V35/><F35/><W27/><G42/><T31/><D31/><U48/><E59/><V2/><F2/><W105/><G0/><T101/><D92/><U25/><E132/><V78/><F78/><W55/><G105/><T44/><D44/><U116/><E116/><V29/><F133/><W12/><G39/><T134/><D80/><U127/><E127/><V18/><F125/><W37/><G37/><T54/><D134/><U14/><REACH who="1" step="1"/><E8/><REACH who="1" ten="219,256,257,238" step="2"/><V1/><F131/><W23/><G23/><T135/><D135/><U94/><E94/><V120/><F9/><W5/><G22/><T57/><D58/><U47/><E47/><V128/><F128/><W10/><G43/><T7/><D54/><N who="3" m="20521" /><G51/><N who="0" m="30911" /><D11/><U87/><E87/><V113/><F121/><W20/><G20/><T119/><D119/><U82/><E82/><V102/><F122/><W73/><G73/><AGARI ba="1,3" hai="6,7,73,74,75,77,83,84,93,98,101" m="30911" machi="73" ten="30,1000,0" yaku="6,1" doraHai="129" who="0" fromWho="3" sc="219,43,256,0,257,0,238,-13" /><INIT seed="3,0,0,0,5,38" ten="262,256,257,225" oya="3" hai0="85,50,101,93,88,13,26,10,84,57,114,124,89" hai1="52,86,115,134,133,68,11,41,17,66,102,110,79" hai2="33,125,46,47,74,119,37,19,16,81,100,90,108" hai3="99,39,54,23,32,14,59,132,83,0,122,22,67"/><W106/><G32/><T94/><D124/><U97/><E115/><V2/><F33/><W80/><G0/><T103/><D114/><U58/><E110/><V112/><F112/><W127/><G122/><T109/><D109/><U60/><E79/><N who="2" m="44279" /><F119/><W105/><G127/><T131/><D131/><U98/><E86/><V77/><F100/><W4/><G39/><T49/><D26/><U29/><E29/><V61/><F47/><W65/><G132/><N who="1" m="50794" /><E102/><N who="0" m="38921" /><D57/><U118/><E118/><V18/><F90/><W27/><G99/><N who="1" m="37898" /><E11/><V91/><F91/><W130/><G130/><T8/><D8/><U34/><E17/><AGARI ba="0,0" hai="10,13,17,49,50,84,85,88,89,93,94" m="38921" machi="17" ten="30,2000,0" yaku="8,1,54,1" doraHai="38" who="0" fromWho="1" sc="262,20,256,-20,257,0,225,0" /><INIT seed="4,0,0,2,4,108" ten="282,236,257,225" oya="0" hai0="109,89,83,47,49,12,114,16,71,123,32,103,127" hai1="48,35,43,10,21,126,85,115,65,34,72,100,1" hai2="8,45,120,134,63,11,60,90,42,30,78,121,59" hai3="111,55,117,135,29,40,119,62,104,94,68,57,39"/><T54/><D123/><U51/><E72/><V6/><F134/><W76/><G111/><T27/><D71/><U24/><E65/><V26/><F78/><W99/><G104/><T124/><D103/><U91/><E100/><V53/><F60/><W122/><G76/><T18/><D114/><U25/><E126/><N who="0" m="48169" /><D109/><U92/><E115/><V69/><F69/><W106/><G106/><T36/><D36/><U101/><E101/><V38/><F90/><W7/><G122/><T131/><D131/><U77/><E77/><V132/><F11/><W31/><G135/><T88/><D83/><U0/><E25/><V125/><F132/><W67/><G7/><T17/><D12/><U66/><E1/><V13/><REACH who="2" step="1"/><F125/><REACH who="2" ten="282,236,247,225" step="2"/><W110/><G110/><T93/><D89/><U23/><E91/><V64/><F64/><W80/><G68/><T84/><D32/><AGARI ba="0,1" hai="6,8,13,26,30,32,38,42,45,53,59,63,120,121" machi="32" ten="30,2000,0" yaku="1,1,7,1,53,0" doraHai="108" doraHaiUra="95" who="2" fromWho="0" sc="282,-20,236,0,247,30,225,0" /><INIT seed="5,0,0,3,0,36" ten="262,236,277,225" oya="1" hai0="67,37,26,72,111,16,3,82,121,9,48,81,103" hai1="105,75,113,27,5,98,49,61,15,8,127,12,88" hai2="84,107,53,60,14,90,93,123,100,128,102,59,50" hai3="65,69,133,51,122,129,33,23,55,30,104,63,87"/><U115/><E75/><V24/><F128/><W31/><G122/><T54/><D37/><U10/><E127/><V58/><F123/><W118/><G129/><T20/><D121/><U97/><E27/><V134/><F134/><W125/><G104/><T45/><D111/><U101/><E61/><V119/><F119/><W25/><G125/><T6/><D72/><U56/><E56/><V132/><F132/><W76/><G118/><T66/><D103/><U108/><E108/><V11/><F24/><W85/><G76/><T80/><AGARI ba="0,0" hai="3,6,9,16,20,26,45,48,54,66,67,80,81,82" machi="80" ten="30,2000,0" yaku="0,1,54,1" doraHai="36" who="0" fromWho="0" sc="262,20,236,-10,277,-5,225,-5" /><INIT seed="6,0,0,4,4,67" ten="282,226,272,220" oya="2" hai0="103,56,49,92,99,15,60,0,106,91,51,128,89" hai1="35,109,44,71,74,22,87,18,42,66,82,20,17" hai2="64,13,110,94,65,63,4,53,19,96,29,79,39" hai3="9,47,104,62,33,46,81,123,130,78,69,112,133"/><V6/><F39/><W117/><G117/><T88/><D0/><U75/><E35/><V121/><F121/><W124/><G123/><T107/><D128/><U43/><E109/><V86/><F29/><W24/><G130/><T11/><D107/><U90/><E66/><N who="2" m="25707" /><F110/><W116/><G116/><T14/><D106/><U119/><E119/><V127/><F127/><W7/><G104/><T129/><D129/><U68/><E44/><V70/><F70/><W111/><G111/><T52/><D14/><U80/><E90/><N who="2" m="55383" /><F86/><AGARI ba="0,0" hai="17,18,20,22,42,43,68,71,74,75,80,82,86,87" machi="86" ten="25,6400,0" yaku="22,2,52,2" doraHai="67" who="1" fromWho="2" sc="282,0,226,64,272,-64,220,0" /><INIT seed="7,0,0,3,5,24" ten="282,290,208,220" oya="3" hai0="81,55,130,32,39,103,12,35,42,97,114,93,2" hai1="77,82,134,73,72,70,121,33,20,45,129,133,83" hai2="58,26,23,9,29,57,4,94,5,88,107,7,119" hai3="50,54,91,86,62,15,66,74,75,96,1,112,34"/><W60/><G1/><T99/><D2/><U65/><E121/><V46/><F107/><W56/><G112/><T13/><D55/><U78/><E33/><V30/><F119/><W102/><G34/><T113/><D130/><U61/><E129/><V40/><F9/><W79/><G79/><T22/><D81/><U3/><E3/><V10/><F10/><W115/><G115/><N who="0" m="44043" /><D99/><U53/><E20/><V104/><F104/><W120/><G120/><T135/><D135/><U109/><E109/><V131/><F131/><W44/><G15/><N who="0" m="5707" /><D22/><U41/><E53/><V100/><F100/><W95/><G62/><T87/><D87/><U132/><E132/><V122/><F122/><W27/><G27/><T63/><D63/><U21/><E21/><V108/><F108/><W128/><G128/><T11/><D11/><U92/><E92/><AGARI ba="0,0" hai="44,50,54,56,60,66,74,75,86,91,92,95,96,102" machi="92" ten="30,1500,0" yaku="7,1" doraHai="24" who="3" fromWho="1" sc="282,0,290,-15,208,0,220,15" /><INIT seed="7,1,0,5,3,45" ten="282,275,208,235" oya="3" hai0="29,11,43,6,36,86,115,78,21,122,72,34,101" hai1="35,88,120,119,96,9,108,39,134,124,126,64,20" hai2="102,57,28,127,65,44,53,114,47,135,105,125,128" hai3="87,30,70,97,66,110,60,123,69,32,18,99,38"/><W62/><G123/><T73/><D122/><U5/><E120/><V80/><F28/><W79/><G38/><T15/><D101/><U76/><E108/><V12/><F102/><W118/><G118/><T61/><D115/><U131/><E35/><V81/><F105/><W49/><G110/><T55/><D34/><U67/><E131/><V83/><F114/><W23/><G30/><T94/><D43/><U95/><E134/><V121/><F121/><W33/><G33/><T68/><D36/><U4/><E119/><V16/><F65/><W7/><G7/><T2/><D68/><U14/><E39/><V112/><F112/><W24/><G32/><T50/><D61/><U40/><E40/><V71/><F71/><W100/><G100/><T51/><D51/><U10/><E20/><N who="2" m="11271" /><F135/><W52/><G62/><T132/><D132/><U98/><E76/><V37/><F37/><W116/><G70/><T82/><D94/><U27/><E27/><V75/><F75/><W107/><G107/><T54/><D29/><U117/><E117/><V129/><F44/><N who="3" m="27687" /><G116/><T41/><D73/><U103/><E67/><V17/><F17/><W90/><G79/><T46/><D72/><U104/><E64/><V133/><F47/><W42/><G42/><T58/><D58/><U92/><REACH who="1" step="1"/><E104/><REACH who="1" ten="282,265,208,235" step="2"/><V77/><F77/><W106/><G106/><T109/><D109/><U56/><E56/><V111/><F111/><W19/><G19/><N who="0" m="10495" /><D41/><U8/><E8/><V0/><F133/><W25/><G25/><T130/><D130/><N who="2" m="50282" /><F0/><AGARI ba="1,1" hai="0,4,5,9,10,14,88,92,95,96,98,103,124,126" machi="0" ten="40,8000,1" yaku="1,1,54,1,53,2" doraHai="45" doraHaiUra="89" who="1" fromWho="2" sc="282,0,265,93,208,-83,235,0" owari="282,8.2,358,45.8,125,-37.5,235,-16.5" /></mjloggm>