<mjloggm ver="2.3"><GO type="225" lobby="0"/><UN n0="%E7%99%BD%E5%80%89%E5%AF%9B%E4%B9%8B" n1="%E6%98%BC%E4%B8%8B%E3%81%8C%E3%82%8A%E3%81%AE%E5%9B%A3%E5%9C%B0%E5%A6%BB" n2="%E6%A1%9C%E8%8A%B1%E9%96%83%E3%80%85" n3="%70%68%65%6E%6F%6D%65" dan="16,16,16,16" rate="2183.08,2156.86,2200.17,2174.73" sx="M,F,M,M"/><TAIKYOKU oya="0"/><INIT seed="0,0,0,4,2,115" ten="250,250,250,250" oya="0" hai0="126,127,81,28,14,53,16,125,24,40,73,19,12" hai1="77,76,95,97,105,44,64,86,130,89,71,74,104" hai2="114,23,11,10,22,100,9,90,21,134,1,38,36" hai3="113,75,84,62,50,4,2,123,39,30,43,91,35"/><T58/><D40/><U111/><E111/><V26/><F114/><W29/><G75/><T88/><D73/><U18/><E130/><V33/><F100/><W101/><G113/><T122/><D122/><U66/><E74/><V108/><F90/><W128/><G39/><T49/><D14/><U56/><E71/><V121/><F38/><W31/><G128/><T92/><D81/><U6/><E6/><V119/><F36/><W8/><G101/><T52/><D53/><U80/><E76/><V17/><F121/><W7/><G7/><T0/><D12/><U79/><E79/><V42/><F42/><W107/><G107/><T135/><D0/><U82/><E82/><V27/><F134/><W124/><G62/><T132/><D132/><U48/><E64/><V63/><F63/><W54/><G124/><T37/><D37/><U34/><E56/><V112/><F108/><W25/><G43/><T51/><D51/><U65/><E65/><V20/><F112/><W41/><G41/><T47/><D58/><U13/><E66/><V102/><F102/><W60/><G60/><T110/><D110/><U68/><E68/><V83/><F83/><W133/><G123/><T117/><D135/><U129/><E48/><V57/><F57/><N who="3" m="32983" /><G133/><T93/><D117/><U94/><E77/><V87/><F119/><W59/><G59/><T70/><D70/><U67/><E67/><V72/><F72/><W109/><G109/><T46/><D46/><U32/><E44/><V103/><F1/><W120/><G120/><T116/><D127/><U98/><E105/><V78/><F27/><RYUUKYOKU ba="0,0" sc="250,-10,250,-10,250,-10,250,30" hai3="2,4,8,25,29,30,31,35,84,91" /><INIT seed="1,1,0,2,5,97" ten="240,240,240,280" oya="1" hai0="104,8,99,101,64,69,67,122,112,31,77,18,66" hai1="12,16,76,33,61,59,48,75,96,30,89,115,54" hai2="87,34,23,35,9,57,127,17,135,79,55,63,44" hai3="93,105,14,133,94,52,121,58,81,22,95,123,49"/><U51/><E115/><V126/><F135/><W116/><G133/><T39/><D39/><U71/><E75/><V70/><F70/><W6/><G116/><T109/><D112/><U83/><E71/><V118/><F118/><W28/><G105/><T113/><D113/><U120/><E120/><V130/><F130/><W131/><G131/><T125/><D122/><U11/><E76/><V60/><F9/><W43/><G43/><T0/><D109/><U62/><E51/><V114/><F44/><W134/><G134/><T13/><D125/><N who="2" m="47626" /><F63/><W65/><G65/><T100/><D0/><U7/><E7/><V68/><F68/><W42/><G42/><T38/><D38/><U15/><E15/><N who="2" m="9663" /><F114/><W2/><G2/><T129/><D129/><U25/><REACH who="1" step="1"/><E83/><AGARI ba="1,0" hai="34,35,55,57,60,79,83,87" m="9663,47626" machi="83" ten="30,1000,0" yaku="18,1" doraHai="97" who="2" fromWho="1" sc="240,0,240,-13,240,13,280,0" /><INIT seed="2,0,0,0,1,134" ten="240,227,253,280" oya="2" hai0="24,97,39,65,30,49,21,129,122,124,132,41,53" hai1="101,69,89,38,54,117,6,33,82,46,28,45,31" hai2="133,43,104,118,112,20,11,74,68,19,108,37,95" hai3="42,103,51,60,25,70,18,119,40,85,113,63,14"/><V13/><F104/><W52/><G119/><T2/><D2/><U8/><E117/><V34/><F118/><W16/><G113/><T1/><D1/><U125/><E69/><V110/><F112/><W92/><G25/><T102/><D132/><U15/><E101/><V72/><F133/><W93/><G70/><T59/><D122/><U75/><E33/><V123/><F34/><W126/><G126/><T115/><D115/><U4/><E4/><V3/><F68/><W107/><G107/><T98/><D129/><U56/><E125/><V105/><F105/><W128/><G128/><T10/><D10/><U130/><E130/><V90/><F123/><W58/><G93/><T71/><D102/><U67/><E67/><V66/><F66/><W50/><G18/><T77/><D77/><U17/><E6/><N who="2" m="1503" /><F43/><N who="3" m="16427" /><G50/><T100/><D100/><U44/><E38/><V26/><F26/><W96/><G85/><T64/><D64/><U127/><E127/><V116/><F37/><W61/><G51/><T135/><D135/><U23/><E8/><AGARI ba="0,0" hai="8,14,16,52,58,60,61,63,92,96,103" m="16427" machi="8" ten="30,3900,0" yaku="8,1,54,2" doraHai="134" who="3" fromWho="1" sc="240,0,227,-39,253,0,280,39" /><INIT seed="3,0,0,4,0,62" ten="240,188,253,319" oya="3" hai0="111,12,48,81,101,38,56,113,84,90,0,13,50" hai1="40,43,49,86,110,116,25,125,124,112,68,126,8" hai2="15,6,75,129,131,20,72,104,22,77,51,58,31" hai3="120,74,94,55,65,83,109,73,130,30,33,23,9"/><W98/><G120/><T127/><D38/><U135/><E112/><V42/><F104/><W46/><G33/><T39/><D39/><U99/><E110/><V133/><F133/><W97/><G109/><T89/><D0/><U119/><E135/><V96/><F96/><W132/><G65/><T108/><D113/><U100/><E68/><V63/><F51/><W2/><G97/><T16/><D127/><U61/><E86/><V47/><F47/><W5/><G83/><T70/><D70/><U117/><E61/><V82/><F42/><W45/><G130/><N who="2" m="49673" /><F31/><W4/><G30/><T60/><D101/><U95/><E49/><N who="0" m="19049" /><D108/><U123/><E123/><V80/><F6/><W107/><G5/><T18/><D111/><U122/><E122/><V85/><F15/><N who="0" m="5706" /><D90/><U34/><E8/><V35/><F35/><W88/><G107/><T36/><D36/><U92/><E95/><V69/><F69/><W91/><G91/><T21/><D21/><N who="2" m="8298" /><F82/><W57/><G132/><T24/><D24/><U79/><E79/><V14/><F14/><W32/><G32/><T102/><D102/><U1/><E1/><V103/><F103/><W54/><G46/><T10/><D10/><U128/><E128/><V41/><F41/><W115/><G23/><T19/><D19/><U134/><E134/><V27/><F27/><W52/><G45/><T87/><D87/><U26/><E34/><V7/><F7/><W106/><G115/><T3/><D3/><U121/><E121/><V59/><F59/><W105/><G57/><T71/><D71/><U53/><E25/><V67/><AGARI ba="0,0" hai="58,63,67,72,75,77,80,85" m="8298,49673" machi="67" ten="30,4000,0" yaku="5,1,19,1,52,1" doraHai="62" who="2" fromWho="2" sc="240,-10,188,-10,253,40,319,-20" /><INIT seed="4,0,0,4,5,41" ten="230,178,293,299" oya="0" hai0="90,25,50,77,93,44,38,75,66,133,40,6,119" hai1="17,89,58,21,10,86,19,8,30,59,52,82,34" hai2="80,72,24,12,110,113,97,9,53,106,116,33,74" hai3="130,22,62,126,27,99,54,2,79,115,64,5,47"/><T73/><D119/><U16/><E34/><V35/><F110/><W84/><G115/><T14/><D133/><U13/><E59/><V109/><F109/><W112/><G112/><T127/><D127/><U132/><E132/><V92/><F113/><W100/><G126/><T3/><D66/><U45/><E45/><V46/><F106/><W7/><G2/><T123/><D123/><U85/><E86/><V117/><F46/><W63/><G130/><T94/><D75/><U121/><E121/><V11/><F53/><W31/><G79/><T78/><D73/><U68/><E68/><V49/><F49/><N who="3" m="28991" /><G84/><N who="0" m="52423" /><D38/><U65/><E65/><V102/><F74/><W125/><G125/><T129/><D3/><U20/><E30/><N who="2" m="19655" /><F12/><W107/><G107/><T134/><D129/><U105/><E105/><V118/><F35/><W56/><G63/><T104/><D104/><U32/><E32/><V103/><F103/><W28/><G28/><T37/><D37/><U61/><REACH who="1" step="1"/><E10/><REACH who="1" ten="230,168,293,299" step="2"/><V101/><F9/><W57/><G56/><T23/><D134/><U122/><E122/><V108/><F11/><W26/><G31/><N who="0" m="17855" /><D94/><U95/><E95/><N who="2" m="58559" /><F108/><W67/><G64/><T87/><D87/><U15/><E15/><V69/><F69/><W48/><G67/><T42/><D42/><U29/><E29/><V135/><F135/><W120/><G120/><T36/><D36/><U76/><E76/><N who="0" m="29289" /><D14/><U43/><E43/><V83/><F72/><W1/><G27/><T124/><D124/><U131/><E131/><V96/><AGARI ba="0,1" hai="80,83,92,96,102,116,117,118" m="58559,19655" machi="96" ten="40,1500,0" yaku="12,1" doraHai="41" who="2" fromWho="2" sc="230,-7,168,-4,293,25,299,-4" owari="223,-17.7,164,-33.6,318,41.8,295,9.5" /></mjloggm>