<mjloggm ver="2.3"><GO type="225" lobby="0"/><UN n0="%E3%82%8F%E3%81%8B%E3%81%B0%2A%E3%82%AC%E3%83%BC%E3%83%AB" n1="%E8%A8%88%E7%AE%97%E6%A9%9F%E8%87%AA%E7%84%B6" n2="%E6%98%93%E5%88%A9%E8%96%A9%E4%BC%AF" n3="%E3%81%A4%E3%81%A3%E3%81%B1%E3%82%8A%E3%83%9D%E3%83%BC%E3%83%AB" dan="16,17,16,17" rate="2162.70,2172.43,2113.49,2254.93" sx="M,M,F,M"/><TAIKYOKU oya="0"/><INIT seed="0,0,0,3,1,58" ten="250,250,250,250" oya="0" hai0="41,51,39,132,5,117,99,7,93,124,120,62,65" hai1="123,135,30,122,63,28,68,8,64,53,23,87,71" hai2="42,100,56,59,47,67,126,14,73,6,12,133,72" hai3="131,43,40,9,111,92,3,50,26,49,108,134,15"/><T109/><D117/><U104/><E104/><V81/><F133/><W88/><G3/><T84/><D120/><U101/><E101/><V82/><F126/><W116/><G116/><T105/><D39/><U129/><E135/><V31/><F100/><W34/><G134/><T107/><D132/><U85/><E53/><V60/><F31/><N who="3" m="19831" /><G131/><T90/><D124/><U13/><E129/><V130/><F130/><W37/><G37/><T2/><D2/><U17/><E68/><V11/><F12/><W115/><G115/><T10/><D109/><N who="3" m="42057" /><G43/><T0/><D5/><U97/><E97/><V103/><F103/><W125/><G40/><T16/><D99/><U45/><E45/><V22/><F22/><W128/><G128/><T46/><REACH who="0" step="1"/><D16/><REACH who="0" ten="240,250,250,250" step="2"/><U70/><E123/><V61/><F73/><W106/><G125/><T114/><D114/><U127/><E122/><V83/><F72/><W112/><G112/><T52/><D52/><U86/><E127/><V32/><F32/><W110/><G110/><T77/><D77/><U91/><E23/><V76/><F76/><W27/><G27/><T80/><D80/><U18/><E18/><V66/><F82/><W54/><G54/><T35/><D35/><U21/><E21/><V102/><F102/><W96/><G106/><T20/><D20/><U4/><E17/><AGARI ba="0,1" hai="9,15,17,49,50,88,92,96" m="42057,19831" machi="17" ten="30,2000,0" yaku="14,1,54,1" doraHai="58" who="3" fromWho="1" sc="240,0,250,-20,250,0,250,30" /><INIT seed="1,0,0,5,3,103" ten="240,230,250,280" oya="1" hai0="77,21,98,84,15,59,107,27,4,134,70,133,39" hai1="97,91,66,125,10,126,22,56,52,29,60,123,47" hai2="122,25,118,120,132,63,75,9,58,83,110,36,61" hai3="11,43,135,90,55,18,82,101,3,13,94,85,54"/><U78/><E123/><V24/><F118/><W102/><G135/><N who="0" m="51723" /><D70/><U12/><E78/><V127/><F36/><W33/><G33/><T28/><D39/><U7/><E29/><V106/><F132/><W48/><G3/><T40/><D40/><U41/><E22/><V67/><F110/><W34/><G34/><T95/><D59/><U64/><E91/><V76/><F127/><N who="1" m="48649" /><E97/><V14/><F106/><W17/><G17/><N who="0" m="10431" /><D4/><U87/><E87/><V109/><F109/><W31/><G31/><T16/><D77/><U80/><E80/><V105/><F105/><W57/><G43/><T42/><D84/><U130/><E130/><V8/><F8/><W119/><G119/><T88/><D42/><U68/><E68/><V44/><F120/><W62/><G94/><T49/><D49/><AGARI ba="0,0" hai="7,10,12,41,47,49,52,56,60,64,66" m="48649" machi="49" ten="30,2900,0" yaku="18,1,54,1" doraHai="103" who="1" fromWho="0" sc="240,-29,230,29,250,0,280,0" /><INIT seed="1,1,0,2,3,24" ten="211,259,250,280" oya="1" hai0="80,124,0,131,93,130,73,29,36,71,88,98,78" hai1="90,91,33,70,23,94,108,1,39,3,16,7,12" hai2="96,76,82,40,117,67,57,121,47,134,11,25,79" hai3="120,27,62,81,22,119,122,21,31,113,116,99,102"/><U95/><E39/><V101/><F117/><N who="3" m="45131" /><G113/><T84/><D36/><U89/><E70/><V128/><F134/><W126/><G126/><T49/><D71/><U13/><E33/><V109/><F128/><N who="0" m="49194" /><D0/><U2/><REACH who="1" step="1"/><E108/><REACH who="1" ten="211,249,250,280" step="2"/><V8/><F109/><W38/><G38/><T85/><D124/><U135/><E135/><V6/><F121/><W45/><G122/><T15/><D15/><U56/><E56/><V18/><F57/><W55/><G120/><T61/><D61/><U112/><E112/><V10/><F47/><W52/><G45/><T35/><D49/><U60/><E60/><V43/><F43/><W64/><G62/><T46/><D46/><U20/><E20/><V17/><F40/><W44/><G22/><T48/><D48/><U106/><E106/><V97/><F67/><W9/><G44/><T63/><D63/><U14/><E14/><V50/><F50/><W30/><G64/><T110/><D110/><U26/><E26/><AGARI ba="1,1" hai="26,29,35,73,78,80,84,85,88,93,98" m="49194" machi="26" ten="30,3900,0" yaku="19,1,52,1,54,1" doraHai="24" who="0" fromWho="1" sc="211,52,249,-42,250,0,280,0" /><INIT seed="2,0,0,4,1,92" ten="263,207,250,280" oya="2" hai0="60,5,110,102,28,25,24,85,38,123,88,19,43" hai1="6,101,41,71,133,106,75,79,104,49,53,83,8" hai2="119,86,65,97,96,18,46,128,109,47,105,132,11" hai3="33,14,117,100,34,69,37,26,89,12,111,45,68"/><V78/><F119/><W1/><G1/><T15/><D123/><U9/><E71/><V120/><F120/><W52/><G117/><T125/><D110/><U42/><E133/><V135/><F109/><W112/><G111/><T107/><D125/><U10/><E6/><V35/><F35/><W131/><G100/><T48/><D5/><U4/><E4/><V56/><F105/><W124/><G124/><T126/><D38/><U66/><E66/><V77/><F128/><W32/><G131/><T16/><D126/><U54/><E106/><V129/><F129/><W91/><G26/><T87/><D87/><U0/><E0/><V90/><F11/><W44/><G37/><T51/><D60/><U103/><E103/><V116/><F18/><W134/><G33/><T22/><D43/><U113/><E113/><V115/><F115/><W114/><REACH who="3" step="1"/><G52/><REACH who="3" ten="263,207,250,270" step="2"/><T3/><D3/><U27/><E27/><V76/><F116/><W67/><G67/><T13/><D102/><U93/><E104/><V61/><F135/><AGARI ba="0,1" hai="12,14,32,34,44,45,68,69,89,91,112,114,134,135" machi="135" ten="25,8000,1" yaku="1,1,22,2,53,2" doraHai="92" doraHaiUra="84" who="3" fromWho="2" sc="263,0,207,0,250,-80,270,90" /><INIT seed="3,0,0,4,0,30" ten="263,207,170,360" oya="3" hai0="22,85,80,0,27,69,66,99,76,115,132,7,54" hai1="61,128,79,91,41,34,25,31,119,1,26,104,103" hai2="77,15,75,57,105,111,68,125,36,126,58,9,112" hai3="28,117,40,100,43,63,56,131,116,94,122,20,53"/><W18/><G122/><T11/><D132/><U93/><E1/><V12/><F112/><W124/><G124/><T110/><D110/><U65/><E128/><V123/><F111/><W48/><G131/><T23/><D115/><U72/><E119/><V38/><F123/><W24/><G18/><T113/><D113/><U92/><E41/><V32/><F105/><W95/><G95/><T45/><D69/><N who="1" m="42159" /><E25/><V60/><F68/><W73/><G73/><T82/><D99/><N who="1" m="61567" /><E91/><V44/><F77/><W127/><G127/><N who="2" m="48649" /><F75/><W3/><G3/><T78/><D66/><U16/><E16/><N who="2" m="8207" /><F58/><N who="3" m="33063" /><G117/><T21/><D45/><U83/><AGARI ba="0,0" hai="26,31,34,72,79,83,92,93" m="61567,42159" machi="83" ten="30,2000,0" yaku="25,1,52,1" doraHai="30" who="1" fromWho="1" sc="263,-5,207,20,170,-5,360,-10" owari="258,5.8,227,-17.3,165,-33.5,350,45.0" /></mjloggm>