<mjloggm ver="2.3"><GO type="225" lobby="0"/><UN n0="%E3%83%96%E3%83%83%E3%83%91%E3%82%AA%E3%83%96%E3%83%81%E3%82%AD%E3%83%B3" n1="%E3%81%8B%E3%82%8F%E3%81%A1%E3%82%83%E3%82%93%35%38" n2="%E7%99%BD%E5%80%89%E5%AF%9B%E4%B9%8B" n3="%E3%81%BF%E3%81%BF%E3%81%9A" dan="16,16,16,17" rate="2144.12,2162.24,2113.11,2172.08" sx="M,M,M,M"/><TAIKYOKU oya="0"/><INIT seed="0,0,0,4,0,48" ten="250,250,250,250" oya="0" hai0="80,128,69,36,133,55,84,89,4,125,103,74,34" hai1="5,76,58,101,134,28,41,83,39,3,121,37,71" hai2="105,27,106,49,135,110,24,82,18,8,85,16,53" hai3="9,98,86,64,60,109,116,99,2,79,122,57,94"/><T104/><D34/><U47/><E121/><V13/><F110/><W97/><G116/><T123/><D123/><U40/><E71/><V120/><F120/><W46/><G122/><T0/><D36/><U1/><E134/><V30/><F135/><W102/><G109/><T107/><D133/><U68/><E68/><V91/><F18/><W42/><G2/><T114/><D114/><U90/><E101/><V33/><REACH who="2" step="1"/><F27/><REACH who="2" ten="250,250,240,250" step="2"/><W92/><G9/><T35/><D4/><U62/><E5/><V119/><F119/><W70/><G70/><T129/><D69/><U54/><E28/><V25/><F25/><W75/><G75/><T87/><D74/><U81/><E1/><V108/><F108/><W32/><G32/><T11/><D0/><U29/><E3/><V130/><F130/><W96/><G102/><T132/><D35/><U115/><E29/><V61/><F61/><W6/><G6/><T45/><D103/><U20/><E20/><V112/><F112/><W51/><N who="3" m="24576" /><DORA hai="65" /><W66/><G64/><T118/><D118/><U78/><E115/><V67/><F67/><W17/><G17/><T12/><D132/><U15/><E15/><V111/><F111/><W22/><G22/><T127/><D12/><U126/><E62/><V72/><F72/><W88/><REACH who="3" step="1"/><G79/><REACH who="3" ten="250,250,240,240" step="2"/><N who="0" m="46111" /><D129/><U95/><E76/><V7/><F7/><W10/><G10/><T131/><D11/><U19/><E78/><V38/><F38/><W113/><G113/><T26/><D131/><U59/><E39/><V77/><F77/><W56/><G56/><AGARI ba="0,2" hai="8,13,16,24,30,33,49,53,56,82,85,91,105,106" machi="56" ten="30,8000,1" yaku="1,1,7,1,52,1,54,1,53,1" doraHai="48,65" doraHaiUra="31,63" who="2" fromWho="3" sc="250,0,250,0,240,100,240,-80" /><INIT seed="1,0,0,0,1,2" ten="250,250,340,160" oya="1" hai0="133,110,85,109,92,26,98,17,83,23,19,124,4" hai1="21,14,69,10,77,111,9,31,33,36,103,51,102" hai2="118,54,44,43,115,79,112,101,113,22,37,8,84" hai3="93,61,47,55,1,38,50,74,58,82,116,131,88"/><U48/><E36/><V106/><F118/><W52/><G116/><T57/><D124/><U24/><E69/><V35/><F35/><W89/><G131/><T75/><D75/><U40/><E111/><N who="0" m="42505" /><D133/><U62/><E33/><V70/><F70/><W25/><G1/><T107/><D107/><U80/><E62/><V78/><F84/><W42/><G25/><T13/><D57/><U68/><E68/><V125/><F125/><W117/><G117/><T87/><D83/><U6/><E9/><V12/><F22/><W104/><G104/><T72/><D72/><U86/><E48/><V46/><F54/><W3/><G3/><T20/><D4/><U134/><E134/><V81/><F81/><W105/><G105/><T27/><D13/><U34/><REACH who="1" step="1"/><E34/><REACH who="1" ten="250,240,340,160" step="2"/><V135/><F135/><W29/><G29/><T7/><D7/><U99/><E99/><N who="2" m="61759" /><F46/><AGARI ba="0,1" hai="6,10,14,21,24,31,40,46,51,77,80,86,102,103" machi="46" ten="40,12000,1" yaku="1,1,25,2,8,1,52,1,53,0" doraHai="2" doraHaiUra="119" who="1" fromWho="2" sc="250,0,240,130,340,-120,160,0" /><INIT seed="1,1,0,2,2,11" ten="250,370,220,160" oya="1" hai0="93,113,2,36,48,67,116,114,66,6,101,83,94" hai1="127,45,125,111,43,37,109,32,12,131,40,46,30" hai2="99,28,112,49,100,126,0,133,135,74,64,97,53" hai3="119,71,17,89,21,57,117,105,129,86,23,29,123"/><U87/><E32/><V13/><F0/><W110/><G123/><T1/><D116/><N who="3" m="44617" /><G71/><T103/><D36/><N who="1" m="21639" /><E30/><V41/><F74/><W22/><G110/><N who="1" m="41994" /><E87/><V19/><F126/><N who="1" m="48137" /><E12/><V50/><F112/><W130/><G105/><T77/><D83/><U85/><E85/><V62/><F28/><W121/><G121/><T39/><D77/><U70/><E70/><V128/><F99/><W95/><G29/><T81/><D81/><U56/><E56/><V25/><F97/><W44/><G57/><T18/><D1/><U73/><E73/><V104/><F104/><W51/><G17/><T7/><D2/><U120/><E120/><V115/><F19/><W54/><AGARI ba="1,0" hai="21,22,23,44,51,54,86,89,95,129,130" m="44617" machi="54" ten="40,1500,0" yaku="12,1" doraHai="11" who="3" fromWho="3" sc="250,-5,370,-8,220,-5,160,18" /><INIT seed="2,0,0,4,3,51" ten="245,362,215,178" oya="2" hai0="95,39,110,66,124,83,89,5,128,43,88,62,103" hai1="92,80,37,36,68,6,7,50,15,121,49,29,115" hai2="79,34,116,118,3,21,55,100,77,46,44,17,19" hai3="86,131,58,81,53,69,104,64,1,47,126,30,133"/><V98/><F34/><W27/><G126/><T28/><D110/><U114/><E92/><V32/><F32/><W132/><G1/><T12/><D124/><U16/><E80/><V61/><F3/><W72/><G104/><T18/><D128/><U52/><E29/><V125/><F125/><W111/><G111/><T94/><D28/><U13/><E68/><V48/><F19/><W57/><G72/><T90/><D5/><U70/><E70/><V33/><F33/><W22/><G131/><T71/><D103/><U127/><E127/><V91/><F91/><W122/><G122/><T20/><REACH who="0" step="1"/><D83/><REACH who="0" ten="235,362,215,178" step="2"/><U119/><E6/><V59/><F118/><W14/><G133/><T106/><D106/><U78/><E7/><V26/><F116/><W112/><G132/><T96/><D96/><U113/><E119/><V134/><F134/><W60/><G112/><T76/><D76/><U54/><E78/><V117/><F117/><W8/><G81/><T10/><D10/><U109/><E114/><V2/><F2/><W120/><G120/><T65/><D65/><U45/><E121/><V123/><F123/><W24/><G86/><T67/><D67/><U11/><E109/><V23/><F23/><W105/><G105/><T101/><D101/><U74/><E11/><V107/><REACH who="2" step="1"/><F46/><AGARI ba="0,1" hai="12,18,20,39,43,46,62,66,71,88,89,90,94,95" machi="46" ten="40,8000,1" yaku="1,1,54,1,53,3" doraHai="51" doraHaiUra="85" who="0" fromWho="2" sc="235,90,362,0,215,-80,178,0" /><INIT seed="3,0,0,3,5,34" ten="325,362,135,178" oya="3" hai0="33,134,65,24,45,47,22,96,0,85,31,117,112" hai1="14,59,23,39,28,94,126,109,129,84,8,82,127" hai2="26,30,105,56,77,50,70,123,83,53,62,120,104" hai3="118,16,125,86,95,75,111,27,100,113,36,44,9"/><W110/><G113/><T64/><D117/><U89/><E39/><V107/><F50/><W98/><G118/><T38/><D134/><U57/><E109/><N who="3" m="41482" /><G75/><T76/><D112/><U73/><E129/><V93/><F93/><W90/><G125/><N who="1" m="47626" /><E23/><V58/><F58/><N who="1" m="22025" /><E28/><V25/><F70/><W135/><G135/><T80/><D0/><U69/><E69/><V18/><F18/><W116/><G116/><T10/><D10/><U130/><E130/><V54/><F54/><W87/><G90/><T3/><D3/><U91/><E73/><V15/><F15/><N who="3" m="7279" /><G27/><T97/><D33/><U42/><E42/><AGARI ba="0,0" hai="36,42,44,86,87,95,98,100" m="7279,41482" machi="42" ten="30,5800,0" yaku="14,1,10,1,54,1" doraHai="34" who="3" fromWho="1" sc="325,0,362,-58,135,0,178,58" /><INIT seed="3,1,0,5,2,111" ten="325,304,135,236" oya="3" hai0="88,5,29,106,14,126,24,131,80,10,113,127,115" hai1="91,108,84,116,63,65,19,100,94,77,69,57,4" hai2="56,60,72,104,132,103,8,105,7,112,27,64,52" hai3="42,53,68,73,51,99,49,44,1,118,114,133,93"/><W58/><G118/><T50/><D106/><U20/><E108/><V47/><F72/><W81/><G1/><T34/><D131/><U82/><E116/><V125/><F132/><W25/><G133/><T67/><D67/><U43/><E4/><V130/><F130/><W89/><G68/><T31/><D31/><U40/><E100/><V46/><F125/><N who="0" m="47626" /><D50/><U124/><E69/><V107/><F27/><W37/><G25/><T26/><D26/><U2/><E2/><V17/><F17/><W22/><G22/><T70/><D70/><U109/><E109/><V32/><F32/><W74/><G114/><T12/><D12/><U75/><REACH who="1" step="1"/><E124/><REACH who="1" ten="325,294,135,236" step="2"/><V135/><F135/><W98/><G98/><T129/><D129/><U119/><E119/><V134/><F134/><W85/><REACH who="3" step="1"/><G37/><REACH who="3" ten="325,294,135,226" step="2"/><T79/><D88/><AGARI ba="1,2" hai="42,44,49,51,53,58,73,74,81,85,88,89,93,99" machi="88" ten="30,11600,0" yaku="1,1,2,1,7,1,54,1,53,0" doraHai="111" doraHaiUra="62" who="3" fromWho="0" sc="325,-119,294,0,135,0,226,139" owari="206,-19.4,294,9.4,135,-36.5,365,46.5" /></mjloggm>