<mjloggm ver="2.3"><GO type="225" lobby="0"/><UN n0="%E7%8D%A3%E8%87%AD%E3%81%84%E8%82%89%E7%90%83" n1="%E3%83%94%E3%83%B3%E3%82%B5%E3%83%AD%E5%BA%97%E5%93%A1" n2="%E4%BF%BA%E3%81%A8%E5%A6%96%E5%A4%A2" n3="%E3%81%BF%E3%81%BF%E3%81%9A" dan="16,16,16,18" rate="2120.28,2165.18,2139.16,2249.43" sx="M,M,F,M"/><TAIKYOKU oya="0"/><INIT seed="0,0,0,2,4,35" ten="250,250,250,250" oya="0" hai0="3,91,52,121,27,71,100,66,130,117,7,37,124" hai1="4,78,107,40,56,34,10,119,102,129,82,81,128" hai2="22,89,120,17,83,67,116,65,8,45,46,43,73" hai3="36,44,9,32,125,90,1,33,30,118,98,25,28"/><T87/><D124/><U5/><E119/><V84/><F120/><W49/><G118/><T103/><D117/><U19/><E34/><V48/><F116/><W79/><G36/><T106/><D121/><U96/><E40/><V14/><F73/><W51/><G79/><T92/><D37/><U69/><E69/><V70/><F70/><W80/><G125/><T132/><D130/><N who="1" m="50283" /><E56/><V64/><F45/><W76/><G90/><T133/><D27/><U21/><E10/><AGARI ba="0,0" hai="8,10,14,17,22,43,46,48,64,65,67,83,84,89" machi="10" ten="40,1300,0" yaku="8,1" doraHai="35" who="2" fromWho="1" sc="250,0,250,-13,250,13,250,0" /><INIT seed="1,0,0,0,0,81" ten="250,237,263,250" oya="1" hai0="36,100,65,110,113,16,131,109,47,125,99,79,97" hai1="31,18,52,107,86,94,135,17,120,115,25,11,101" hai2="7,121,92,46,95,10,108,116,23,1,105,71,106" hai3="41,74,43,13,87,34,32,42,45,93,29,134,112"/><U37/><E115/><V96/><F116/><W62/><G112/><T90/><D113/><U84/><E120/><V119/><F121/><W5/><G74/><T24/><D131/><U51/><E37/><V89/><F119/><W22/><G134/><T102/><D65/><U98/><E135/><V127/><F71/><W64/><G45/><T44/><D79/><U103/><E103/><N who="0" m="39465" /><D125/><U67/><E67/><V40/><F127/><W59/><G29/><T68/><D68/><U50/><E50/><V21/><F92/><W130/><G130/><T118/><D118/><U73/><E73/><V66/><F66/><W58/><G58/><T4/><D4/><U69/><E69/><V77/><F77/><W111/><G111/><N who="0" m="42507" /><D36/><U15/><E18/><V129/><F129/><W19/><REACH who="3" step="1"/><G5/><REACH who="3" ten="250,237,263,240" step="2"/><T91/><D47/><N who="1" m="27775" /><E107/><V53/><F108/><W3/><G3/><T54/><D44/><U57/><E57/><V123/><F123/><W12/><G12/><T114/><D114/><U122/><E122/><V56/><F106/><W80/><G80/><T83/><D83/><U133/><E133/><V63/><F105/><W128/><G128/><T8/><D24/><U0/><E0/><V38/><AGARI ba="0,1" hai="1,7,10,21,23,38,40,46,53,56,63,89,95,96" machi="38" ten="20,1500,0" yaku="0,1,7,1" doraHai="81" who="2" fromWho="2" sc="250,-4,237,-7,263,25,240,-4" /><INIT seed="2,0,0,0,5,82" ten="246,230,288,236" oya="2" hai0="93,9,3,124,59,41,58,126,135,83,16,97,37" hai1="128,27,49,2,23,12,119,52,14,110,43,30,98" hai2="32,104,20,132,123,115,107,7,99,25,57,54,131" hai3="86,47,50,6,77,112,62,114,63,64,75,127,92"/><V46/><F115/><N who="3" m="44075" /><G127/><N who="0" m="48683" /><D135/><U84/><E119/><V55/><F123/><W33/><G33/><T113/><D113/><U125/><E2/><V4/><F32/><W36/><G36/><T130/><D130/><U11/><E125/><V94/><F132/><W22/><G6/><T122/><D122/><U38/><E128/><V5/><F131/><W106/><G106/><T81/><D41/><U103/><E110/><V88/><F46/><W39/><G39/><T102/><D37/><U65/><E65/><V74/><F74/><W34/><G34/><T91/><D3/><U95/><E38/><V24/><F54/><N who="3" m="30047" /><G64/><T40/><D40/><U116/><E116/><V10/><F10/><W73/><G22/><T29/><D29/><U61/><E43/><V66/><F66/><W78/><G78/><T105/><D105/><U17/><E61/><N who="3" m="23050" /><G77/><T19/><D9/><U13/><REACH who="1" step="1"/><E84/><REACH who="1" ten="246,220,288,236" step="2"/><V134/><F134/><W121/><G121/><T101/><D97/><U51/><E51/><V69/><F99/><W109/><G109/><T15/><D59/><AGARI ba="0,1" hai="11,12,13,14,17,23,27,30,49,52,59,95,98,103" machi="59" ten="30,8000,1" yaku="1,1,7,1,8,1,54,1,53,1" doraHai="82" doraHaiUra="21" who="1" fromWho="0" sc="246,-80,220,90,288,0,236,0" /><INIT seed="3,0,0,1,5,127" ten="166,310,288,236" oya="3" hai0="57,44,109,91,63,48,81,64,88,38,77,126,94" hai1="15,14,83,70,52,125,39,42,80,29,37,123,51" hai2="61,67,128,30,90,103,129,58,76,20,92,96,132" hai3="4,131,135,102,121,45,130,9,8,117,100,33,107"/><W34/><G117/><T113/><D126/><U47/><E123/><V5/><F132/><W2/><G121/><T59/><D109/><U50/><E70/><V21/><F76/><W35/><G135/><T118/><D118/><U99/><E125/><V41/><F41/><W66/><G66/><T32/><D113/><U112/><E112/><V110/><F110/><W27/><G27/><T111/><D111/><U101/><E29/><V89/><F5/><N who="3" m="1079" /><G45/><T40/><D32/><U73/><E39/><V49/><F49/><W62/><G62/><T133/><D133/><U13/><E73/><V22/><F30/><W71/><G71/><T108/><D108/><U87/><E87/><V78/><F78/><W60/><G60/><T134/><D134/><U114/><E37/><V120/><F120/><W1/><G100/><T74/><D38/><U97/><E114/><V115/><F115/><W72/><G72/><T104/><D104/><U3/><E3/><V93/><F103/><W56/><G56/><T23/><D23/><U98/><E101/><V16/><F16/><W10/><G9/><T85/><REACH who="0" step="1"/><D91/><REACH who="0" ten="156,310,288,236" step="2"/><U7/><E7/><V69/><F20/><W124/><G124/><T36/><D36/><U106/><E106/><V84/><F21/><W25/><G25/><T79/><D79/><U105/><E105/><V55/><F22/><W31/><G31/><T122/><D122/><U86/><E86/><V54/><F69/><AGARI ba="0,1" hai="40,44,48,57,59,63,64,69,74,77,81,85,88,94" machi="69" ten="30,3900,0" yaku="1,1,7,1,54,1,53,0" doraHai="127" doraHaiUra="116" who="0" fromWho="2" sc="156,49,310,0,288,-39,236,0" owari="205,-29.5,310,41.0,249,4.9,236,-16.4" /></mjloggm>