<mjloggm ver="2.3"><GO type="225" lobby="0"/><UN n0="%72%69%6F%75%63%68%61%6E" n1="%E3%81%BF%E3%81%BF%E3%81%9A" n2="%E3%83%A9%E3%82%A4%E3%83%B3%E3%81%AE%E8%99%8E" n3="%E9%BB%99%E8%81%B4%E3%81%AE%E3%81%99%E3%82%9D%E3%82%81" dan="16,18,16,16" rate="2156.13,2209.10,2152.18,2137.49" sx="M,M,M,M"/><TAIKYOKU oya="0"/><INIT seed="0,0,0,3,5,71" ten="250,250,250,250" oya="0" hai0="90,21,9,14,13,118,30,111,99,43,68,120,60" hai1="45,22,44,92,11,51,76,74,34,58,53,132,12" hai2="94,20,66,78,19,41,85,80,119,72,133,96,82" hai3="10,128,49,69,67,95,126,107,73,42,26,117,102"/><T5/><D118/><U8/><E34/><V28/><F133/><W4/><G73/><T48/><D120/><U6/><E132/><V63/><F119/><W110/><G110/><T88/><D111/><U112/><E112/><V61/><F41/><W40/><G128/><T127/><D127/><U81/><E22/><V101/><F28/><W104/><G95/><T37/><D48/><U106/><E106/><V33/><F33/><W116/><G26/><T91/><D68/><U123/><E123/><V31/><F31/><W65/><G10/><T105/><D60/><U55/><E92/><V46/><F46/><W36/><G49/><T1/><D105/><U59/><REACH who="1" step="1"/><E11/><REACH who="1" ten="250,240,250,250" step="2"/><V84/><F66/><W23/><G23/><T100/><D21/><U129/><E129/><V17/><F17/><W109/><G107/><T0/><D30/><U115/><E115/><V39/><F20/><W54/><G104/><T108/><D108/><U75/><E75/><V35/><F72/><W114/><G114/><T103/><D99/><U83/><E83/><V25/><F82/><W98/><G98/><T86/><D86/><U7/><E7/><V24/><F80/><W93/><G4/><T2/><REACH who="0" step="1"/><D13/><REACH who="0" ten="240,240,250,250" step="2"/><U38/><E38/><V124/><F39/><W79/><G36/><T52/><D52/><U135/><E135/><V47/><F84/><W134/><G54/><T113/><D113/><U18/><E18/><V56/><F19/><W62/><G134/><T27/><D27/><U3/><E3/><V97/><F24/><W89/><G109/><T64/><D64/><U15/><E15/><RYUUKYOKU ba="0,2" sc="240,15,240,15,250,-15,250,-15" hai0="0,1,2,5,9,14,37,43,88,90,91,100,103" hai1="6,8,12,44,45,51,53,55,58,59,74,76,81" /><INIT seed="0,1,2,3,5,114" ten="255,255,235,235" oya="0" hai0="55,84,63,68,122,128,33,129,120,80,53,111,32" hai1="20,102,41,35,11,18,87,65,125,95,121,115,21" hai2="38,9,50,52,16,86,39,91,5,79,43,69,96" hai3="34,54,37,100,1,12,104,73,3,71,101,25,131"/><T108/><D68/><U78/><E35/><N who="0" m="13385" /><D63/><U51/><E121/><N who="0" m="46697" /><D84/><U127/><E65/><V13/><F69/><W42/><G101/><T76/><D80/><N who="1" m="47511" /><E115/><V59/><F5/><W62/><G12/><T89/><D89/><U105/><E105/><V6/><F6/><W103/><G103/><T107/><D76/><U26/><E127/><V82/><REACH who="2" step="1"/><F43/><REACH who="2" ten="255,255,225,235" step="2"/><W130/><G42/><T22/><D107/><U134/><E125/><V66/><F66/><W15/><G71/><T123/><D123/><U57/><E134/><V49/><F49/><W113/><G104/><T106/><D106/><U99/><E41/><V31/><F31/><W8/><G113/><T24/><D53/><N who="1" m="31935" /><E11/><V74/><F74/><W83/><G8/><T44/><D55/><U132/><E132/><V94/><AGARI ba="1,3" hai="9,13,16,38,39,50,52,59,79,82,86,91,94,96" machi="94" ten="30,7900,0" yaku="1,1,0,1,54,2,53,0" doraHai="114" doraHaiUra="2" who="2" fromWho="2" sc="255,-40,255,-21,225,112,235,-21" /><INIT seed="1,0,0,0,3,64" ten="215,234,337,214" oya="1" hai0="72,66,68,0,54,85,110,131,91,9,74,61,5" hai1="80,20,10,128,134,79,33,55,89,81,87,122,105" hai2="104,38,25,95,45,15,106,97,77,70,125,39,24" hai3="31,60,132,127,69,73,4,83,30,90,7,93,29"/><U100/><E122/><V65/><F77/><W126/><G132/><T118/><D110/><U135/><E33/><V111/><F111/><W1/><G73/><T22/><D131/><U115/><E20/><V46/><F15/><W63/><G83/><T121/><D118/><U6/><E55/><V34/><F125/><N who="3" m="47627" /><G1/><T47/><D121/><U86/><E115/><V56/><F56/><W57/><G69/><T11/><D9/><U26/><E26/><V43/><F65/><N who="3" m="39055" /><G63/><T19/><D54/><U109/><E109/><V42/><F34/><W82/><G82/><T21/><D47/><U23/><E23/><V48/><F48/><W58/><G58/><T102/><D21/><U13/><REACH who="1" step="1"/><E128/><REACH who="1" ten="215,224,337,214" step="2"/><V44/><F24/><W18/><G18/><T36/><D19/><U133/><E133/><V130/><F25/><W67/><G67/><T28/><D22/><U49/><E49/><V27/><F27/><W52/><G52/><T16/><D16/><U99/><AGARI ba="0,1" hai="6,10,13,79,80,81,86,87,89,99,100,105,134,135" machi="99" ten="30,3000,0" yaku="1,1,0,1,53,0" doraHai="64" doraHaiUra="112" who="1" fromWho="1" sc="215,-10,224,40,337,-10,214,-10" /><INIT seed="1,1,0,5,3,113" ten="205,264,327,204" oya="1" hai0="70,123,99,43,68,26,22,56,17,110,60,118,31" hai1="121,30,37,48,132,46,92,85,87,15,20,16,78" hai2="108,133,54,83,116,18,135,14,1,119,40,76,38" hai3="102,112,51,0,84,57,72,4,128,100,71,81,49"/><U3/><E121/><V10/><F108/><W7/><G71/><T103/><D118/><U53/><E3/><V58/><F1/><W21/><G72/><T120/><D110/><U127/><E127/><V74/><F40/><W50/><G112/><T45/><D17/><U27/><E132/><N who="2" m="50763" /><F38/><W130/><G57/><T124/><D124/><U2/><E37/><V69/><F69/><W28/><G21/><T117/><D117/><U75/><E2/><V6/><F18/><W65/><G65/><N who="0" m="39047" /><D68/><U94/><E75/><V107/><F107/><W111/><G28/><T9/><D9/><U88/><E78/><V23/><F23/><W79/><G111/><T41/><D70/><U96/><E92/><V8/><F8/><AGARI ba="1,0" hai="8,15,16,20,27,30,46,48,53,85,87,88,94,96" machi="8" ten="30,11600,0" yaku="7,1,8,1,54,2" doraHai="113" who="1" fromWho="2" sc="205,0,264,119,327,-119,204,0" /><INIT seed="1,2,0,0,4,13" ten="205,383,208,204" oya="1" hai0="125,90,115,117,123,12,118,79,91,104,51,99,0" hai1="22,76,9,11,7,23,96,45,2,94,107,8,58" hai2="88,14,4,106,114,133,17,119,57,43,19,30,41" hai3="103,33,60,34,67,28,36,77,100,56,64,52,1"/><U129/><E129/><V95/><F119/><W70/><G1/><T71/><D115/><U97/><E76/><V80/><F106/><W122/><G122/><T65/><D0/><U25/><E45/><V78/><F114/><W40/><G77/><T16/><D123/><U69/><E69/><V62/><F30/><W46/><G67/><T130/><D130/><U31/><E107/><V38/><F133/><W72/><G72/><T48/><D125/><U24/><E97/><N who="2" m="57575" /><F38/><W111/><G111/><T47/><D79/><U3/><E58/><V102/><F102/><N who="3" m="38955" /><G28/><T59/><D104/><U126/><E126/><V124/><F124/><W54/><G54/><N who="0" m="32199" /><D71/><U85/><E85/><N who="2" m="48279" /><F4/><W26/><G26/><T109/><D118/><U37/><E37/><V49/><F14/><W5/><G5/><T113/><D117/><U110/><E110/><V42/><F49/><AGARI ba="2,0" hai="33,34,36,40,46,49,52,56,60,64,70" m="38955" machi="49" ten="30,2000,0" yaku="24,1,54,1" doraHai="13" who="3" fromWho="2" sc="205,0,383,0,208,-26,204,26" /><INIT seed="2,0,0,5,2,74" ten="205,383,182,230" oya="2" hai0="98,23,128,39,20,60,134,45,102,97,112,22,31" hai1="65,2,35,109,59,130,123,13,50,4,93,85,30" hai2="47,113,110,41,131,24,53,68,117,42,33,104,100" hai3="133,87,57,116,124,92,28,66,96,78,63,58,88"/><V29/><F113/><W25/><G133/><T114/><D128/><U111/><E2/><V26/><F117/><W56/><G124/><T83/><D134/><U90/><E130/><V49/><F131/><W54/><G116/><T16/><D31/><U14/><E123/><V106/><F68/><W101/><G54/><T99/><D102/><U77/><E77/><V118/><F118/><W80/><REACH who="3" step="1"/><G101/><REACH who="3" ten="205,383,182,220" step="2"/><T105/><D114/><U73/><E111/><V55/><F110/><W125/><G125/><T38/><D112/><U89/><E109/><V61/><F24/><W64/><G64/><T1/><D105/><U27/><E65/><V95/><F104/><W17/><G17/><T0/><D16/><U81/><E4/><V40/><F106/><W36/><G36/><T107/><D107/><U5/><E5/><V69/><F69/><W15/><G15/><T18/><D18/><U52/><E73/><V127/><F127/><W121/><G121/><T122/><D122/><U44/><E44/><V75/><F75/><W7/><G7/><T126/><D126/><U37/><E37/><V84/><F55/><W6/><G6/><T129/><D129/><U76/><E13/><V11/><F11/><W32/><AGARI ba="0,1" hai="25,28,32,56,57,58,63,66,78,80,87,88,92,96" machi="32" ten="20,8000,1" yaku="1,1,0,1,7,1,52,1,54,1,53,0" doraHai="74" doraHaiUra="9" who="3" fromWho="3" sc="205,-20,383,-20,182,-40,220,90" /><INIT seed="3,0,0,5,4,42" ten="185,363,142,310" oya="3" hai0="5,7,78,128,112,69,120,99,40,125,57,39,92" hai1="85,67,133,17,0,93,127,51,35,54,29,12,4" hai2="124,36,79,119,43,50,73,114,19,109,65,61,49" hai3="33,22,97,116,59,107,13,88,135,89,77,118,75"/><W15/><G33/><T48/><D120/><U68/><E133/><V117/><F114/><W74/><G135/><T34/><D69/><U110/><E110/><V58/><F79/><W30/><G30/><T76/><D34/><U132/><E132/><V66/><F73/><W84/><G59/><T83/><D112/><U71/><E67/><N who="2" m="39351" /><F19/><W90/><G22/><T20/><D39/><U45/><E127/><V1/><F1/><W100/><G15/><T2/><D125/><U82/><E93/><V106/><F106/><W31/><G13/><T47/><D128/><U3/><E3/><V10/><F10/><W37/><G31/><T102/><D2/><U126/><E126/><V86/><F86/><W21/><G21/><T134/><D134/><U9/><E29/><V63/><F124/><W27/><G27/><T122/><D122/><U98/><E98/><V72/><F72/><N who="3" m="27691" /><G37/><T38/><D20/><U60/><E60/><V8/><F8/><W113/><G113/><T95/><D95/><U52/><E35/><V131/><F131/><W53/><G53/><T80/><D38/><U64/><E54/><V129/><F129/><W108/><G108/><T46/><D57/><U32/><E64/><N who="2" m="24683" /><F63/><W25/><G25/><T101/><D5/><U96/><E32/><V121/><F109/><W123/><G123/><T62/><D62/><U105/><E0/><V11/><F11/><W55/><G55/><N who="0" m="30103" /><D7/><U6/><E71/><V24/><F24/><W81/><AGARI ba="0,0" hai="77,81,84,88,89,90,97,100,107,116,118" m="27691" machi="81" ten="40,7800,0" yaku="34,2,54,1" doraHai="42" who="3" fromWho="3" sc="185,-26,363,-26,142,-26,310,78" owari="159,-24.1,337,13.7,116,-38.4,388,48.8" /></mjloggm>