<mjloggm ver="2.3"><GO type="225" lobby="0"/><UN n0="%77%72%77%72%77%72%77%72" n1="%E7%9A%AE%E3%80%85" n2="%79%75%72%69%6D%6F%67" n3="%E7%99%BD%E5%92%B2%E8%8A%B1%E3%81%A1%E3%82%83%E3%82%93" dan="17,16,16,16" rate="2198.30,2122.95,2196.17,2154.66" sx="M,F,F,F"/><TAIKYOKU oya="0"/><INIT seed="0,0,0,5,3,79" ten="250,250,250,250" oya="0" hai0="39,45,10,49,57,15,31,123,26,43,94,110,126" hai1="80,41,32,99,107,74,56,0,114,24,134,92,67" hai2="38,135,72,113,93,16,69,47,4,120,85,95,33" hai3="60,88,36,86,81,77,64,83,66,8,133,5,125"/><T98/><D123/><U115/><E107/><V55/><F72/><W90/><G125/><T84/><D126/><U53/><E0/><V87/><F69/><W21/><G133/><T7/><D110/><U19/><E134/><V78/><F33/><W117/><G117/><T63/><D84/><U109/><E109/><V108/><F108/><W104/><G104/><T105/><D105/><U91/><E41/><V96/><F120/><W44/><G21/><T51/><D31/><U75/><E67/><V129/><F129/><W2/><G60/><T6/><D26/><U119/><E119/><V65/><F65/><W34/><G34/><T40/><D40/><U3/><E3/><V20/><F4/><W14/><G14/><T112/><D6/><U42/><E42/><V100/><F113/><N who="1" m="43017" /><E80/><V130/><F130/><W70/><G70/><T23/><D23/><N who="1" m="13439" /><E32/><V124/><F124/><W29/><G36/><T128/><D112/><U58/><E58/><V50/><F38/><W82/><G44/><T102/><REACH who="0" step="1"/><D128/><REACH who="0" ten="240,250,250,250" step="2"/><U30/><E30/><V131/><F131/><W122/><G122/><T89/><D89/><BYE who="0" /><N who="3" m="34409" /><G29/><UN n0="%77%72%77%72%77%72%77%72" /><T52/><AGARI ba="0,1" hai="7,10,15,39,43,45,49,51,52,57,63,94,98,102" machi="52" ten="20,7800,0" yaku="1,1,0,1,7,1,54,1,53,0" doraHai="79" doraHaiUra="27" who="0" fromWho="0" sc="240,88,250,-26,250,-26,250,-26" /><INIT seed="0,1,0,3,1,74" ten="328,224,224,224" oya="0" hai0="85,79,111,129,45,103,110,121,97,86,72,58,13" hai1="67,82,133,62,44,68,117,34,11,5,27,48,127" hai2="51,57,125,118,96,108,73,10,65,14,115,95,53" hai3="98,90,40,114,21,8,107,92,9,84,22,46,128"/><T83/><D121/><U76/><E117/><V66/><F108/><N who="0" m="41514" /><D45/><U87/><E133/><V130/><F115/><W77/><G114/><T102/><D58/><U29/><E127/><V16/><F125/><W41/><G128/><T119/><D13/><U42/><E11/><N who="3" m="4170" /><G107/><N who="0" m="63951" /><D119/><U78/><REACH who="1" step="1"/><E5/><REACH who="1" ten="328,214,224,224" step="2"/><V75/><F118/><W20/><G46/><T37/><D129/><U94/><E94/><V17/><F130/><W25/><G25/><T15/><D15/><U18/><E18/><V122/><F17/><W39/><G39/><T43/><D103/><U81/><E81/><AGARI ba="1,1" hai="20,21,22,40,41,77,81,84,90,92,98" m="4170" machi="81" ten="30,2000,0" yaku="8,1,52,1" doraHai="74" who="3" fromWho="1" sc="328,0,214,-23,224,0,224,33" /><INIT seed="1,0,0,1,5,75" ten="328,191,224,257" oya="1" hai0="65,30,132,126,13,68,128,80,60,41,43,36,38" hai1="26,0,49,77,8,33,103,16,53,134,57,95,118" hai2="110,83,123,69,31,98,61,78,104,84,37,135,88" hai3="109,1,32,91,59,119,18,58,89,44,45,131,111"/><U50/><E118/><V35/><F110/><N who="3" m="41995" /><G119/><T46/><D30/><U10/><E134/><V114/><F123/><W108/><G131/><T64/><D13/><U117/><E117/><V5/><F135/><W90/><N who="3" m="42003" /><W14/><DORA hai="74" /><G1/><T12/><D12/><U40/><E0/><V124/><F37/><W4/><G4/><T96/><D132/><U125/><E125/><V94/><F124/><W101/><G101/><T115/><D115/><U51/><E40/><V7/><F114/><W39/><G32/><T56/><D126/><U11/><E33/><V54/><F104/><W116/><G116/><T97/><D128/><U23/><REACH who="1" step="1"/><E77/><REACH who="1" ten="328,181,224,257" step="2"/><V21/><F35/><W22/><G39/><T28/><D36/><U42/><E42/><V24/><F69/><W76/><G76/><T107/><D41/><U81/><E81/><V113/><F113/><W47/><AGARI ba="0,1" hai="14,18,22,44,45,47,58,59,89,90,91" m="42003" machi="47" ten="50,1600,0" yaku="14,1" doraHai="75,74" who="3" fromWho="3" sc="328,-4,181,-8,224,-4,257,26" /><INIT seed="2,0,0,2,0,79" ten="324,173,220,283" oya="2" hai0="46,5,3,4,114,31,131,97,66,44,27,127,55" hai1="69,49,16,56,30,25,11,38,95,36,92,115,28" hai2="130,77,82,45,22,57,67,43,0,39,9,76,126" hai3="8,120,90,87,123,53,134,135,50,121,89,2,62"/><V20/><F130/><W98/><G62/><T71/><D114/><U78/><E115/><V93/><F126/><W21/><G98/><T13/><D3/><U70/><E78/><V74/><F77/><W23/><G2/><T119/><D127/><U104/><E104/><V102/><F102/><W99/><G8/><T112/><D112/><U64/><E64/><V37/><F93/><W94/><G134/><T118/><D131/><U116/><E116/><N who="0" m="44585" /><D97/><U19/><E11/><V132/><F39/><W41/><G41/><T125/><D125/><U80/><E49/><V32/><F32/><W17/><G17/><T24/><D24/><U58/><E25/><V129/><F132/><W110/><G110/><T107/><D107/><U26/><E26/><V14/><F129/><W54/><G135/><T65/><D13/><U61/><E61/><N who="2" m="38319" /><F14/><W84/><G99/><T29/><D29/><U7/><E7/><AGARI ba="0,0" hai="0,7,9,20,22,37,43,45,74,76,82" m="38319" machi="7" ten="30,2900,0" yaku="25,1,52,1" doraHai="79" who="2" fromWho="1" sc="324,0,173,-29,220,29,283,0" /><INIT seed="2,1,0,4,1,99" ten="324,144,249,283" oya="2" hai0="97,133,54,27,41,126,33,40,59,109,67,76,45" hai1="17,98,12,20,125,18,16,15,71,8,47,0,82" hai2="58,85,34,2,118,21,77,4,7,87,92,9,69" hai3="132,80,106,120,129,28,36,38,104,96,11,112,73"/><V24/><F69/><W100/><G120/><T52/><D109/><U103/><E71/><V117/><F34/><W23/><G129/><T44/><D133/><U105/><E125/><V13/><F7/><W35/><G132/><T43/><D126/><U31/><E0/><V130/><F2/><W135/><G135/><T113/><D113/><U55/><E82/><V39/><F39/><W25/><G112/><T90/><D76/><U19/><REACH who="1" step="1"/><E31/><REACH who="1" ten="324,134,249,283" step="2"/><N who="2" m="17807" /><F130/><W49/><G80/><T115/><D115/><U29/><E29/><V14/><F118/><W127/><G127/><T56/><D67/><U3/><E3/><V46/><F117/><W42/><G28/><T89/><D33/><U121/><E121/><V5/><F77/><W1/><G1/><T50/><D27/><U84/><E84/><V68/><F14/><W79/><G25/><T131/><D131/><U74/><E74/><V128/><F68/><W114/><G73/><T94/><D90/><U86/><E86/><V72/><F72/><W22/><G35/><T110/><D110/><U111/><E111/><V66/><F128/><W57/><G79/><T60/><AGARI ba="1,1" hai="40,41,43,44,45,50,52,54,56,59,60,89,94,97" machi="60" ten="30,4000,0" yaku="0,1,8,1,54,1" doraHai="99" who="0" fromWho="0" sc="324,53,134,-11,249,-21,283,-11" /><INIT seed="3,0,0,4,2,62" ten="377,123,228,272" oya="3" hai0="5,103,98,53,135,124,66,99,3,83,106,9,44" hai1="88,60,74,75,128,38,85,50,37,24,111,55,39" hai2="26,91,77,93,72,52,14,28,126,45,17,117,120" hai3="11,61,43,95,25,119,0,13,29,67,96,6,81"/><W19/><G119/><T46/><D135/><U114/><E114/><V27/><F126/><W104/><G43/><T94/><D124/><U78/><E111/><V12/><F117/><W129/><G129/><T122/><D122/><U116/><E116/><V59/><F120/><W71/><G81/><T131/><D131/><U125/><E125/><V54/><F77/><W16/><G0/><T134/><D134/><U123/><E123/><V15/><F72/><W92/><G92/><T1/><D1/><U22/><E128/><V97/><F45/><W133/><G104/><T108/><D108/><U10/><E10/><V32/><F27/><W41/><G41/><T20/><D66/><U101/><E101/><V115/><F115/><W8/><G8/><T121/><D121/><U109/><E109/><V64/><REACH who="2" step="1"/><F17/><REACH who="2" ten="377,123,218,272" step="2"/><W100/><REACH who="3" step="1"/><G133/><REACH who="3" ten="377,123,218,262" step="2"/><T21/><D3/><U42/><E42/><V76/><F76/><W58/><G58/><T65/><D83/><U130/><E78/><V69/><F69/><W48/><G48/><T79/><D79/><U118/><E130/><V34/><F34/><AGARI ba="0,2" hai="6,11,13,16,19,25,29,34,61,67,71,95,96,100" machi="34" ten="30,11600,0" yaku="1,1,7,1,52,1,54,1,53,0" doraHai="62" doraHaiUra="127" who="3" fromWho="2" sc="377,0,123,0,218,-116,262,136" owari="377,17.7,123,-27.7,102,-39.8,398,49.8" /></mjloggm>