<mjloggm ver="2.3"><GO type="225" lobby="0"/><UN n0="%50%69%73%38" n1="%28%EF%BF%A3%E2%96%BD%EF%BF%A3%29%CE%B4%E2%8C%92%E3%83%BB" n2="%6C%65%74%69%74%62%65" n3="%E6%98%BC%E4%B8%8B%E3%81%8C%E3%82%8A%E3%81%AE%E5%9B%A3%E5%9C%B0%E5%A6%BB" dan="16,17,16,16" rate="2109.18,2284.55,2062.42,2151.69" sx="M,M,M,F"/><TAIKYOKU oya="0"/><INIT seed="0,0,0,5,5,86" ten="250,250,250,250" oya="0" hai0="82,76,53,43,25,50,115,77,105,65,101,114,63" hai1="118,55,7,116,28,129,109,64,15,42,11,52,112" hai2="73,75,81,72,104,6,35,71,61,69,93,39,59" hai3="9,121,108,133,125,29,60,49,135,90,84,13,51"/><T130/><D130/><U16/><E129/><V119/><F119/><W117/><G117/><T97/><D43/><U30/><E118/><V128/><F104/><W1/><G1/><T62/><D25/><U132/><E116/><V70/><F35/><W79/><G79/><T103/><D101/><U8/><E109/><V36/><F128/><W120/><G29/><N who="1" m="11370" /><E132/><N who="3" m="50762" /><G60/><T20/><D20/><N who="1" m="11295" /><E112/><V127/><F127/><W26/><G26/><T18/><D18/><U111/><E111/><V2/><F81/><N who="3" m="49423" /><G125/><T31/><D31/><U22/><E22/><V78/><F78/><W83/><G83/><T12/><D77/><U38/><E38/><V99/><F6/><N who="3" m="3255" /><G108/><T100/><D114/><U74/><E74/><V85/><F2/><W110/><G110/><T95/><D115/><U67/><E7/><V94/><F69/><W91/><G91/><T89/><D89/><U123/><E8/><V32/><F70/><W102/><G102/><T88/><D103/><U5/><E11/><V113/><F71/><W4/><G4/><T58/><D58/><U17/><E5/><V47/><F59/><W41/><G41/><T98/><D100/><U24/><E42/><V44/><F32/><W37/><G37/><T54/><D105/><U68/><E68/><V23/><F113/><W122/><AGARI ba="0,0" hai="49,51,120,121,122" m="3255,49423,50762" machi="122" ten="40,5200,0" yaku="13,1,20,1,52,1" doraHai="86" who="3" fromWho="3" sc="250,-26,250,-13,250,-13,250,52" /><INIT seed="1,0,0,4,0,63" ten="224,237,237,302" oya="1" hai0="62,27,118,60,110,47,46,34,68,39,2,106,75" hai1="114,76,121,108,70,25,8,30,35,119,91,117,83" hai2="36,99,4,92,134,131,3,97,23,49,111,112,85" hai3="107,0,77,37,123,115,14,81,31,43,120,1,100"/><U116/><E70/><V124/><F36/><W101/><G115/><T72/><D62/><U98/><E114/><V26/><F111/><W45/><G14/><T89/><D47/><U50/><E108/><V12/><F112/><W67/><G31/><N who="0" m="19839" /><D89/><U38/><E38/><V93/><F131/><W66/><G100/><T9/><D110/><U84/><E121/><N who="3" m="46666" /><G66/><N who="0" m="41031" /><D118/><U86/><E8/><V22/><F134/><W127/><G127/><T32/><D32/><U125/><E125/><V96/><F124/><W29/><G29/><T20/><D20/><U17/><E17/><V21/><F26/><W113/><G67/><T71/><D71/><U6/><E6/><V56/><F3/><W129/><G129/><T40/><D106/><U102/><E50/><V94/><F4/><AGARI ba="0,0" hai="2,4,9,39,40,46,72,75" m="41031,19839" machi="4" ten="30,3900,0" yaku="33,2,52,1" doraHai="63" who="0" fromWho="2" sc="224,39,237,0,237,-39,302,0" /><INIT seed="2,0,0,2,2,133" ten="263,237,198,302" oya="2" hai0="35,66,79,7,97,115,6,72,106,120,64,85,103" hai1="33,15,36,57,111,10,9,48,113,50,82,131,114" hai2="126,96,122,14,38,63,93,129,102,112,54,31,100" hai3="109,95,65,118,52,56,71,20,135,44,46,62,60"/><V134/><F122/><W130/><G118/><T67/><D120/><U92/><E36/><V117/><F112/><W77/><G135/><T76/><D115/><U12/><E33/><V116/><F38/><W86/><G109/><T107/><D106/><U11/><E111/><V37/><F37/><W101/><G130/><T39/><D39/><U45/><E131/><V90/><F134/><W84/><G20/><T98/><D35/><U22/><E22/><V59/><F129/><W94/><G77/><T43/><D43/><U119/><E119/><V75/><F75/><W70/><G101/><T17/><D72/><U81/><E57/><V51/><F116/><W29/><G29/><T83/><D79/><U58/><E58/><V4/><F31/><W25/><G25/><T40/><D40/><U30/><E30/><V124/><F63/><W13/><G13/><T16/><REACH who="0" step="1"/><D97/><REACH who="0" ten="253,237,198,302" step="2"/><U53/><E114/><V78/><F117/><W104/><G104/><T89/><D89/><U125/><E113/><V105/><F78/><W42/><G42/><T32/><D32/><U69/><E11/><N who="2" m="4455" /><F105/><W2/><G84/><T74/><D74/><U24/><E9/><V110/><F110/><W127/><G86/><T21/><D21/><U91/><E10/><V27/><F27/><W8/><G8/><T128/><D128/><U87/><E24/><V68/><F68/><W132/><G132/><T3/><D3/><U41/><E69/><V123/><F123/><W28/><G2/><T0/><D0/><U99/><E87/><N who="2" m="52447" /><F100/><W5/><G71/><T88/><D88/><U49/><E91/><RYUUKYOKU ba="0,1" sc="253,15,237,-15,198,15,302,-15" hai0="6,7,16,17,64,66,67,76,83,85,98,103,107" hai2="51,54,59,96,102,124,126" /><INIT seed="2,1,1,4,3,89" ten="268,222,213,287" oya="2" hai0="103,33,102,56,24,133,69,27,23,74,112,57,87" hai1="46,35,60,20,76,41,106,2,104,29,58,36,84" hai2="68,114,75,113,65,123,48,53,25,100,128,55,49" hai3="42,43,63,129,51,81,31,10,59,93,105,90,101"/><V54/><F75/><W134/><G134/><T14/><D74/><U127/><E2/><V131/><F100/><N who="0" m="38442" /><D33/><U4/><E4/><V91/><F25/><N who="0" m="9802" /><D69/><U108/><E35/><V47/><F91/><W15/><G31/><T52/><D112/><N who="2" m="43114" /><F123/><W67/><G105/><T37/><D37/><U92/><E29/><V71/><F53/><W97/><G51/><N who="0" m="30751" /><D133/><U64/><E106/><V121/><F121/><W39/><G39/><T96/><D87/><U61/><E84/><V1/><F1/><W3/><G3/><T94/><D57/><U28/><E58/><N who="2" m="33095" /><F65/><W109/><G81/><T44/><D44/><U115/><E46/><V86/><F86/><W6/><G101/><N who="0" m="60567" /><D14/><U111/><E104/><V107/><F107/><W13/><G13/><T117/><D117/><U62/><E115/><V119/><F119/><W40/><G15/><T50/><D50/><U124/><E36/><V116/><F116/><W85/><G85/><T26/><N who="0" m="9810" /><T30/><DORA hai="11" /><D30/><U88/><E28/><V19/><F68/><W45/><G45/><T120/><D120/><U7/><E127/><V34/><F34/><W0/><G0/><T16/><D23/><U17/><E20/><V22/><F71/><W122/><G122/><T66/><D66/><U73/><E64/><V70/><F70/><W80/><G67/><T82/><D82/><U21/><E124/><V98/><F98/><W135/><G97/><T77/><D77/><U132/><E76/><V130/><F22/><W18/><G80/><T99/><D99/><N who="1" m="57735" /><E73/><V78/><F78/><W95/><G95/><T32/><D32/><RYUUKYOKU ba="1,1" sc="268,15,222,-15,213,15,287,-15" hai0="16" hai2="19,47,49,55,128,130,131" /><INIT seed="2,2,1,0,2,92" ten="283,207,228,272" oya="2" hai0="108,22,113,11,49,116,125,19,110,26,96,54,0" hai1="14,46,58,84,87,27,10,50,94,85,52,39,130" hai2="17,75,60,89,40,134,45,13,18,64,80,73,3" hai3="15,61,124,21,120,76,98,127,37,56,83,25,28"/><V16/><F3/><W99/><G37/><T105/><D113/><U74/><E74/><V65/><F134/><W29/><G120/><T36/><D36/><U107/><E107/><V66/><F73/><W38/><G38/><T78/><D78/><U59/><E130/><V2/><F2/><W93/><G28/><T128/><D116/><U4/><E39/><V44/><F75/><W132/><G132/><T43/><D43/><U129/><E129/><V67/><F13/><W20/><G20/><T70/><D70/><U53/><E27/><V114/><F114/><W131/><G15/><T77/><D77/><U48/><E46/><V106/><F106/><W91/><G131/><T100/><D128/><U1/><E1/><V7/><F7/><W97/><G83/><T51/><D125/><N who="3" m="48201" /><G76/><T101/><D100/><U95/><AGARI ba="2,1" hai="4,10,14,48,50,52,53,58,59,84,85,87,94,95" machi="95" ten="30,7900,0" yaku="0,1,9,1,8,1,54,1" doraHai="92" who="1" fromWho="1" sc="283,-22,207,95,228,-41,272,-22" /><INIT seed="3,0,0,3,5,120" ten="261,302,187,250" oya="3" hai0="0,53,124,73,39,30,83,84,117,122,91,114,134" hai1="48,76,24,36,78,111,20,44,99,126,132,115,27" hai2="5,103,109,107,60,71,18,10,45,118,110,105,40" hai3="70,69,74,54,11,129,113,62,61,49,42,6,3"/><W65/><G113/><T87/><D39/><U121/><E36/><N who="2" m="21639" /><F18/><W123/><G123/><T116/><D53/><U50/><E121/><V14/><F118/><W15/><G74/><T80/><D30/><U112/><E20/><V4/><F4/><W97/><G42/><T35/><D0/><U135/><E99/><V21/><F21/><W81/><G81/><T94/><D35/><U17/><E44/><V37/><F37/><W106/><G129/><T89/><D122/><U52/><E52/><V119/><F119/><W68/><G3/><T127/><D134/><U101/><E17/><V19/><F19/><W2/><G2/><T8/><D8/><U85/><E85/><V64/><F103/><W29/><G29/><T31/><D31/><U133/><E135/><V95/><F95/><W77/><G77/><T56/><D56/><U33/><E101/><V104/><F104/><W41/><G41/><T28/><D28/><U34/><E126/><N who="0" m="48169" /><D114/><U131/><E131/><V16/><F16/><W25/><G25/><T32/><D32/><U90/><E90/><V98/><F98/><W92/><G106/><T46/><D46/><U102/><E102/><V88/><F88/><N who="3" m="55431" /><G65/><T13/><D13/><U38/><E38/><V63/><F63/><W59/><G61/><T47/><D47/><U72/><E72/><V128/><F128/><W43/><G43/><T51/><D51/><U86/><E86/><V23/><F23/><W125/><G125/><T75/><D75/><U82/><E82/><V96/><F96/><W93/><G49/><T57/><D57/><U108/><AGARI ba="0,0" hai="24,27,33,34,48,50,76,78,108,111,112,115,132,133" machi="108" ten="25,12000,2" yaku="5,1,0,1,22,2,52,2" doraHai="120" who="1" fromWho="1" sc="261,-30,302,120,187,-30,250,-60" owari="231,3.1,422,52.2,157,-34.3,190,-21.0" /></mjloggm>