<mjloggm ver="2.3"><GO type="225" lobby="0"/><UN n0="%E3%81%A4%E3%81%A3%E3%81%B1%E3%82%8A%E3%83%9D%E3%83%BC%E3%83%AB" n1="%E6%9D%B1%E9%A2%A8%E3%81%AE%E3%81%8D%E3%82%83%E3%81%B7%E3%81%95%E3%82%93" n2="%E3%82%B3%E3%83%90%E3%83%AC%E3%82%A4" n3="%E7%8D%85%E5%AD%90%E5%BA%A7%E3%81%8B%E3%81%A3%E3%81%B4%E3%83%BC" dan="17,16,16,16" rate="2191.77,2181.29,2132.66,2114.41" sx="M,M,M,M"/><TAIKYOKU oya="0"/><INIT seed="0,0,0,4,3,50" ten="250,250,250,250" oya="0" hai0="79,0,129,75,8,13,63,67,73,1,59,126,17" hai1="105,125,92,135,133,41,18,22,52,27,109,6,118" hai2="30,76,64,26,102,11,46,70,106,95,28,61,31" hai3="88,43,74,113,117,82,93,9,16,45,2,122,112"/><T39/><D129/><U77/><E105/><V78/><F11/><W108/><G122/><T38/><D126/><U119/><E41/><V134/><F134/><N who="1" m="51209" /><E77/><V94/><F46/><W66/><G66/><T12/><D12/><U35/><E35/><V116/><F116/><N who="1" m="44585" /><E6/><V21/><F106/><W15/><G117/><T101/><D101/><U91/><E125/><V33/><F33/><W100/><G108/><T10/><D10/><U20/><E20/><V104/><F104/><W68/><G2/><T42/><D42/><U65/><E65/><V103/><F102/><W69/><G100/><T90/><D90/><U48/><E109/><V55/><F78/><W57/><G82/><T14/><D14/><U89/><E92/><V84/><F103/><W72/><G74/><T62/><D75/><U44/><AGARI ba="0,0" hai="18,22,27,44,48,52,89,91" m="44585,51209" machi="44" ten="30,4000,0" yaku="20,1,52,1,54,1" doraHai="50" who="1" fromWho="1" sc="250,-20,250,40,250,-10,250,-10" /><INIT seed="1,0,0,2,3,30" ten="230,290,240,240" oya="1" hai0="72,117,124,48,94,71,58,89,84,97,86,110,92" hai1="59,19,68,93,105,123,88,67,29,6,35,17,56" hai2="43,98,128,20,34,50,51,5,44,52,26,115,70" hai3="91,64,132,36,102,96,135,95,107,134,81,100,126"/><U15/><E123/><V55/><F115/><W42/><G64/><T79/><D71/><U28/><E105/><V40/><F70/><W57/><G42/><T85/><D117/><U114/><E114/><V27/><F128/><W90/><G57/><N who="1" m="22090" /><E67/><V76/><F76/><W80/><G36/><T0/><D0/><U108/><E35/><V38/><F5/><W103/><G126/><T65/><D124/><U78/><E68/><V112/><F112/><W4/><G4/><T116/><D116/><U82/><E108/><V106/><F38/><W9/><G9/><T8/><D110/><U120/><E120/><V25/><F34/><W13/><G13/><T111/><D111/><U54/><E54/><V104/><F20/><W3/><G3/><T109/><D109/><U14/><E6/><V49/><F44/><W11/><G11/><T16/><D72/><U33/><E33/><V77/><F77/><W18/><G18/><N who="1" m="6666" /><E82/><N who="3" m="31850" /><G90/><T53/><D65/><U39/><E78/><V119/><F119/><W10/><G10/><T21/><D79/><U60/><E60/><V99/><F51/><W12/><G12/><N who="1" m="4650" /><E39/><V41/><F41/><W23/><G23/><T121/><D121/><U133/><E133/><N who="3" m="34050" /><W87/><AGARI ba="0,0" hai="87,91,95,96,100,102,103,107" m="34050,31850" machi="87" ten="40,8000,1" yaku="4,1,20,1,34,2" doraHai="30" who="3" fromWho="3" sc="230,-20,290,-40,240,-20,240,80" /><INIT seed="2,0,0,3,3,12" ten="210,250,220,320" oya="2" hai0="80,29,87,66,49,114,36,85,95,88,59,104,50" hai1="18,31,96,82,101,6,65,132,39,98,103,129,121" hai2="4,110,113,133,63,52,42,78,125,112,20,2,48" hai3="27,5,8,97,130,90,3,67,19,40,24,41,73"/><V25/><F125/><W79/><G130/><T86/><D36/><U91/><E39/><V135/><F78/><W81/><G67/><T128/><D104/><U33/><E65/><V124/><F124/><W92/><G27/><T57/><D114/><U105/><E132/><N who="2" m="50763" /><F42/><W53/><REACH who="3" step="1"/><G53/><REACH who="3" ten="210,250,220,310" step="2"/><T134/><D66/><U123/><E129/><V126/><F126/><W21/><AGARI ba="0,1" hai="3,5,8,19,21,24,40,41,73,79,81,90,92,97" machi="21" ten="30,7900,0" yaku="1,1,2,1,0,1,52,1,53,0" doraHai="12" doraHaiUra="44" who="3" fromWho="3" sc="210,-20,250,-20,220,-39,310,89" /><INIT seed="3,0,0,3,1,99" ten="190,230,181,399" oya="3" hai0="7,88,116,93,29,133,33,85,20,26,28,126,123" hai1="132,82,35,25,15,55,124,77,23,96,49,101,92" hai2="3,2,31,112,0,66,12,22,84,62,86,125,19" hai3="47,111,110,74,73,97,81,51,46,128,130,44,18"/><W104/><G18/><T64/><D123/><U108/><E108/><N who="3" m="41514" /><G51/><T127/><D116/><U61/><E132/><V48/><F112/><W72/><G81/><T106/><D106/><U119/><E124/><N who="0" m="47657" /><D133/><U37/><E119/><V65/><F125/><W14/><G14/><T67/><D7/><U100/><E37/><V79/><F79/><W78/><G78/><T36/><D36/><U75/><E35/><V10/><F48/><W32/><G32/><T38/><D38/><U113/><E113/><V118/><F118/><W40/><G40/><T103/><D103/><AGARI ba="0,0" hai="44,46,47,72,73,74,97,103,104,128,130" m="41514" machi="103" ten="40,7700,0" yaku="14,1,10,1,52,1" doraHai="99" who="3" fromWho="0" sc="190,-77,230,0,181,0,399,77" owari="113,-38.7,230,3.0,181,-21.9,476,57.6" /></mjloggm>