<mjloggm ver="2.3"><GO type="225" lobby="0"/><UN n0="%E6%9D%B1%E9%A2%A8%E3%81%AE%E3%81%8D%E3%82%83%E3%81%B7%E3%81%95%E3%82%93" n1="%43%68%65" n2="%E3%81%90%E3%81%A1%E3%82%84%E3%81%BE" n3="%E3%83%A9%E3%82%A4%E3%83%B3%E3%81%AE%E8%99%8E" dan="16,16,16,16" rate="2102.55,2154.95,2127.84,2137.02" sx="M,M,M,M"/><TAIKYOKU oya="0"/><INIT seed="0,0,0,4,1,8" ten="250,250,250,250" oya="0" hai0="32,115,113,52,24,70,124,38,118,54,73,99,31" hai1="50,84,57,72,66,60,51,69,117,17,102,80,3" hai2="37,103,91,120,93,111,62,64,114,34,42,27,12" hai3="75,128,122,77,87,130,13,18,97,2,131,25,5"/><T68/><D73/><U79/><E117/><V9/><F120/><W96/><G75/><T74/><D74/><U116/><E116/><V58/><F114/><W45/><G122/><T7/><D118/><U134/><E3/><V110/><F103/><W95/><G25/><T28/><D38/><U104/><E134/><V129/><F129/><W112/><G112/><T4/><D24/><U23/><E72/><V119/><F119/><W86/><G45/><T101/><D101/><U14/><REACH who="1" step="1"/><E69/><REACH who="1" ten="250,240,250,250" step="2"/><V127/><F111/><W135/><G135/><T49/><D124/><U0/><E0/><V36/><F110/><W61/><G2/><T46/><D46/><U71/><E71/><V121/><F127/><W108/><G108/><T67/><D32/><U106/><E106/><V85/><F121/><W81/><G128/><T89/><D67/><U41/><E41/><V53/><F42/><W44/><G44/><T123/><D123/><U90/><E90/><V47/><F47/><W88/><G130/><T92/><D115/><U59/><E59/><V21/><F64/><W20/><G131/><T100/><D113/><U78/><E78/><V107/><F107/><W132/><G132/><T94/><D68/><U40/><E40/><V83/><F37/><W15/><G61/><T1/><D70/><U56/><E56/><V105/><F36/><W98/><G87/><N who="0" m="52287" /><D1/><U65/><E65/><V55/><F105/><W16/><REACH who="3" step="1"/><G5/><REACH who="3" ten="250,240,250,240" step="2"/><N who="0" m="2123" /><D54/><U19/><E19/><V35/><F55/><W11/><AGARI ba="0,2" hai="11,13,15,16,18,20,77,81,86,88,95,96,97,98" machi="11" ten="20,16000,3" yaku="1,1,0,1,7,1,8,1,52,2,54,2,53,0" doraHai="8" doraHaiUra="63" who="3" fromWho="3" sc="250,-80,240,-40,250,-40,240,180" /><INIT seed="1,0,0,4,0,127" ten="170,200,210,420" oya="1" hai0="84,10,97,13,76,120,54,42,74,34,93,94,119" hai1="48,64,45,99,104,68,135,100,134,8,72,116,40" hai2="2,25,37,53,86,47,18,23,90,115,30,15,66" hai3="33,11,39,88,79,102,92,83,21,96,117,131,57"/><U36/><E116/><V85/><F2/><W24/><G131/><T98/><D119/><U28/><E8/><V111/><F111/><W106/><G117/><T59/><D34/><U19/><E19/><V62/><F115/><W130/><G130/><T4/><D120/><U61/><E48/><V14/><F14/><W89/><G33/><T58/><D74/><U46/><E46/><V126/><F126/><W63/><G39/><T132/><D132/><U12/><E12/><V1/><F1/><W91/><G11/><T101/><D42/><U22/><REACH who="1" step="1"/><E72/><REACH who="1" ten="170,190,210,420" step="2"/><V69/><F15/><W112/><G112/><T50/><D76/><U75/><E75/><V71/><F18/><W109/><G109/><T123/><D123/><U107/><E107/><V81/><F37/><W31/><G106/><T43/><D43/><U41/><E41/><V27/><F47/><W82/><G79/><T29/><D29/><U6/><E6/><V20/><F30/><W114/><G114/><T60/><D84/><U56/><E56/><V16/><F86/><W35/><G35/><T26/><D26/><AGARI ba="0,1" hai="22,26,28,36,40,45,61,64,68,99,100,104,134,135" machi="26" ten="40,2000,0" yaku="1,1,53,0" doraHai="127" doraHaiUra="110" who="1" fromWho="0" sc="170,-20,190,30,210,0,420,0" /><INIT seed="1,1,0,4,0,3" ten="150,220,210,420" oya="1" hai0="97,26,108,86,103,58,33,68,131,79,122,42,111" hai1="53,84,96,77,54,109,25,102,63,127,0,107,126" hai2="57,117,104,32,52,62,74,44,121,101,14,36,49" hai3="67,51,9,78,134,50,99,82,88,59,1,120,6"/><U41/><E109/><N who="0" m="42057" /><D68/><U105/><E105/><V89/><F121/><W21/><G120/><T65/><D42/><U66/><E41/><V132/><F117/><W12/><G134/><T118/><D122/><U31/><E0/><V123/><F123/><W119/><G119/><T70/><D118/><U106/><E106/><V23/><F132/><W90/><G1/><T75/><D86/><U100/><E100/><V17/><F32/><W135/><G21/><T85/><D85/><U27/><E27/><V72/><F36/><W37/><G37/><T11/><D58/><N who="1" m="37239" /><E84/><V2/><F2/><W69/><G69/><T19/><D131/><U5/><E5/><V87/><F101/><W110/><G135/><T15/><D65/><U61/><E61/><V95/><REACH who="2" step="1"/><F104/><REACH who="2" ten="150,220,200,420" step="2"/><W13/><G110/><T35/><D70/><U64/><E107/><V8/><F8/><W116/><G9/><T30/><D35/><U46/><E127/><V113/><F113/><W83/><G116/><T4/><D75/><U20/><E126/><V28/><F28/><W130/><G130/><T81/><D81/><U133/><E133/><V80/><F80/><W124/><G124/><T22/><D79/><U112/><E77/><V93/><F93/><W18/><G78/><T71/><D71/><U10/><E112/><V92/><F92/><W24/><G82/><T39/><D39/><U34/><E34/><V55/><AGARI ba="1,1" hai="14,17,23,44,49,52,55,57,62,72,74,87,89,95" machi="55" ten="20,5200,0" yaku="1,1,0,1,7,1,54,1,53,0" doraHai="3" doraHaiUra="60" who="2" fromWho="2" sc="150,-14,220,-27,200,65,420,-14" /><INIT seed="2,0,0,1,1,1" ten="136,193,265,406" oya="2" hai0="93,48,9,78,70,115,123,73,55,45,2,84,72" hai1="105,68,39,83,58,35,62,44,106,12,67,59,99" hai2="130,3,31,57,116,30,134,113,28,33,10,24,42" hai3="38,22,125,100,5,135,117,25,49,20,120,37,107"/><V81/><F116/><W80/><G117/><T85/><D123/><U32/><E83/><V95/><F113/><W87/><G120/><T111/><D115/><U91/><E106/><V64/><F130/><W0/><G22/><T127/><D70/><U114/><E114/><V60/><F134/><W97/><G135/><T14/><D2/><U29/><E12/><V23/><F33/><W124/><G49/><T61/><D61/><U6/><E6/><V132/><F132/><W98/><G98/><T54/><D54/><U13/><E13/><V131/><F131/><W40/><G40/><T7/><D127/><N who="3" m="48713" /><G5/><T79/><D111/><U112/><E35/><V4/><F81/><W15/><G15/><T129/><D129/><U47/><E112/><V88/><REACH who="2" step="1"/><F42/><REACH who="2" ten="136,193,255,406" step="2"/><W41/><G41/><T103/><D72/><U110/><E32/><V128/><F128/><W77/><G0/><T21/><D73/><U63/><E110/><V89/><F89/><W8/><G8/><T34/><D34/><U11/><E11/><V86/><AGARI ba="0,1" hai="3,4,10,23,24,28,30,31,57,60,64,86,88,95" machi="86" ten="20,12000,1" yaku="1,1,0,1,7,1,52,1,54,1,53,0" doraHai="1" doraHaiUra="65" who="2" fromWho="2" sc="136,-40,193,-40,255,130,406,-40" /><INIT seed="2,1,0,4,1,89" ten="96,153,385,366" oya="2" hai0="29,35,14,102,99,72,54,107,1,106,17,121,24" hai1="118,58,6,64,47,134,128,50,33,55,49,73,88" hai2="101,77,66,13,130,0,76,20,98,132,112,42,115" hai3="23,21,92,111,37,25,52,27,131,2,119,93,34"/><V94/><F0/><W110/><G119/><T85/><D121/><U30/><E118/><V105/><F130/><W11/><G34/><T62/><D72/><U82/><E128/><V81/><F132/><W8/><G131/><T36/><D36/><U78/><E134/><V39/><F66/><W41/><G52/><T125/><D125/><U4/><E33/><V18/><F105/><W40/><G2/><T96/><D1/><U120/><E30/><V28/><F28/><W65/><REACH who="3" step="1"/><G37/><REACH who="3" ten="96,153,385,356" step="2"/><T26/><D26/><U75/><E120/><V70/><F70/><W135/><G135/><T104/><D85/><U133/><E133/><V5/><F5/><W38/><G38/><T127/><D127/><U57/><E64/><AGARI ba="1,1" hai="8,11,21,23,25,27,40,41,64,65,92,93,110,111" machi="64" ten="25,8000,1" yaku="1,1,22,2,52,2,53,0" doraHai="89" doraHaiUra="74" who="3" fromWho="1" sc="96,0,153,-83,385,0,356,93" /><INIT seed="3,0,0,5,4,67" ten="96,70,385,449" oya="3" hai0="101,97,10,98,57,21,1,133,35,84,130,100,19" hai1="49,65,22,26,20,54,74,86,3,33,118,59,126" hai2="114,72,99,125,79,45,17,87,32,6,31,127,51" hai3="91,43,83,44,95,56,25,46,34,63,116,60,93"/><W11/><G116/><T42/><D35/><U73/><E118/><V48/><F114/><W78/><G11/><T24/><D133/><U113/><E113/><V81/><F6/><W30/><G44/><T66/><D130/><U85/><E3/><V105/><F31/><W53/><G91/><T55/><D42/><U7/><E7/><V112/><F32/><W128/><G63/><T0/><D66/><U75/><E126/><V41/><F112/><W9/><G9/><T80/><D10/><U16/><E33/><V120/><F120/><W71/><G71/><T13/><D24/><U134/><E134/><V77/><F51/><W39/><G128/><T4/><D4/><U38/><E38/><V40/><F40/><W5/><G5/><T14/><D14/><U27/><REACH who="1" step="1"/><E65/><REACH who="1" ten="96,60,385,449" step="2"/><V37/><F37/><W104/><G34/><T36/><D36/><U129/><E129/><V117/><F117/><W82/><G39/><T111/><D111/><U115/><E115/><V135/><F135/><W8/><G43/><T122/><D122/><U92/><E92/><V47/><F47/><W58/><G93/><N who="0" m="58415" /><D80/><U23/><E23/><V108/><F108/><W12/><G83/><T124/><D124/><U90/><E90/><V89/><F17/><AGARI ba="0,1" hai="16,17,20,22,26,27,49,54,59,73,74,75,85,86" machi="17" ten="40,5200,0" yaku="1,1,9,1,54,1,53,0" doraHai="67" doraHaiUra="64" who="1" fromWho="2" sc="96,0,60,62,385,-52,449,0" owari="96,-40.4,122,-27.8,333,13.3,449,54.9" /></mjloggm>