<mjloggm ver="2.3"><GO type="225" lobby="0"/><UN n0="%E3%83%9F%E3%82%B9%E3%82%BF%E3%83%BC%E3%83%89%E3%83%BC%E3%83%8A%E3%83%84" n1="%6B%65%6E%6E%64%69" n2="%E5%A4%8F%E9%88%B4%E9%88%B4%E5%A4%8F" n3="%E3%83%A9%E3%82%B9%E7%8E%87%EF%BC%93%E5%89%B2" dan="16,16,16,16" rate="2096.60,2166.99,2113.14,2180.12" sx="M,M,F,F"/><TAIKYOKU oya="0"/><INIT seed="0,0,0,0,1,77" ten="250,250,250,250" oya="0" hai0="57,98,122,0,127,106,92,15,16,37,19,14,102" hai1="38,9,105,82,50,48,76,32,25,72,20,55,28" hai2="89,47,95,33,111,110,22,123,79,49,62,107,97" hai3="63,130,108,100,26,91,117,8,85,56,10,7,40"/><T120/><D37/><U60/><E38/><V5/><F123/><W104/><G117/><T29/><D0/><U119/><E119/><V69/><F33/><W68/><G108/><T6/><D6/><U84/><E105/><V3/><F5/><W45/><G130/><T96/><D127/><U67/><E9/><V34/><F3/><W42/><G68/><T65/><D29/><U115/><E115/><V83/><F34/><W81/><G104/><T135/><D135/><U114/><E114/><V124/><F107/><W129/><G129/><T13/><D65/><U61/><E32/><V43/><F124/><W27/><G100/><T109/><D109/><U4/><E4/><V134/><F134/><W132/><G10/><T52/><D120/><U74/><E60/><V94/><F22/><W73/><G73/><T113/><D122/><U2/><E50/><V125/><F125/><W75/><G75/><T88/><REACH who="0" step="1"/><D113/><REACH who="0" ten="240,250,250,250" step="2"/><U86/><E2/><V31/><F31/><W41/><G132/><T70/><D70/><U21/><E28/><V24/><F69/><W46/><G7/><T11/><D11/><U87/><E67/><V18/><F111/><W103/><G8/><T58/><D58/><U126/><E126/><V99/><F110/><W116/><G116/><T118/><D118/><U71/><E71/><V23/><F18/><W80/><G56/><T59/><D59/><U30/><E20/><V44/><F23/><W93/><G45/><T35/><D35/><U90/><E30/><V133/><F47/><W36/><G46/><T53/><D53/><U12/><E55/><RYUUKYOKU ba="0,1" sc="240,30,250,-10,250,-10,250,-10" hai0="13,14,15,16,19,52,57,88,92,96,98,102,106" /><INIT seed="0,1,1,2,5,110" ten="270,240,240,240" oya="0" hai0="26,115,49,4,106,11,94,113,100,68,20,105,131" hai1="3,58,124,83,125,82,34,31,50,2,87,97,99" hai2="123,76,86,1,23,60,53,47,118,130,70,67,46" hai3="77,92,126,112,119,13,48,24,41,80,108,95,32"/><T21/><D68/><U132/><E132/><V72/><F123/><W109/><G119/><T17/><D131/><U121/><E121/><V73/><F118/><W81/><G126/><N who="1" m="48746" /><E31/><V120/><F120/><W78/><G13/><T5/><D5/><U52/><E34/><V75/><F1/><N who="1" m="9" /><E83/><N who="3" m="31818" /><G48/><T35/><D35/><U37/><E37/><V28/><F130/><W55/><G55/><T98/><D21/><U93/><E93/><N who="3" m="35914" /><G41/><T116/><D116/><U54/><E54/><V9/><F86/><W40/><G40/><T0/><REACH who="0" step="1"/><D49/><REACH who="0" ten="260,240,240,240" step="2"/><U117/><E117/><V84/><F23/><W79/><G32/><T51/><D51/><U7/><E7/><V33/><F70/><W111/><G24/><T16/><D16/><U128/><E128/><V64/><F33/><W103/><G103/><T102/><D102/><U134/><E134/><V71/><F71/><W6/><G6/><T57/><D57/><U61/><E50/><V65/><F46/><W107/><G107/><AGARI ba="1,2" hai="0,4,11,17,20,26,94,98,100,105,106,107,113,115" machi="107" ten="40,7700,0" yaku="1,1,52,2,53,0" doraHai="110" doraHaiUra="25" who="0" fromWho="3" sc="260,100,240,0,240,0,240,-80" /><INIT seed="0,2,0,5,2,120" ten="360,240,240,160" oya="0" hai0="131,98,80,109,91,9,64,2,83,65,119,61,10" hai1="38,51,112,47,41,30,62,97,21,133,8,118,115" hai2="44,37,46,16,15,105,68,42,93,55,43,52,96" hai3="84,103,53,20,114,70,125,57,127,67,0,25,31"/><T7/><D119/><U35/><E118/><V79/><F68/><W24/><G114/><N who="1" m="43562" /><E133/><V11/><F79/><W116/><G116/><T12/><D131/><U129/><E129/><V111/><F105/><W134/><G134/><T110/><D65/><U19/><E8/><V117/><F111/><N who="0" m="42506" /><D98/><U54/><E62/><V72/><F72/><W28/><G0/><T14/><D91/><U102/><E35/><V88/><REACH who="2" step="1"/><F117/><REACH who="2" ten="360,240,230,160" step="2"/><W3/><G70/><N who="0" m="42255" /><D2/><U86/><E102/><V108/><F108/><W60/><G103/><T121/><D121/><U33/><E97/><V85/><F85/><W124/><G3/><T63/><D63/><U132/><E86/><V5/><F5/><AGARI ba="2,1" hai="5,7,9,10,12,14,80,83" m="42255,42506" machi="5" ten="30,12000,1" yaku="14,1,10,1,52,3" doraHai="120" who="0" fromWho="2" sc="360,136,240,0,230,-126,160,0" /><INIT seed="0,3,0,1,1,112" ten="496,240,104,160" oya="0" hai0="61,49,47,7,0,58,134,122,88,98,34,100,65" hai1="31,9,81,115,133,17,51,85,113,39,45,91,52" hai2="79,131,108,13,25,109,111,116,1,14,55,54,93" hai3="105,23,2,48,57,21,118,135,94,125,29,32,19"/><T27/><D122/><U40/><E133/><V37/><F1/><W60/><G105/><T80/><D134/><U110/><E110/><V126/><F37/><W130/><G135/><T22/><D34/><U123/><E123/><V28/><F131/><W42/><G2/><T82/><D0/><U99/><E31/><V68/><F68/><W18/><G32/><T50/><D7/><U90/><E99/><V62/><F126/><W20/><G125/><T44/><D50/><U75/><E75/><V127/><F127/><W24/><G130/><T119/><D119/><U95/><E95/><V63/><F79/><W64/><G118/><T78/><D88/><U128/><E91/><V74/><F93/><W66/><G66/><T92/><D78/><U43/><E128/><V70/><F74/><W77/><G77/><T33/><D33/><U124/><E124/><V35/><F116/><W4/><G4/><T106/><D106/><U5/><E5/><V89/><F89/><W3/><G3/><T114/><D114/><N who="1" m="43531" /><E39/><V59/><REACH who="2" step="1"/><F70/><REACH who="2" ten="496,240,94,160" step="2"/><W41/><G94/><T117/><D117/><U120/><E120/><V16/><F16/><N who="3" m="6187" /><G42/><N who="0" m="24727" /><D47/><AGARI ba="3,1" hai="20,21,23,24,29,41,47,48,57,60,64" m="6187" machi="47" ten="30,2000,0" yaku="8,1,54,1" doraHai="112" who="3" fromWho="0" sc="496,-29,240,0,94,0,160,39" /><INIT seed="1,0,0,4,5,87" ten="467,240,94,199" oya="1" hai0="123,39,67,108,98,104,17,62,56,13,102,77,2" hai1="73,86,101,82,11,51,34,26,83,122,115,133,64" hai2="49,93,61,12,110,92,9,5,45,33,65,116,103" hai3="48,117,88,134,75,53,43,1,37,63,3,99,74"/><U118/><E118/><V16/><F116/><W52/><G117/><T24/><D2/><U78/><E115/><V84/><F110/><W81/><G3/><T32/><D39/><U124/><E133/><V21/><F33/><W89/><G1/><T71/><D108/><U109/><E109/><V19/><F103/><W80/><G37/><T100/><D100/><U128/><E128/><V7/><F7/><W59/><G134/><T35/><D77/><U70/><E124/><V10/><F10/><W40/><G99/><T106/><D106/><U18/><E122/><V38/><F38/><W23/><G23/><T28/><D123/><U114/><E114/><V55/><F84/><W97/><G97/><T68/><D35/><U94/><E64/><V121/><F19/><W132/><G132/><T29/><D29/><U4/><E70/><V57/><REACH who="2" step="1"/><F121/><REACH who="2" ten="467,240,84,199" step="2"/><W79/><G75/><T25/><D25/><AGARI ba="0,1" hai="5,9,12,16,21,25,45,49,55,57,61,65,92,93" machi="25" ten="30,12000,2" yaku="1,1,2,1,7,1,8,1,54,1,53,1" doraHai="87" doraHaiUra="42" who="2" fromWho="0" sc="467,-120,240,0,84,130,199,0" /><INIT seed="2,0,0,2,1,5" ten="347,240,214,199" oya="2" hai0="107,13,134,82,102,96,120,116,123,26,6,105,125" hai1="112,62,63,27,7,55,49,66,86,59,18,65,121" hai2="127,48,89,57,77,16,12,58,93,72,0,3,118" hai3="101,45,117,98,119,129,40,34,56,17,25,124,41"/><V50/><F118/><W68/><G129/><T92/><D116/><U38/><E112/><V87/><F127/><W132/><G124/><T135/><D125/><U15/><E38/><V110/><F72/><W54/><G132/><N who="0" m="50731" /><D82/><U47/><E121/><N who="0" m="46665" /><D26/><U61/><E7/><V21/><F110/><W106/><G68/><T69/><D69/><U103/><E103/><V1/><REACH who="2" step="1"/><F77/><REACH who="2" ten="347,240,204,199" step="2"/><W114/><G114/><T44/><D44/><U88/><E47/><V100/><F100/><W22/><G117/><T80/><D80/><N who="1" m="49223" /><E27/><V97/><F97/><W75/><G119/><T9/><AGARI ba="0,1" hai="6,9,13,92,96,102,105,107" m="46665,50731" machi="9" ten="40,2700,0" yaku="20,1,52,1" doraHai="5" who="0" fromWho="0" sc="347,37,240,-7,204,-13,199,-7" /><INIT seed="3,0,0,5,4,26" ten="384,233,191,192" oya="3" hai0="98,84,89,117,51,115,38,83,30,1,22,106,4" hai1="54,104,66,28,24,48,76,20,25,21,100,103,108" hai2="9,77,99,11,131,90,127,121,79,107,74,18,0" hai3="19,102,75,13,113,82,16,34,61,91,128,23,71"/><W12/><G113/><T50/><D38/><U87/><E108/><V27/><F74/><W35/><G128/><T109/><D117/><U112/><E104/><V95/><F131/><W92/><G102/><T46/><D4/><U124/><E124/><V116/><F116/><W120/><G120/><T47/><D1/><U68/><E112/><V130/><F130/><W56/><G71/><T44/><D109/><U93/><E66/><V85/><F127/><W57/><G82/><T114/><D114/><U65/><E65/><V105/><F105/><W63/><G75/><T60/><D106/><U5/><E5/><V101/><F121/><W96/><G57/><T94/><D60/><U29/><E68/><V118/><F118/><W31/><G63/><T53/><D50/><U8/><E8/><N who="2" m="3147" /><F0/><W126/><G126/><T62/><D62/><U49/><E49/><V70/><F107/><W67/><REACH who="3" step="1"/><G31/><REACH who="3" ten="384,233,191,182" step="2"/><T125/><D125/><U111/><E111/><V17/><F70/><W119/><G119/><T134/><D115/><U80/><E93/><N who="2" m="58607" /><F17/><W69/><G69/><T86/><D83/><U88/><E76/><V129/><F129/><W133/><G133/><T45/><D134/><U43/><E103/><V123/><F123/><W6/><G6/><T73/><D73/><U3/><E100/><V39/><F39/><W41/><G41/><T72/><D72/><U81/><E43/><V42/><F42/><W33/><G33/><T58/><D58/><N who="1" m="33095" /><E80/><V97/><F97/><W2/><G2/><T78/><D78/><N who="2" m="29706" /><F18/><W7/><G7/><T14/><D30/><U59/><E3/><RYUUKYOKU ba="0,1" sc="384,0,233,0,191,0,182,0" hai0="14,22,44,45,46,47,51,53,84,86,89,94,98" hai1="20,21,24,25,28,29,59,81,87,88" hai2="27,85,90,95" hai3="12,13,16,19,23,34,35,56,61,67,91,92,96" /><INIT seed="3,1,1,4,2,80" ten="384,233,191,182" oya="3" hai0="26,79,94,105,0,42,130,92,6,108,100,95,98" hai1="106,76,45,72,78,19,13,133,46,66,50,7,41" hai2="64,30,17,128,111,33,52,10,28,97,121,11,61" hai3="99,63,129,87,25,12,34,51,43,39,90,31,54"/><W89/><G129/><T20/><D108/><U91/><E106/><V5/><F111/><W60/><G39/><T58/><D130/><U49/><E133/><V36/><F36/><W96/><G43/><T131/><D131/><U119/><E72/><V135/><F128/><W29/><G12/><T123/><D123/><U69/><E119/><V68/><F135/><W82/><G31/><T84/><D42/><N who="1" m="24759" /><E69/><V134/><F33/><W4/><G4/><T116/><D79/><U16/><E66/><V32/><F32/><W77/><G60/><T71/><D94/><U9/><E91/><V73/><F73/><W24/><G24/><T56/><D26/><U65/><E65/><V70/><F70/><W2/><G63/><T104/><D6/><U35/><E35/><V1/><F121/><W83/><G2/><T23/><D23/><U112/><E112/><V113/><F113/><W22/><G34/><T127/><D127/><U53/><E41/><V59/><F134/><W37/><G37/><T85/><D58/><U88/><E88/><N who="3" m="33898" /><G83/><T74/><D0/><U126/><E126/><V103/><F64/><W18/><G29/><T38/><D38/><U44/><E44/><AGARI ba="1,1" hai="18,22,25,44,51,54,77,82,87,96,99" m="33898" machi="44" ten="30,5800,0" yaku="8,1,52,1,54,1" doraHai="80" who="3" fromWho="1" sc="384,0,233,-61,191,0,182,71" /><INIT seed="3,2,0,3,4,114" ten="384,172,191,253" oya="3" hai0="106,5,66,98,24,118,40,125,129,44,19,112,131" hai1="76,84,6,68,16,123,107,101,26,92,95,126,17" hai2="65,49,53,60,83,116,20,132,1,81,14,56,72" hai3="85,74,37,93,82,52,8,3,22,89,117,54,34"/><W62/><G117/><T135/><D118/><U33/><E123/><V32/><F116/><W133/><G133/><T4/><D112/><U39/><E39/><V130/><F32/><W103/><G37/><T67/><D125/><U23/><E68/><V121/><F1/><W69/><G34/><T75/><D75/><U7/><E126/><V51/><F72/><W113/><G113/><T78/><D78/><U58/><E107/><V59/><F132/><W134/><G134/><T111/><D111/><U115/><E115/><V109/><F109/><W10/><G69/><T13/><D24/><U61/><E33/><V87/><F130/><N who="0" m="49674" /><D135/><U86/><E17/><N who="2" m="10295" /><F121/><W31/><G3/><T45/><D98/><N who="1" m="59591" /><E95/><V2/><F2/><W42/><G42/><T124/><D106/><U122/><E122/><V41/><F87/><N who="1" m="33321" /><E76/><V102/><F102/><W28/><G74/><T12/><D12/><U30/><E30/><N who="3" m="11306" /><G22/><N who="0" m="11631" /><D45/><AGARI ba="2,0" hai="41,45,49,51,53,56,59,60,65,81,83" m="10295" machi="45" ten="30,1000,0" yaku="8,1" doraHai="114" who="2" fromWho="0" sc="384,-16,172,0,191,16,253,0" owari="368,46.8,172,-32.8,207,-19.3,253,5.3" /></mjloggm>