<mjloggm ver="2.3"><GO type="225" lobby="0"/><UN n0="%70%68%65%6E%6F%6D%65" n1="%E3%83%96%E3%83%83%E3%83%91%E3%82%AA%E3%83%96%E3%83%81%E3%82%AD%E3%83%B3" n2="%E6%98%93%E5%88%A9%E8%96%A9%E4%BC%AF" n3="%E5%A4%8F%E9%88%B4%E9%88%B4%E5%A4%8F" dan="16,16,17,16" rate="2140.05,2083.11,2129.18,2118.35" sx="M,M,F,F"/><TAIKYOKU oya="0"/><INIT seed="0,0,0,2,2,10" ten="250,250,250,250" oya="0" hai0="71,105,59,75,98,27,96,26,54,8,95,90,61" hai1="83,21,63,22,128,131,85,135,49,31,94,120,66" hai2="14,119,52,55,18,97,112,62,106,110,42,129,116" hai3="72,57,134,102,45,118,103,133,13,70,19,64,36"/><T93/><D75/><U17/><E120/><V40/><F112/><W124/><G72/><T113/><D113/><U109/><E109/><V38/><F110/><W28/><G118/><N who="2" m="45097" /><F129/><N who="1" m="49737" /><E135/><N who="3" m="51722" /><G124/><T78/><D105/><U15/><E49/><V107/><F38/><W108/><G70/><T43/><D78/><N who="1" m="46327" /><E94/><V9/><F107/><W58/><G28/><T88/><D43/><N who="2" m="16426" /><F62/><N who="3" m="37967" /><G36/><T1/><REACH who="0" step="1"/><D71/><REACH who="0" ten="240,250,250,250" step="2"/><N who="1" m="42463" /><E31/><V111/><F111/><W92/><G108/><T25/><D25/><U2/><E2/><V7/><F7/><AGARI ba="0,1" hai="1,7,8,26,27,54,59,61,88,90,93,95,96,98" machi="7" ten="40,12000,1" yaku="1,1,9,1,54,1,53,1" doraHai="10" doraHaiUra="51" who="0" fromWho="2" sc="240,130,250,0,250,-120,250,0" /><INIT seed="0,1,0,3,0,88" ten="370,250,130,250" oya="0" hai0="32,23,28,29,20,58,132,34,42,77,116,119,106" hai1="81,105,22,45,57,91,1,14,65,112,129,43,0" hai2="122,2,117,110,27,86,134,111,90,13,94,18,100" hai3="85,73,92,55,11,36,15,7,64,95,76,97,80"/><T89/><D106/><U50/><E105/><V109/><F122/><W4/><G36/><T51/><D77/><U96/><E129/><V39/><F134/><W135/><G135/><T35/><D89/><U131/><E131/><V69/><F117/><W12/><G64/><T72/><D72/><U82/><E112/><V61/><F2/><W46/><G97/><T38/><D38/><U120/><E120/><V19/><F39/><W66/><G66/><T101/><D101/><U62/><E0/><V125/><F125/><W118/><G73/><T52/><D132/><U114/><E1/><V128/><F128/><W24/><G24/><T99/><D99/><U49/><E49/><V121/><F121/><W37/><G118/><T16/><D42/><U56/><E56/><V87/><F100/><W102/><G102/><T104/><D104/><U67/><E67/><V40/><F40/><W47/><G37/><T78/><D78/><U17/><REACH who="1" step="1"/><E114/><REACH who="1" ten="370,240,130,250" step="2"/><V3/><F3/><W30/><G46/><T9/><D119/><U21/><E21/><N who="2" m="13751" /><F61/><W103/><G47/><T115/><D115/><U98/><E98/><N who="2" m="57687" /><F69/><W26/><G55/><T25/><D116/><U48/><E48/><V133/><F133/><W6/><G103/><T59/><D23/><AGARI ba="1,1" hai="13,19,23,86,87,109,110,111" m="57687,13751" machi="23" ten="30,2000,0" yaku="14,1,52,1" doraHai="88" who="2" fromWho="0" sc="370,-23,240,0,130,33,250,0" /><INIT seed="1,0,0,0,4,75" ten="347,240,163,250" oya="1" hai0="124,29,0,121,117,60,103,66,135,78,56,97,26" hai1="90,2,87,86,39,116,125,19,65,43,62,128,71" hai2="49,13,95,8,34,106,100,80,113,45,38,134,118" hai3="5,84,120,82,101,129,108,70,44,109,94,37,24"/><U42/><E116/><V89/><F118/><W72/><G70/><T126/><D117/><U41/><E2/><V127/><F34/><W57/><G5/><T33/><D0/><U73/><E73/><V102/><F38/><W81/><G72/><T69/><D135/><U104/><E104/><V105/><F127/><N who="0" m="48682" /><D121/><U63/><E125/><V50/><F50/><W54/><G120/><T133/><D133/><U18/><E128/><V91/><F113/><W48/><G129/><T122/><D122/><U99/><E39/><V98/><F134/><W35/><G94/><N who="0" m="58807" /><D69/><U93/><E63/><V16/><F106/><W36/><G101/><T119/><D119/><U30/><E30/><V14/><F14/><W67/><G82/><T15/><D15/><U132/><E132/><V32/><F32/><W1/><G1/><T96/><D96/><U9/><REACH who="1" step="1"/><E9/><REACH who="1" ten="347,230,163,250" step="2"/><V52/><F105/><W130/><G130/><T59/><D60/><U28/><E28/><V31/><F31/><N who="3" m="19943" /><G36/><T68/><D68/><U83/><E83/><V74/><F74/><W76/><G37/><T4/><D29/><U53/><E53/><V40/><F40/><W25/><G109/><T11/><D33/><U12/><E12/><V20/><F20/><W27/><G108/><T123/><D123/><U7/><E7/><V79/><F79/><W3/><G3/><T115/><D78/><U114/><E114/><V77/><REACH who="2" step="1"/><F77/><REACH who="2" ten="347,230,153,250" step="2"/><W61/><G76/><T64/><D115/><U58/><E58/><N who="0" m="22057" /><D26/><U88/><E88/><V107/><F107/><W21/><G21/><T110/><D110/><U23/><E23/><RYUUKYOKU ba="0,2" sc="347,0,230,0,153,0,250,0" hai0="4,11,64,66" hai1="18,19,41,42,43,62,65,71,86,87,90,93,99" hai2="8,13,16,45,49,52,80,89,91,95,98,100,102" hai3="25,27,44,48,54,57,61,67,81,84" /><INIT seed="1,1,2,3,3,109" ten="347,230,153,250" oya="1" hai0="121,105,89,111,95,65,49,18,43,40,90,104,61" hai1="48,98,86,58,51,32,83,52,67,31,6,45,46" hai2="22,131,93,47,127,68,92,91,20,80,96,112,76" hai3="14,62,63,73,124,81,71,75,107,118,23,57,125"/><U55/><E6/><V128/><F68/><W28/><G107/><T16/><D111/><U106/><E32/><V44/><F127/><N who="3" m="48715" /><G118/><T123/><D49/><U39/><E31/><V69/><F69/><W79/><G71/><T30/><D30/><U35/><E35/><V21/><F93/><W54/><G63/><T120/><D104/><U135/><E135/><V114/><F47/><W37/><G37/><T100/><D100/><U117/><E117/><V33/><F44/><W8/><G23/><T70/><D90/><U87/><E39/><V77/><F33/><W133/><G28/><T0/><D0/><U17/><E17/><N who="0" m="6761" /><D105/><U38/><E38/><V134/><F134/><W13/><G8/><T15/><D15/><N who="3" m="5641" /><G133/><T2/><D2/><U3/><E3/><V60/><F60/><W84/><AGARI ba="1,2" hai="54,57,62,73,75,79,81,84" m="5641,48715" machi="84" ten="30,1100,0" yaku="18,1" doraHai="109" who="3" fromWho="3" sc="347,-4,230,-6,153,-4,250,34" /><INIT seed="2,0,0,5,5,50" ten="343,224,149,284" oya="2" hai0="75,93,129,81,1,61,77,27,73,72,91,111,39" hai1="57,116,78,60,112,32,104,126,13,87,65,14,127" hai2="101,120,66,56,49,9,59,11,89,128,135,52,40" hai3="3,19,54,22,6,51,34,110,55,83,134,97,67"/><V99/><F120/><W94/><G34/><T85/><D111/><U119/><E104/><V23/><F135/><W98/><G110/><T7/><D129/><U113/><E32/><V86/><F128/><W108/><G108/><T132/><D132/><U82/><E14/><V8/><F40/><W64/><G6/><T44/><D27/><U17/><E113/><V62/><F23/><W20/><G3/><T109/><D109/><U18/><E18/><V95/><REACH who="2" step="1"/><F9/><REACH who="2" ten="343,224,139,284" step="2"/><W123/><G22/><T68/><D39/><U12/><E112/><V114/><F114/><W74/><G134/><T90/><D73/><U80/><E116/><V37/><F37/><W47/><G20/><T122/><D72/><U46/><E119/><V10/><F10/><W25/><G74/><T76/><D75/><U30/><E126/><V130/><F130/><W36/><G36/><T26/><D122/><U4/><E127/><V103/><F103/><W96/><G123/><T121/><D121/><U2/><E30/><V107/><AGARI ba="0,1" hai="8,11,49,52,56,59,62,66,86,89,95,99,101,107" machi="107" ten="20,12000,1" yaku="1,1,0,1,7,1,52,1,54,1,53,0" doraHai="50" doraHaiUra="38" who="2" fromWho="2" sc="343,-40,224,-40,139,130,284,-40" /><INIT seed="2,1,0,3,4,89" ten="303,184,269,244" oya="2" hai0="53,15,35,44,93,3,119,81,75,87,122,111,69" hai1="106,68,96,116,103,12,74,46,79,47,107,21,118" hai2="51,19,55,31,8,60,70,128,83,57,13,97,48" hai3="49,104,10,18,120,98,56,115,5,110,71,133,54"/><V109/><F128/><W66/><G120/><T82/><D122/><U14/><E68/><V132/><F132/><W33/><G33/><T85/><D3/><U4/><E74/><V65/><F109/><W91/><G133/><T34/><D69/><U29/><E79/><V7/><F31/><W17/><G110/><T1/><D1/><U88/><E29/><V126/><F126/><W6/><G6/><T39/><D75/><U135/><E135/><V2/><F83/><W67/><G115/><T113/><D113/><U30/><E30/><V32/><F32/><W22/><G71/><T16/><D119/><U102/><E4/><V94/><F51/><W26/><G17/><T121/><D121/><U27/><E88/><V24/><F24/><W38/><G38/><T64/><D64/><U28/><E28/><V42/><F42/><W80/><G80/><T61/><D39/><U73/><E73/><V58/><F2/><W84/><G84/><T36/><D36/><U76/><E76/><V45/><REACH who="2" step="1"/><F7/><REACH who="2" ten="303,184,259,244" step="2"/><W25/><G26/><T129/><D82/><U59/><E27/><V112/><F112/><W20/><G25/><T95/><D111/><U50/><E50/><V130/><F130/><W123/><G5/><T127/><D129/><U43/><E43/><V62/><F62/><W125/><G125/><T105/><D127/><U0/><E0/><V90/><AGARI ba="1,1" hai="8,13,19,45,48,55,57,58,60,65,70,90,94,97" machi="90" ten="20,12000,1" yaku="1,1,0,1,7,1,52,1,53,1" doraHai="89" doraHaiUra="40" who="2" fromWho="2" sc="303,-41,184,-41,259,133,244,-41" /><INIT seed="2,2,0,5,3,9" ten="262,143,392,203" oya="2" hai0="117,82,133,67,76,24,21,19,0,13,88,56,31" hai1="107,127,100,86,41,37,50,121,14,123,6,1,7" hai2="97,8,34,54,129,63,46,33,110,134,78,99,113" hai3="69,74,102,28,53,108,81,132,64,85,77,65,26"/><V60/><F113/><W104/><G108/><T49/><D133/><U128/><E37/><V116/><F116/><W125/><G132/><T79/><D117/><U120/><E1/><V57/><F134/><W109/><G69/><T66/><D0/><U23/><E127/><V58/><F129/><W36/><G109/><T40/><D40/><U114/><E114/><V12/><F78/><N who="0" m="29738" /><D49/><U29/><E128/><V73/><F73/><W55/><G36/><T93/><D56/><U62/><E86/><V130/><F130/><W71/><G85/><N who="0" m="52367" /><D82/><U96/><E62/><V131/><F110/><W25/><G81/><T83/><D83/><U3/><E3/><V124/><F124/><W119/><G125/><T89/><D89/><U72/><E72/><V95/><F46/><W75/><G119/><T11/><AGARI ba="2,0" hai="11,13,19,21,24,31,66,67" m="52367,29738" machi="11" ten="30,4000,0" yaku="8,1,52,1,54,1" doraHai="9" who="0" fromWho="0" sc="262,46,143,-12,392,-22,203,-12" /><INIT seed="3,0,0,3,0,133" ten="308,131,370,191" oya="3" hai0="97,101,74,121,12,13,40,134,44,87,54,51,85" hai1="122,63,46,128,82,77,48,29,132,88,113,18,26" hai2="64,56,31,129,30,125,5,126,104,57,117,20,109" hai3="58,100,108,94,135,71,70,42,49,73,110,93,39"/><W15/><G73/><T86/><D121/><U43/><E132/><V4/><F104/><W112/><G135/><T103/><D134/><U41/><E128/><V80/><F109/><N who="3" m="42091" /><G112/><T106/><D74/><U120/><E113/><V1/><F117/><W95/><G39/><T27/><D103/><U123/><E63/><N who="2" m="37991" /><F1/><W111/><N who="3" m="42099" /><W47/><DORA hai="59" /><G15/><T55/><D27/><U69/><E69/><N who="3" m="26122" /><G58/><T90/><D90/><U23/><E41/><V35/><F57/><W61/><G61/><T99/><D13/><U98/><E29/><V17/><F31/><W83/><G83/><T91/><D12/><U33/><E33/><V21/><F80/><W8/><G8/><T6/><D6/><U96/><REACH who="1" step="1"/><E77/><REACH who="1" ten="308,121,370,191" step="2"/><V7/><F35/><W50/><G50/><T10/><D40/><U116/><E116/><V79/><F30/><W9/><G9/><T16/><D10/><U131/><E131/><V36/><F79/><W53/><G42/><T2/><D51/><U24/><E24/><V119/><F129/><W102/><AGARI ba="0,1" hai="47,49,53,93,94,95,100,102" m="26122,42099" machi="102" ten="50,4800,0" yaku="14,1,10,1" doraHai="133,59" who="3" fromWho="3" sc="308,-16,121,-16,370,-16,191,58" /><INIT seed="3,1,0,1,1,113" ten="292,105,354,249" oya="3" hai0="72,82,8,1,36,76,83,81,64,93,34,116,65" hai1="89,11,105,55,95,4,124,57,30,13,87,133,25" hai2="97,125,118,37,126,100,33,99,63,75,88,10,106" hai3="45,58,7,78,59,5,14,68,3,35,111,85,21"/><W51/><G68/><T108/><D34/><U32/><E133/><V77/><F33/><W66/><G35/><T31/><D108/><U69/><E124/><N who="2" m="47723" /><F37/><W28/><G111/><T20/><D36/><U102/><E69/><V134/><F118/><W120/><G120/><T50/><D116/><U18/><E105/><V0/><F63/><N who="3" m="38263" /><G59/><T41/><D93/><U92/><E102/><V112/><F75/><W98/><G98/><T123/><D123/><U115/><E115/><V6/><F77/><W101/><G101/><T52/><D41/><U119/><E95/><N who="2" m="56551" /><F112/><W48/><G3/><T71/><D71/><U104/><E104/><V79/><F79/><W103/><G103/><T49/><D72/><U73/><E73/><V38/><F38/><W110/><G51/><T44/><D76/><U12/><E57/><V2/><F2/><W117/><G117/><T130/><D50/><U96/><E119/><V23/><F134/><W121/><G121/><T91/><D91/><U16/><E55/><V17/><F99/><W61/><G61/><T27/><REACH who="0" step="1"/><D130/><REACH who="0" ten="282,105,354,249" step="2"/><U56/><E56/><V43/><F43/><N who="3" m="24639" /><G110/><T127/><D127/><U90/><REACH who="1" step="1"/><E13/><REACH who="1" ten="282,95,354,249" step="2"/><N who="2" m="9647" /><F100/><W47/><G14/><T129/><D129/><U39/><E39/><V46/><F106/><W84/><G47/><AGARI ba="1,2" hai="0,6,10,46,47" m="9647,56551,47723" machi="47" ten="30,2000,0" yaku="18,1,54,1" doraHai="113" who="2" fromWho="3" sc="282,0,95,0,354,43,249,-23" owari="282,8.2,95,-40.5,397,49.7,226,-17.4" /></mjloggm>