<mjloggm ver="2.3"><GO type="225" lobby="0"/><UN n0="%E5%91%A8%E6%9D%B1" n1="%E3%81%A4%E3%81%A3%E3%81%B1%E3%82%8A%E3%83%9D%E3%83%BC%E3%83%AB" n2="%63%68%78%62%64" n3="%73%74%61%72%E6%98%9F%E8%BE%B0" dan="17,17,16,16" rate="2173.74,2105.15,2096.25,2101.17" sx="M,M,M,M"/><TAIKYOKU oya="0"/><INIT seed="0,0,0,5,3,56" ten="250,250,250,250" oya="0" hai0="50,120,87,4,89,117,71,114,134,99,111,91,11" hai1="30,17,105,12,122,93,104,41,33,129,113,59,58" hai2="73,8,18,26,0,94,32,49,79,102,74,34,125" hai3="29,2,6,88,80,3,25,48,66,38,61,24,75"/><T126/><D120/><U100/><E122/><V112/><F112/><W110/><G38/><T52/><D114/><U36/><E113/><V103/><F125/><W84/><G110/><T130/><D126/><U22/><E129/><V95/><F0/><W10/><G2/><T67/><D130/><U83/><E83/><V23/><F49/><W92/><G48/><T123/><D123/><U135/><E135/><V85/><F8/><W69/><REACH who="3" step="1"/><G29/><REACH who="3" ten="250,250,250,240" step="2"/><T46/><D111/><U15/><E30/><V5/><F34/><W118/><G118/><T27/><D117/><U78/><E33/><V1/><F32/><W55/><G55/><T19/><D134/><U54/><E54/><V124/><F1/><W40/><G40/><T20/><D99/><N who="1" m="59503" /><E41/><V45/><F124/><W127/><G127/><T68/><D67/><U16/><E36/><V13/><F85/><W28/><G28/><T121/><D121/><U72/><E105/><V116/><F74/><W97/><G97/><T60/><D87/><U64/><E64/><V47/><F73/><W98/><G98/><T109/><D109/><U115/><E104/><V90/><F116/><W106/><G106/><T96/><D96/><U21/><E115/><V31/><F31/><W86/><G86/><T51/><D51/><U76/><E72/><V81/><F102/><W37/><G37/><T131/><D131/><U63/><E63/><V101/><F103/><W119/><G119/><T14/><REACH who="0" step="1"/><D60/><REACH who="0" ten="240,250,250,240" step="2"/><U44/><E44/><V53/><F45/><W7/><G7/><T9/><D9/><U108/><E108/><V133/><F47/><RYUUKYOKU ba="0,2" sc="240,10,250,10,250,-30,240,10" hai0="4,11,14,19,20,27,46,50,52,68,71,89,91" hai1="12,15,16,17,21,22,58,59,76,78" hai3="3,6,10,24,25,61,66,69,75,80,84,88,92" /><INIT seed="0,1,2,2,1,116" ten="250,260,220,250" oya="0" hai0="59,94,22,131,97,41,54,96,56,85,80,53,37" hai1="45,88,104,31,77,4,1,64,51,125,23,33,124" hai2="101,74,69,113,111,109,17,48,47,84,9,43,66" hai3="86,63,115,75,28,11,38,18,132,68,127,128,71"/><T26/><D131/><U65/><E104/><V107/><F74/><W62/><G75/><T44/><D59/><U12/><E33/><V135/><F135/><W133/><G128/><T32/><D32/><U129/><E77/><V112/><F84/><W79/><G115/><T108/><D108/><N who="2" m="41546" /><F101/><W123/><G38/><T7/><D7/><U30/><E129/><V134/><F107/><W102/><G102/><T67/><D67/><N who="1" m="25675" /><E1/><V100/><F100/><W83/><G28/><T8/><D8/><N who="1" m="4103" /><E23/><V105/><F105/><W58/><G127/><N who="1" m="48714" /><E88/><V42/><F134/><N who="3" m="51819" /><G68/><T19/><D94/><U78/><E78/><V98/><F98/><W10/><G71/><T35/><D35/><U117/><E117/><V46/><F17/><W52/><G63/><T5/><D5/><U81/><E81/><V50/><F9/><N who="3" m="3083" /><G18/><T55/><REACH who="0" step="1"/><D56/><REACH who="0" ten="240,260,220,250" step="2"/><U0/><E0/><V122/><F122/><AGARI ba="1,3" hai="52,58,62,79,83,86,122,123" m="3083,51819" machi="122" ten="30,7700,0" yaku="20,1,52,2,54,1" doraHai="116" who="3" fromWho="2" sc="240,0,260,0,220,-80,250,110" /><INIT seed="1,0,0,1,0,58" ten="240,260,140,360" oya="1" hai0="57,103,81,45,96,48,89,54,108,74,104,71,105" hai1="63,106,101,59,82,9,67,8,99,55,37,86,15" hai2="20,70,132,126,134,26,35,133,23,47,87,6,109" hai3="43,34,107,7,122,49,95,19,77,128,124,40,42"/><U38/><E67/><V10/><F70/><W51/><G107/><T27/><D108/><U94/><E106/><V17/><F47/><W129/><G34/><T117/><D117/><U0/><E0/><N who="2" m="327" /><F87/><W5/><G122/><T31/><D71/><U113/><E113/><V30/><F109/><W100/><G124/><T97/><D74/><U18/><REACH who="1" step="1"/><E8/><REACH who="1" ten="240,250,140,360" step="2"/><V69/><F69/><W1/><G1/><T28/><D105/><U121/><E121/><V32/><F126/><W120/><G120/><T75/><D104/><U33/><E33/><V76/><F76/><AGARI ba="0,1" hai="9,15,18,37,38,55,59,63,76,82,86,94,99,101" machi="76" ten="30,11600,0" yaku="1,1,7,1,52,1,53,1" doraHai="58" doraHaiUra="93" who="1" fromWho="2" sc="240,0,250,126,140,-116,360,0" /><INIT seed="1,1,0,1,4,88" ten="240,376,24,360" oya="1" hai0="35,90,20,21,29,1,7,128,132,9,25,129,131" hai1="68,14,34,46,23,81,121,12,10,111,50,70,48" hai2="54,57,114,31,75,30,28,91,73,126,8,134,36" hai3="42,96,69,45,19,100,133,76,77,40,32,104,84"/><U109/><E34/><V2/><F36/><W93/><G133/><T39/><D39/><U59/><E121/><V41/><F114/><W79/><G32/><T97/><REACH who="0" step="1"/><D132/><REACH who="0" ten="230,376,24,360" step="2"/><U58/><E70/><V65/><F134/><W94/><G69/><T66/><D66/><U4/><E68/><V99/><F126/><W80/><G19/><T130/><N who="0" m="32768" /><DORA hai="127" /><T123/><D123/><U60/><E111/><V67/><F41/><W82/><G42/><T110/><D110/><U125/><E109/><V135/><F135/><W95/><REACH who="3" step="1"/><G84/><REACH who="3" ten="230,376,24,350" step="2"/><T64/><D64/><U0/><E125/><V47/><F65/><W11/><G11/><T52/><D52/><U118/><E10/><V78/><F67/><W120/><G120/><T115/><D115/><U63/><E118/><V72/><F47/><W98/><G98/><T13/><D13/><U22/><E14/><V116/><F116/><W74/><G74/><T61/><D61/><U16/><E12/><V119/><F119/><W108/><G108/><T15/><D15/><U53/><E63/><V103/><F91/><W106/><G106/><T24/><D24/><U122/><E60/><V33/><F33/><W86/><G86/><T85/><D85/><U112/><E46/><V124/><F124/><W18/><G18/><T44/><D44/><U102/><E122/><V87/><F78/><W56/><G56/><T37/><D37/><AGARI ba="1,2" hai="37,40,45,76,77,79,80,82,93,94,95,96,100,104" machi="37" ten="40,8000,1" yaku="1,1,52,3,53,0" doraHai="88,127" doraHaiUra="62,49" who="3" fromWho="0" sc="230,-83,376,0,24,0,350,103" /><INIT seed="2,0,0,3,3,17" ten="147,376,24,453" oya="2" hai0="32,44,57,4,54,90,89,94,29,70,2,24,110" hai1="135,75,109,87,106,5,107,47,49,67,16,21,34" hai2="96,48,41,20,13,0,74,36,88,131,42,1,19" hai3="64,85,43,92,127,14,95,93,83,27,59,78,11"/><V55/><F74/><W98/><G127/><T40/><D110/><U99/><E75/><V111/><F131/><W38/><G38/><T126/><D70/><U115/><E34/><V53/><F111/><W58/><G43/><T66/><D66/><U103/><E109/><V114/><F114/><W108/><G108/><T76/><D126/><U101/><E115/><V97/><F97/><W25/><G98/><T113/><D113/><U71/><E5/><V73/><F73/><W51/><G51/><T84/><D76/><U118/><E118/><V80/><F53/><W125/><G125/><T117/><D117/><U31/><E31/><V72/><F36/><W121/><G121/><T10/><D90/><U122/><E122/><V82/><F0/><W33/><G33/><T133/><D133/><U37/><E37/><V46/><F1/><W15/><G15/><T123/><D123/><U45/><E87/><V12/><F12/><W65/><G65/><T18/><D18/><U79/><E79/><V7/><F7/><N who="3" m="3455" /><G64/><T28/><D28/><U63/><E49/><V130/><F130/><W56/><AGARI ba="0,0" hai="25,27,56,58,59,78,83,85,92,93,95" m="3455" machi="56" ten="30,1100,0" yaku="8,1" doraHai="17" who="3" fromWho="3" sc="147,-3,376,-3,24,-5,453,11" /><INIT seed="3,0,0,1,5,11" ten="144,373,19,464" oya="3" hai0="32,116,23,73,88,58,4,56,83,81,7,25,55" hai1="48,108,6,127,82,47,9,105,51,18,119,54,78" hai2="128,111,45,42,21,40,79,96,68,63,16,30,130" hai3="15,5,92,14,41,67,69,43,129,112,10,3,132"/><W97/><G112/><T98/><D32/><U84/><E108/><V93/><F111/><W72/><G72/><T33/><D33/><U17/><E127/><V107/><F107/><W27/><G27/><T8/><D4/><U94/><E105/><V85/><F30/><W57/><G69/><T0/><D58/><U110/><E110/><V36/><F42/><W87/><G87/><T34/><D34/><U50/><E119/><V13/><F85/><W121/><G121/><T12/><D0/><U59/><E94/><V39/><F79/><W131/><G132/><T99/><D116/><U66/><E66/><V1/><F1/><W80/><G80/><N who="0" m="30795" /><D88/><U109/><E109/><V124/><F39/><W133/><G133/><T135/><D73/><U125/><E125/><V28/><F28/><W103/><G67/><T61/><D135/><U76/><E76/><V22/><F124/><W60/><G57/><T24/><D25/><U117/><E117/><V19/><F63/><W65/><G60/><T95/><D95/><U20/><E20/><V89/><REACH who="2" step="1"/><F68/><REACH who="2" ten="144,373,9,464" step="2"/><W70/><G70/><T86/><D86/><U74/><E74/><V100/><F100/><W26/><G103/><T114/><D114/><U123/><E123/><V37/><F37/><W52/><G92/><T71/><D71/><U101/><E101/><V120/><F120/><W122/><G122/><T77/><D77/><U53/><REACH who="1" step="1"/><E51/><REACH who="1" ten="144,363,9,464" step="2"/><V91/><F91/><W134/><G65/><T104/><D104/><U113/><E113/><V90/><F90/><W35/><G35/><T31/><AGARI ba="0,2" hai="7,8,12,23,24,31,55,56,61,98,99" m="30795" machi="31" ten="30,2000,0" yaku="8,1,52,1" doraHai="11" who="0" fromWho="0" sc="144,40,363,-5,9,-5,464,-10" owari="184,-21.6,358,15.8,4,-49.6,454,55.4" /></mjloggm>