<mjloggm ver="2.3"><GO type="225" lobby="0"/><UN n0="%E9%A6%AC%E5%BC%95%E7%81%AB%33" n1="%73%73%6B%5F%66%72%65%65" n2="%E6%98%93%E5%88%A9%E8%96%A9%E4%BC%AF" n3="%E3%81%A4%E3%81%A3%E3%81%B1%E3%82%8A%E3%83%9D%E3%83%BC%E3%83%AB" dan="16,16,17,17" rate="2081.11,2116.56,2115.50,2199.65" sx="M,M,F,M"/><TAIKYOKU oya="0"/><INIT seed="0,0,0,4,5,16" ten="250,250,250,250" oya="0" hai0="51,73,69,57,97,53,33,129,65,64,72,36,19" hai1="108,26,88,79,95,99,22,55,35,63,128,10,60" hai2="77,46,123,61,13,24,47,94,119,7,78,71,29" hai3="120,126,70,121,112,109,86,39,48,42,130,6,89"/><T32/><D36/><U96/><E108/><V111/><F123/><W107/><G112/><T50/><D19/><N who="1" m="12639" /><E128/><V66/><F119/><W92/><G70/><T75/><D129/><U15/><E35/><V23/><F111/><W135/><G109/><T40/><D97/><N who="1" m="57575" /><E79/><V133/><F133/><W102/><G39/><T93/><D93/><U98/><E55/><V87/><F94/><W125/><G130/><T74/><N who="0" m="18432" /><DORA hai="105" /><T124/><D124/><N who="3" m="47721" /><G6/><AGARI ba="0,0" hai="6,10,15,60,63,96,98,99" m="57575,12639" machi="6" ten="30,3900,0" yaku="8,1,52,1,54,1" doraHai="16,105" who="1" fromWho="3" sc="250,0,250,39,250,0,250,-39" /><INIT seed="1,0,0,2,4,43" ten="250,289,250,211" oya="1" hai0="97,36,135,88,119,37,83,71,8,60,23,35,76" hai1="51,95,10,31,81,89,32,46,17,126,27,107,93" hai2="112,64,79,90,13,77,5,78,68,111,106,41,25" hai3="7,109,132,21,94,33,52,129,29,85,26,91,53"/><U56/><E126/><V128/><F111/><W84/><G109/><T124/><D119/><U1/><E107/><V70/><F106/><W0/><G129/><T12/><D35/><U100/><E56/><V15/><F112/><W38/><G132/><T86/><D124/><U92/><E100/><V30/><F128/><W114/><G114/><T117/><D117/><U47/><E81/><V61/><F70/><W104/><G104/><T54/><D135/><U122/><E122/><V72/><F72/><W66/><G38/><T55/><D23/><N who="1" m="15871" /><E1/><V98/><F5/><W28/><G66/><T42/><D97/><U58/><E89/><V2/><F2/><W6/><G0/><T20/><D20/><U82/><E82/><V131/><F131/><W116/><G116/><T133/><D76/><U39/><E39/><V48/><F90/><N who="3" m="53575" /><G29/><T24/><D133/><U108/><E32/><V4/><F4/><N who="3" m="1579" /><G33/><T11/><D36/><U125/><E125/><V80/><F80/><AGARI ba="0,0" hai="21,26,28,52,53,80,85,91" m="1579,53575" machi="80" ten="30,2000,0" yaku="8,1,54,1" doraHai="43" who="3" fromWho="2" sc="250,0,289,0,250,-20,211,20" /><INIT seed="2,0,0,2,2,121" ten="250,289,230,231" oya="2" hai0="5,104,84,116,112,118,64,109,36,39,41,1,129" hai1="120,108,115,69,30,10,100,4,125,113,56,37,124" hai2="68,58,88,42,6,51,27,43,48,117,99,14,63" hai3="0,35,52,44,3,71,102,50,83,119,107,59,128"/><V73/><F73/><W96/><G119/><N who="0" m="45611" /><D112/><N who="1" m="43083" /><E37/><N who="0" m="14409" /><D104/><U86/><E56/><V8/><F68/><W23/><G128/><T130/><D109/><U66/><E100/><V123/><F123/><W101/><G35/><T18/><D18/><U15/><E86/><V98/><F27/><W87/><G71/><T53/><D5/><U46/><E46/><V95/><F99/><W62/><G23/><T32/><D1/><N who="1" m="271" /><E120/><V28/><F28/><W114/><G101/><T106/><D32/><U45/><E45/><V12/><F12/><W31/><G31/><T47/><D106/><U74/><E74/><V2/><F2/><W49/><G114/><T93/><D53/><U38/><E38/><V70/><F70/><W25/><G25/><T90/><D64/><U126/><E15/><V67/><REACH who="2" step="1"/><F117/><REACH who="2" ten="250,289,220,231" step="2"/><W13/><G13/><T16/><D16/><U11/><E30/><V77/><F77/><W111/><G111/><T17/><D17/><U79/><E79/><V60/><F60/><W34/><G34/><T20/><D20/><U24/><E24/><V81/><F81/><W7/><G7/><T91/><D91/><U19/><E108/><V61/><F61/><W29/><G29/><T122/><D122/><U78/><E78/><V97/><F97/><W33/><G33/><T80/><D80/><U65/><E69/><V92/><F92/><W134/><G62/><T103/><D103/><U9/><E19/><V26/><F26/><W82/><G82/><T105/><D105/><U72/><E124/><V133/><F133/><W57/><G134/><T55/><D130/><U76/><E125/><RYUUKYOKU ba="0,1" sc="250,-10,289,-10,220,30,231,-10" hai2="6,8,14,42,43,48,51,58,63,67,88,95,98" /><INIT seed="2,1,1,2,2,116" ten="240,279,250,221" oya="2" hai0="53,60,123,84,81,12,110,19,113,62,131,107,61" hai1="22,36,65,23,75,4,8,46,37,96,121,34,33" hai2="94,88,31,91,38,0,97,6,24,21,125,114,3" hai3="118,32,85,115,2,93,105,130,43,134,9,64,41"/><V99/><F114/><W66/><G105/><T117/><D123/><U11/><E75/><V135/><F38/><W111/><G118/><T40/><D113/><U56/><E46/><V87/><F135/><W120/><G120/><T124/><D107/><U18/><E96/><V14/><F125/><W50/><G115/><T122/><D122/><U35/><E56/><V57/><F57/><W90/><G32/><T48/><D124/><U42/><E65/><N who="3" m="25194" /><G2/><T39/><D110/><U129/><E42/><N who="3" m="15882" /><G111/><T73/><D73/><U55/><E55/><V7/><F99/><N who="3" m="57783" /><G134/><T54/><D131/><U132/><E37/><V78/><F78/><W45/><G130/><T13/><D117/><U119/><E36/><V92/><REACH who="2" step="1"/><F14/><REACH who="2" ten="240,279,240,221" step="2"/><W76/><G76/><T49/><D39/><U15/><E132/><V79/><F79/><W82/><G85/><T98/><D12/><N who="1" m="5127" /><E129/><V44/><F44/><W20/><G9/><T10/><D98/><U5/><E119/><V63/><F63/><W58/><G58/><T69/><D49/><U103/><E121/><V30/><F30/><W74/><G74/><T70/><D70/><U127/><E127/><V51/><F51/><W102/><G45/><N who="0" m="25639" /><D69/><U104/><E15/><V27/><F27/><W72/><G50/><T71/><D71/><U80/><E11/><V16/><F16/><W52/><G72/><T89/><AGARI ba="1,2" hai="10,13,19,53,54,60,61,62,81,84,89" m="25639" machi="89" ten="30,1100,0" yaku="8,1" doraHai="116" who="0" fromWho="0" sc="240,34,279,-4,240,-6,221,-4" /><INIT seed="3,0,0,0,2,132" ten="274,275,234,217" oya="3" hai0="49,29,98,0,127,70,122,18,103,42,83,34,47" hai1="99,77,43,32,53,50,90,95,31,80,35,74,51" hai2="9,94,13,128,117,67,8,23,125,10,58,65,15" hai3="115,120,62,45,20,40,11,88,30,66,3,6,41"/><W5/><G115/><T46/><D122/><U21/><E43/><V109/><F117/><W82/><G120/><T25/><D0/><U121/><E51/><V89/><F109/><W113/><G113/><T84/><D70/><U134/><E134/><V85/><F128/><W38/><G41/><T79/><D47/><U71/><E71/><V86/><F125/><W76/><G6/><T56/><D56/><U116/><E121/><V111/><F111/><W91/><G20/><T61/><D61/><U69/><E69/><V68/><F68/><N who="3" m="42071" /><G30/><T135/><D135/><U87/><E116/><V129/><F129/><W4/><G4/><T92/><REACH who="0" step="1"/><D18/><REACH who="0" ten="264,275,234,217" step="2"/><U97/><E35/><V73/><F58/><W48/><G48/><T36/><D36/><U108/><E32/><V101/><F67/><W22/><G22/><T28/><D28/><U119/><E108/><V64/><F23/><W27/><G27/><T126/><AGARI ba="0,1" hai="25,29,34,42,46,49,79,83,84,92,98,103,126,127" machi="126" ten="30,7900,0" yaku="1,1,0,1,52,2,53,0" doraHai="132" doraHaiUra="14" who="0" fromWho="0" sc="264,89,275,-20,234,-20,217,-39" owari="353,45.3,255,5.5,214,-18.6,178,-32.2" /></mjloggm>