<mjloggm ver="2.3"><GO type="225" lobby="0"/><UN n0="%E6%A0%B9%E5%85%83%E3%81%8B%E3%82%89%E5%90%B9%E3%81%A3%E9%A3%9B%E3%81%B6" n1="%E6%B7%91%E5%A5%B3%E3%81%AE%E5%97%9C%E3%81%BF" n2="%E3%81%90%E3%81%A1%E3%82%84%E3%81%BE" n3="%E3%81%BF%E3%81%BF%E3%81%9A" dan="17,16,16,18" rate="2111.76,2131.64,2136.50,2216.28" sx="F,M,M,M"/><TAIKYOKU oya="0"/><INIT seed="0,0,0,5,4,3" ten="250,250,250,250" oya="0" hai0="90,110,93,59,19,132,27,123,6,41,26,58,116" hai1="7,56,112,96,61,75,40,86,118,55,89,66,51" hai2="18,47,79,121,97,83,102,91,109,73,39,28,12" hai3="134,126,100,95,81,43,33,135,17,25,32,124,23"/><T45/><D116/><U107/><E118/><V117/><F109/><W133/><G43/><T115/><D123/><U14/><E75/><V92/><F121/><W0/><G81/><T21/><D115/><U99/><E112/><V62/><F117/><W103/><G95/><T127/><D127/><N who="3" m="48681" /><G0/><T22/><D132/><N who="3" m="33793" /><W9/><DORA hai="13" /><G9/><T114/><D114/><U128/><E107/><V30/><F62/><W64/><G64/><T29/><D110/><U82/><E128/><V10/><REACH who="2" step="1"/><F102/><AGARI ba="0,0" hai="17,23,25,32,33,100,102,103" m="33793,48681" machi="102" ten="50,6400,0" yaku="18,1,20,1,52,1" doraHai="3,13" who="3" fromWho="2" sc="250,0,250,0,250,-64,250,64" /><INIT seed="1,0,0,0,3,50" ten="250,250,186,314" oya="1" hai0="30,2,49,13,93,120,98,28,10,117,85,113,94" hai1="105,132,6,63,42,33,88,127,60,46,34,18,78" hai2="121,114,74,59,101,37,75,61,41,107,119,109,25" hai3="70,53,73,38,56,52,3,32,1,29,24,122,16"/><U55/><E127/><V81/><F119/><W133/><G122/><T126/><D113/><U12/><E132/><V23/><F121/><W112/><G70/><T106/><D117/><U45/><E105/><V100/><F109/><W69/><G112/><T5/><D120/><U123/><E123/><V102/><F107/><W11/><G69/><T128/><D128/><U71/><E6/><V83/><F114/><W17/><G38/><T72/><D72/><U95/><E78/><V20/><F74/><W99/><G73/><T65/><D126/><U14/><E14/><V57/><F57/><W21/><G133/><T103/><D65/><U62/><E71/><V48/><F37/><W125/><G125/><T108/><D108/><U90/><E42/><V84/><F75/><W97/><G53/><T15/><D106/><U9/><E90/><V91/><F83/><W80/><G80/><T131/><D131/><U130/><E130/><V92/><F81/><W110/><G110/><T7/><D2/><U115/><E115/><V116/><F116/><W96/><G17/><T124/><D49/><N who="1" m="29103" /><E34/><V51/><F41/><W35/><G11/><N who="0" m="4335" /><D124/><U104/><E33/><V31/><REACH who="2" step="1"/><F20/><REACH who="2" ten="250,250,176,314" step="2"/><W22/><G35/><T44/><D44/><U0/><E104/><V27/><F27/><W86/><G32/><T4/><D4/><U67/><E46/><V79/><F79/><W40/><G40/><T8/><D8/><U64/><E0/><V77/><F77/><W68/><G68/><T54/><D10/><U43/><E43/><V19/><F19/><N who="3" m="12351" /><G1/><T26/><D7/><U89/><E95/><RYUUKYOKU ba="0,1" sc="250,-15,250,15,176,15,314,-15" hai1="9,12,18,60,62,63,64,67,88,89" hai2="23,25,31,48,51,59,61,84,91,92,100,101,102" /><INIT seed="1,1,1,3,5,134" ten="235,265,191,299" oya="1" hai0="101,11,26,92,99,103,21,5,30,84,123,16,23" hai1="72,79,28,6,63,124,77,106,125,12,58,41,31" hai2="115,2,0,117,98,20,120,95,10,29,35,1,104" hai3="69,50,75,109,32,14,37,91,82,80,64,97,42"/><U27/><E106/><V3/><F104/><W17/><G32/><T68/><D68/><U73/><E41/><V114/><F95/><W81/><G109/><T110/><D110/><U48/><E48/><V88/><F98/><W19/><G37/><T89/><D123/><U52/><E6/><N who="2" m="1351" /><F88/><W83/><G69/><T54/><D54/><U86/><E12/><V94/><F94/><N who="3" m="56543" /><G75/><T53/><D53/><U44/><E44/><V36/><F36/><W113/><G113/><N who="2" m="43017" /><F120/><W40/><G64/><T7/><D11/><U93/><E31/><V55/><F55/><W18/><N who="3" m="20480" /><DORA hai="112" /><W118/><G118/><T22/><D22/><U100/><E73/><V66/><F66/><W76/><G76/><T39/><D39/><U87/><E72/><V9/><F20/><N who="3" m="11319" /><G40/><T51/><D99/><N who="1" m="59503" /><E77/><V128/><F128/><W107/><G107/><T24/><D101/><U78/><E79/><V60/><F60/><W56/><G56/><T62/><D103/><U116/><E78/><V96/><F96/><W46/><AGARI ba="1,1" hai="18,19,42,46,50" m="11319,20480,56543" machi="46" ten="40,1500,0" yaku="8,1" doraHai="134,112" who="3" fromWho="3" sc="235,-5,265,-8,191,-5,299,28" /><INIT seed="2,0,0,4,3,132" ten="230,257,186,327" oya="2" hai0="109,95,56,13,34,72,125,106,23,129,71,20,63" hai1="55,33,66,91,18,114,78,107,50,15,115,80,31" hai2="69,122,2,32,94,96,133,5,4,29,12,3,10" hai3="84,0,105,21,30,81,98,79,121,42,97,47,75"/><V26/><F122/><W104/><G121/><T65/><D106/><U118/><E118/><V14/><F69/><W1/><G105/><T40/><D34/><U131/><E107/><V48/><F133/><W22/><G98/><T135/><D109/><U112/><E112/><V92/><F92/><W83/><G104/><T100/><D72/><U90/><E131/><V28/><F28/><W61/><G97/><N who="0" m="59455" /><D71/><U74/><E66/><V6/><F48/><W108/><G61/><T51/><D129/><U16/><E114/><V124/><F124/><W38/><G108/><T76/><D76/><U89/><E115/><V35/><F35/><W85/><G75/><T67/><D67/><U126/><E126/><V87/><F87/><W110/><G110/><T101/><D101/><U11/><E33/><V128/><F128/><W36/><G36/><T9/><D125/><U17/><REACH who="1" step="1"/><E31/><REACH who="1" ten="230,247,186,327" step="2"/><V82/><F82/><W49/><G30/><T7/><D135/><U77/><E77/><V70/><F70/><W45/><G0/><T53/><D40/><U130/><E130/><V113/><F113/><W62/><G1/><T93/><D93/><U68/><E68/><V134/><F134/><W60/><G83/><T64/><D65/><U27/><E27/><V127/><F127/><W59/><G81/><T19/><D19/><U52/><E52/><V102/><REACH who="2" step="1"/><F5/><REACH who="2" ten="230,247,176,327" step="2"/><W111/><G111/><T41/><D41/><U103/><E103/><V120/><F120/><W117/><G117/><T116/><D116/><U46/><AGARI ba="0,2" hai="11,15,16,17,18,46,50,55,74,78,80,89,90,91" machi="46" ten="30,4000,0" yaku="1,1,0,1,54,1,53,0" doraHai="132" doraHaiUra="37" who="1" fromWho="1" sc="230,-10,247,60,176,-20,327,-10" /><INIT seed="3,0,0,5,2,119" ten="220,307,156,317" oya="3" hai0="120,60,8,17,100,75,118,5,128,11,47,132,45" hai1="20,13,129,102,21,95,3,31,74,86,52,90,76" hai2="12,88,103,123,133,33,9,29,55,42,114,32,99" hai3="113,80,94,37,101,1,25,70,78,124,110,134,48"/><W49/><G113/><T64/><D118/><U106/><E3/><V111/><F114/><W40/><G37/><T126/><D75/><U24/><E129/><V66/><F111/><W93/><G70/><T39/><D128/><U116/><E116/><V84/><F133/><W115/><G1/><T71/><D126/><U73/><E73/><V43/><F66/><W63/><G115/><T34/><D34/><U41/><E41/><V96/><F55/><W46/><G124/><T131/><D39/><U14/><E21/><V36/><F123/><W30/><G110/><T44/><D131/><U2/><E2/><V108/><F108/><W62/><G49/><T54/><D100/><U22/><E22/><V27/><F33/><W38/><G38/><T122/><D132/><U77/><E52/><V59/><F59/><W72/><G134/><T10/><D5/><U109/><E76/><V67/><F67/><W15/><G15/><T7/><D7/><U56/><E56/><V130/><F130/><W135/><G135/><T26/><REACH who="0" step="1"/><D54/><REACH who="0" ten="210,307,156,317" step="2"/><U57/><E109/><V68/><F68/><W83/><G101/><T28/><D28/><U4/><E4/><V0/><F0/><W6/><G6/><T97/><D97/><N who="1" m="61775" /><E74/><V85/><F85/><W105/><G105/><T16/><D16/><U81/><E31/><V104/><F96/><W19/><G19/><T35/><D35/><U107/><E107/><V51/><F36/><W112/><G112/><T61/><D61/><N who="3" m="23049" /><G30/><T92/><D92/><N who="3" m="35433" /><G83/><T53/><D53/><U58/><E95/><N who="2" m="54663" /><F51/><W117/><G117/><T125/><D125/><RYUUKYOKU ba="0,1" sc="210,10,307,-30,156,10,317,10" hai0="8,10,11,17,26,44,45,47,60,64,71,120,122" hai2="9,12,27,29,32,42,43,99,103,104" hai3="25,40,46,48,72,78,80" owari="220,-18.0,277,7.7,166,-33.4,337,43.7" /></mjloggm>