<mjloggm ver="2.3"><GO type="225" lobby="0"/><UN n0="%E5%8D%A0%E3%81%84%E5%B8%AB%E8%A3%8F%E3%81%AA%E3%81%84%E3%81%97" n1="%E6%A5%93%E4%BB%8B" n2="%77%72%77%72%77%72%77%72" n3="%E5%91%A8%E6%9D%B1" dan="17,16,16,17" rate="2195.20,2074.45,2163.58,2137.35" sx="M,M,M,M"/><TAIKYOKU oya="0"/><INIT seed="0,0,0,0,5,37" ten="250,250,250,250" oya="0" hai0="130,46,82,58,7,77,12,14,123,132,32,113,110" hai1="42,104,36,79,40,99,88,129,90,65,18,76,19" hai2="59,11,49,33,3,8,71,45,108,9,2,22,47" hai3="112,107,25,64,53,121,93,83,119,98,72,84,118"/><T28/><D113/><U24/><E36/><V101/><F71/><W26/><G64/><T74/><D123/><U23/><E65/><V62/><F33/><W20/><G112/><T60/><D132/><U135/><E129/><V87/><F108/><W38/><G38/><T122/><D122/><U94/><E104/><V124/><F124/><W100/><G121/><T91/><D130/><U10/><E135/><V21/><F101/><W54/><G26/><T52/><D110/><U50/><E90/><V73/><F73/><W6/><G6/><T0/><D0/><U63/><E63/><V120/><F120/><W96/><G72/><T43/><D7/><U111/><E111/><V69/><F69/><W70/><G70/><T105/><D105/><U117/><E117/><V44/><F49/><W95/><G107/><T30/><D91/><U15/><E50/><V29/><F87/><W125/><G125/><T34/><D34/><U57/><REACH who="1" step="1"/><E57/><REACH who="1" ten="250,240,250,250" step="2"/><V80/><F59/><W92/><G119/><T51/><REACH who="0" step="1"/><D32/><REACH who="0" ten="240,240,250,250" step="2"/><U97/><E97/><N who="3" m="37482" /><G118/><T66/><D66/><U128/><E128/><V86/><F2/><W67/><G100/><T115/><D115/><U27/><E27/><V114/><F3/><W56/><G67/><T13/><AGARI ba="0,2" hai="12,13,14,28,30,43,46,51,52,58,60,74,77,82" machi="13" ten="30,11700,0" yaku="1,1,0,1,52,1,54,1,53,0" doraHai="37" doraHaiUra="116" who="0" fromWho="0" sc="240,137,240,-39,250,-39,250,-39" /><INIT seed="0,1,0,2,5,21" ten="377,201,211,211" oya="0" hai0="119,6,74,37,106,115,32,41,70,57,73,107,80" hai1="120,71,68,123,42,29,122,40,45,2,79,63,135" hai2="36,126,95,50,86,83,118,9,87,81,39,31,66" hai3="104,15,34,12,90,19,127,46,8,125,82,133,130"/><T111/><D115/><U114/><E2/><V67/><F126/><N who="3" m="48139" /><G104/><T93/><D119/><U75/><E114/><V101/><F118/><W52/><G34/><T85/><D70/><U108/><E79/><V64/><F31/><W60/><G130/><T22/><D32/><U112/><E75/><V58/><F9/><W77/><G133/><T43/><D6/><U3/><E3/><V49/><F101/><W35/><G35/><T18/><D111/><U1/><E1/><V99/><F99/><W96/><G15/><T48/><D37/><U121/><E121/><V132/><F95/><N who="3" m="56439" /><G60/><T89/><D106/><U25/><E108/><V17/><F17/><W5/><G46/><T94/><D94/><U13/><E13/><V0/><F0/><W38/><G52/><N who="0" m="31879" /><D107/><U14/><E112/><V129/><F132/><W69/><G69/><T23/><D23/><U109/><E109/><V105/><F105/><W91/><G38/><N who="2" m="14377" /><F58/><W51/><G5/><T59/><D59/><U113/><E113/><V65/><F65/><W33/><G33/><T7/><D7/><U28/><E135/><V27/><F129/><W20/><G20/><T134/><D134/><U16/><E71/><V84/><F50/><W92/><G51/><T54/><D54/><U128/><E128/><V62/><F49/><W56/><G56/><T26/><D74/><U61/><E68/><V30/><F62/><W116/><G116/><T11/><D11/><N who="1" m="6239" /><E63/><V76/><F81/><W24/><G82/><T10/><D10/><U97/><E61/><V47/><F47/><W44/><G44/><T110/><D110/><RYUUKYOKU ba="1,0" sc="377,15,201,-15,211,15,211,-15" hai0="18,22,26,41,43,73,80,85,89,93" hai2="27,30,64,66,67,76,83,84,86,87" /><INIT seed="0,2,0,4,2,59" ten="392,186,226,196" oya="0" hai0="0,45,9,33,39,111,129,15,20,30,26,130,52" hai1="100,90,68,95,22,74,121,79,110,109,77,42,104" hai2="34,82,64,1,43,40,84,25,55,46,10,19,63" hai3="24,47,98,126,50,51,49,87,18,31,12,118,123"/><T128/><D39/><U2/><E2/><V66/><F34/><W97/><G118/><T131/><D129/><U94/><E42/><N who="2" m="15915" /><F1/><W38/><G123/><T96/><D96/><N who="1" m="61447" /><E68/><V91/><F25/><W17/><G38/><T61/><D111/><N who="1" m="42507" /><E22/><V36/><F36/><W106/><G126/><T70/><D0/><U11/><E11/><V7/><F7/><W102/><G98/><T101/><D101/><U93/><E121/><V57/><F46/><W127/><G127/><T53/><D45/><U99/><E74/><V4/><F4/><W14/><G47/><T13/><D33/><U72/><E72/><V122/><F122/><W54/><G54/><N who="0" m="21099" /><D9/><U56/><E56/><V16/><F10/><W6/><G6/><T132/><D132/><U133/><E133/><V112/><F112/><W88/><G14/><T48/><D48/><U60/><E60/><V107/><F107/><W89/><G12/><T113/><D113/><U117/><E117/><V116/><F116/><W86/><G24/><T92/><D92/><AGARI ba="2,0" hai="77,79,90,92,93,94,95,99" m="42507,61447" machi="92" ten="30,3900,0" yaku="14,1,34,2" doraHai="59" who="1" fromWho="0" sc="392,-45,186,45,226,0,196,0" /><INIT seed="1,0,0,0,5,112" ten="347,231,226,196" oya="1" hai0="113,58,84,66,53,38,8,93,73,101,21,97,19" hai1="128,92,99,89,86,135,17,46,56,133,34,2,103" hai2="88,100,72,71,60,69,75,81,74,117,49,122,62" hai3="29,102,47,7,15,109,61,57,95,123,126,10,37"/><U13/><E34/><V41/><F117/><W83/><G109/><T9/><D73/><U52/><E2/><V130/><F122/><W50/><G126/><T116/><D38/><U63/><E128/><V12/><F130/><W76/><G123/><T68/><D113/><U65/><E46/><V125/><F125/><W54/><G37/><T79/><D116/><U11/><REACH who="1" step="1"/><E65/><REACH who="1" ten="347,221,226,196" step="2"/><V70/><F75/><W67/><G29/><T32/><D32/><U3/><E3/><V59/><F74/><W131/><G131/><T124/><D66/><U27/><E27/><V87/><F72/><W24/><G24/><N who="0" m="14399" /><D124/><U43/><E43/><V25/><F25/><W45/><G45/><T82/><D68/><U132/><E132/><V30/><F41/><W44/><G47/><T1/><D1/><U55/><E55/><V91/><F12/><W104/><G15/><T94/><D94/><AGARI ba="0,1" hai="11,13,17,52,56,63,86,89,92,94,99,103,133,135" machi="94" ten="40,12000,1" yaku="1,1,54,1,53,2" doraHai="112" doraHaiUra="90" who="1" fromWho="0" sc="347,-120,221,130,226,0,196,0" /><INIT seed="1,1,0,0,4,89" ten="227,351,226,196" oya="1" hai0="59,20,41,48,16,49,12,60,84,27,57,3,115" hai1="43,19,72,94,121,47,82,99,28,34,130,7,22" hai2="119,133,24,71,90,98,38,23,116,1,83,97,2" hai3="29,92,96,100,79,15,129,74,128,122,30,135,108"/><U32/><E121/><V25/><F38/><W39/><G39/><T127/><D3/><U66/><E130/><N who="3" m="50282" /><G122/><T131/><D131/><U109/><E7/><V54/><F71/><W50/><G135/><T69/><D127/><U81/><E66/><V86/><F133/><W6/><G108/><T21/><D115/><U85/><E72/><V63/><F24/><W134/><G134/><T4/><D69/><U0/><E0/><V58/><F1/><W42/><G79/><T18/><D41/><U65/><E65/><V26/><F26/><W125/><G74/><T126/><D126/><U53/><E53/><V123/><F123/><W40/><G125/><T56/><D60/><U8/><E8/><V93/><F98/><W52/><G42/><T51/><D4/><U33/><E85/><AGARI ba="1,0" hai="12,16,18,20,21,27,48,49,51,56,57,59,84,85" machi="85" ten="40,2600,0" yaku="8,1,54,1" doraHai="89" who="0" fromWho="1" sc="227,29,351,-29,226,0,196,0" /><INIT seed="2,0,0,4,3,38" ten="256,322,226,196" oya="2" hai0="33,99,113,100,90,39,117,3,47,91,56,72,106" hai1="134,94,15,45,74,14,10,34,63,84,83,43,22" hai2="81,19,9,20,107,85,61,16,7,13,129,32,0" hai3="77,59,108,67,93,46,4,127,28,31,88,119,18"/><V110/><F107/><W86/><G119/><T51/><D113/><U17/><E34/><V73/><F129/><W95/><G108/><T44/><D117/><U70/><E134/><V96/><F110/><W25/><G127/><T30/><D3/><U37/><E94/><V55/><F32/><W80/><G4/><T21/><D33/><U103/><E103/><V109/><F109/><W23/><G95/><T50/><D72/><U79/><E63/><V125/><F125/><W66/><G46/><T68/><D68/><U87/><E70/><V116/><F116/><W130/><G130/><T54/><D39/><U102/><E102/><V132/><F132/><W120/><G120/><T128/><D56/><U69/><E69/><V60/><F73/><W131/><G131/><T112/><D112/><U6/><AGARI ba="0,0" hai="6,10,14,15,17,22,37,43,45,74,79,83,84,87" machi="6" ten="20,2700,0" yaku="0,1,7,1,52,1" doraHai="38" who="1" fromWho="1" sc="256,-7,322,27,226,-13,196,-7" /><INIT seed="3,0,0,4,5,16" ten="249,349,213,189" oya="3" hai0="88,80,81,76,22,62,24,49,96,99,4,91,71" hai1="60,29,19,14,48,17,35,43,57,83,106,32,33" hai2="55,101,20,94,61,121,130,104,68,93,8,0,51" hai3="72,44,100,28,126,9,125,108,45,58,25,52,103"/><W36/><G72/><T85/><D4/><U54/><E106/><V112/><F112/><W26/><G9/><T122/><D122/><U15/><E29/><V105/><F121/><W38/><G108/><T12/><D12/><U40/><E83/><V70/><F105/><W117/><G117/><T129/><D129/><U63/><E19/><V92/><F130/><W75/><G75/><T39/><D39/><U6/><E15/><V74/><F74/><W47/><G38/><T77/><D71/><U23/><E6/><V5/><F61/><W67/><G67/><T42/><D62/><U11/><E11/><V79/><F79/><N who="0" m="30282" /><D49/><U107/><E107/><V56/><F101/><N who="3" m="38987" /><G36/><T135/><D42/><U2/><E2/><V66/><F104/><W90/><G90/><N who="0" m="34347" /><D135/><U120/><E120/><V89/><F68/><W37/><G37/><T53/><D53/><U13/><E13/><V111/><F111/><W109/><G109/><T98/><D85/><U132/><E132/><V69/><F69/><W124/><G28/><AGARI ba="0,0" hai="22,24,28,80,81,96,98,99" m="34347,30282" machi="28" ten="30,3900,0" yaku="8,1,52,1,54,1" doraHai="16" who="0" fromWho="3" sc="249,39,349,0,213,0,189,-39" owari="288,8.8,349,44.9,213,-18.7,150,-35.0" /></mjloggm>