<mjloggm ver="2.3"><GO type="225" lobby="0"/><UN n0="%E3%81%BF%E3%81%BF%E3%81%9A" n1="%72%65%6E%6B%75%6E" n2="%E7%99%BD%E5%80%89%E5%AF%9B%E4%B9%8B" n3="%E6%A1%9C%E8%8A%B1%E9%96%83%E3%80%85" dan="18,17,16,16" rate="2283.89,2209.43,2072.11,2190.97" sx="M,M,M,M"/><TAIKYOKU oya="0"/><INIT seed="0,0,0,1,5,81" ten="250,250,250,250" oya="0" hai0="114,120,123,122,112,71,127,47,57,21,26,59,63" hai1="23,116,74,125,75,117,62,5,67,32,108,88,133" hai2="14,48,42,37,16,102,76,115,24,109,60,126,121" hai3="79,72,89,70,118,93,53,8,49,96,52,39,107"/><T34/><D34/><U61/><E32/><V101/><F121/><W119/><G119/><T78/><D127/><U18/><E5/><V80/><F115/><W87/><G118/><T0/><D0/><U73/><E125/><V28/><F126/><W27/><G39/><T103/><D103/><U45/><E45/><V106/><F37/><W69/><G8/><T29/><D47/><U51/><E51/><V38/><F38/><W86/><G27/><T99/><D99/><U3/><E3/><V134/><F109/><W104/><G53/><T17/><D29/><U13/><E108/><V35/><F134/><W130/><G130/><T11/><D11/><U56/><E133/><V77/><F106/><W111/><G104/><T65/><REACH who="0" step="1"/><D78/><REACH who="0" ten="240,250,250,250" step="2"/><U6/><E116/><V36/><F77/><W132/><G111/><T85/><D85/><U22/><E117/><V7/><F101/><N who="3" m="62887" /><G87/><T20/><D20/><U4/><E88/><V9/><F102/><W94/><G132/><T98/><D98/><U95/><E23/><V30/><F35/><W110/><G110/><T66/><D66/><U33/><E33/><V50/><F30/><W2/><G2/><T97/><D97/><U68/><REACH who="1" step="1"/><E95/><REACH who="1" ten="240,240,250,250" step="2"/><V105/><F105/><W131/><G94/><T124/><D124/><U92/><E92/><V55/><F9/><W84/><G93/><T82/><D82/><U135/><E135/><V15/><F80/><W128/><G89/><T100/><D100/><U31/><E31/><V46/><F28/><W40/><G79/><T10/><D10/><U64/><AGARI ba="0,2" hai="4,6,13,18,22,56,61,62,64,67,68,73,74,75" machi="64" ten="40,2700,0" yaku="1,1,0,1,53,0" doraHai="81" doraHaiUra="90" who="1" fromWho="1" sc="240,-13,240,47,250,-7,250,-7" /><INIT seed="1,0,0,5,3,84" ten="227,287,243,243" oya="1" hai0="22,115,25,113,98,69,63,45,30,1,114,39,35" hai1="134,76,100,120,77,80,33,93,85,26,60,128,36" hai2="34,99,50,37,131,70,23,58,104,106,117,91,94" hai3="109,21,74,130,119,124,6,105,20,41,7,126,55"/><U89/><E120/><V54/><F34/><W10/><G105/><T59/><D1/><U32/><E36/><V102/><F37/><W15/><G74/><T110/><D110/><U97/><E134/><V78/><F70/><W40/><G109/><T132/><D132/><U14/><E128/><V5/><F131/><W48/><G130/><T0/><D0/><U108/><E108/><V65/><F117/><W43/><G6/><T9/><D9/><U61/><E32/><V62/><F5/><W3/><G119/><T13/><D69/><U29/><E14/><V81/><F23/><W75/><G75/><T19/><D98/><U83/><REACH who="1" step="1"/><E100/><REACH who="1" ten="227,277,243,243" step="2"/><V51/><F102/><W92/><G3/><T4/><D4/><U28/><E28/><V27/><F27/><W67/><G124/><T49/><D39/><U47/><E47/><V46/><REACH who="2" step="1"/><F51/><REACH who="2" ten="227,277,233,243" step="2"/><W24/><G24/><T42/><REACH who="0" step="1"/><D114/><REACH who="0" ten="217,277,233,243" step="2"/><U17/><E17/><V2/><F2/><W121/><G7/><T87/><D87/><AGARI ba="0,3" hai="26,29,33,60,61,76,77,80,83,85,87,89,93,97" machi="87" ten="30,12000,1" yaku="1,1,7,1,9,1,52,1,53,1" doraHai="84" doraHaiUra="88" who="1" fromWho="0" sc="217,-120,277,150,233,0,243,0" /><AGARI ba="0,0" hai="46,50,54,58,62,65,78,81,87,91,94,99,104,106" machi="87" ten="30,7700,0" yaku="1,1,7,1,52,1,53,1" doraHai="84" doraHaiUra="88" who="2" fromWho="0" sc="97,-77,427,0,233,77,243,0" /><INIT seed="1,1,0,2,4,105" ten="20,427,310,243" oya="1" hai0="26,72,129,67,122,104,66,52,93,127,9,25,54" hai1="114,132,45,85,80,78,134,40,59,89,99,116,37" hai2="108,36,96,95,112,103,65,107,124,84,14,7,48" hai3="135,62,8,29,5,11,13,43,19,98,60,15,35"/><U44/><E116/><V32/><F36/><W92/><G135/><T31/><D104/><U24/><E114/><V83/><F32/><W10/><G43/><T71/><D127/><U79/><E44/><V30/><F112/><W18/><G35/><T133/><D133/><U1/><E1/><V2/><F124/><W22/><G29/><T126/><D126/><U39/><E39/><V4/><F30/><W86/><G86/><T42/><D42/><U64/><E24/><V0/><F108/><W47/><G47/><T113/><D113/><U55/><E64/><V21/><F65/><W120/><G120/><T51/><D129/><U28/><E28/><V130/><F130/><W50/><G50/><T94/><D51/><U3/><E3/><V6/><F107/><W75/><G75/><T90/><D9/><N who="3" m="3689" /><G19/><T70/><D31/><U97/><E132/><V56/><F21/><W82/><G82/><T20/><D20/><U58/><E58/><V49/><F14/><W33/><G33/><T106/><D106/><U74/><E134/><V17/><F17/><W131/><G131/><T110/><D110/><U125/><E125/><V81/><F81/><W115/><G115/><T102/><D102/><AGARI ba="1,0" hai="5,11,13,15,18,22,60,62,92,98,102" m="3689" machi="102" ten="30,1000,0" yaku="8,1" doraHai="105" who="3" fromWho="0" sc="20,-13,427,0,310,0,243,13" /><INIT seed="2,0,0,3,0,59" ten="7,427,310,256" oya="2" hai0="14,75,113,58,64,110,97,68,91,33,103,60,69" hai1="105,121,56,83,95,1,119,34,96,107,80,90,84" hai2="23,133,37,102,98,116,81,27,86,128,4,17,76" hai3="47,24,22,73,126,94,41,32,43,10,124,48,120"/><V70/><F37/><W55/><G120/><T78/><D113/><U19/><E119/><V0/><F116/><W123/><G123/><T16/><D110/><U127/><E121/><V35/><F128/><W51/><G32/><T50/><D91/><U130/><E130/><V100/><F133/><W125/><G73/><T26/><D75/><U31/><E1/><V114/><F114/><W42/><G10/><T3/><D3/><U111/><E19/><V66/><F35/><W74/><G94/><T57/><D78/><U12/><E12/><V36/><F36/><W99/><G99/><T40/><D69/><U77/><E31/><V61/><REACH who="2" step="1"/><F98/><REACH who="2" ten="7,427,300,256" step="2"/><W104/><G74/><T2/><D2/><U131/><E34/><V118/><F118/><W93/><G104/><T109/><D109/><U53/><E96/><V71/><F71/><W25/><G93/><T108/><D108/><U45/><E95/><V7/><F7/><W88/><G125/><T18/><D40/><U135/><E105/><V29/><F29/><W46/><G126/><T117/><D117/><U92/><E107/><V82/><F82/><W87/><G124/><T101/><D97/><N who="1" m="57495" /><E127/><V85/><F85/><W49/><G42/><T44/><D33/><U115/><E115/><V129/><F129/><W122/><G122/><T106/><D106/><U39/><E111/><V134/><F134/><W11/><G43/><N who="0" m="24863" /><D26/><U67/><E135/><V5/><F5/><W21/><G25/><T132/><D132/><U8/><E131/><V72/><F72/><W65/><G24/><T112/><D112/><U6/><E39/><RYUUKYOKU ba="0,1" sc="7,-10,427,-10,300,30,256,-10" hai2="0,4,17,23,27,61,66,70,76,81,86,100,102" owari="-3,-50.3,427,52.7,330,13.0,246,-15.4" /></mjloggm>