<mjloggm ver="2.3"><GO type="225" lobby="0"/><UN n0="%73%68%75%6D%70" n1="%E6%81%A5%E6%99%92%E3%81%97" n2="%E3%81%A4%E3%81%A3%E3%81%B1%E3%82%8A%E3%83%9D%E3%83%BC%E3%83%AB" n3="%E3%83%96%E3%83%83%E3%83%91%E3%82%AA%E3%83%96%E3%83%81%E3%82%AD%E3%83%B3" dan="16,16,17,16" rate="2113.27,2107.50,2173.73,2184.86" sx="M,M,M,M"/><TAIKYOKU oya="0"/><INIT seed="0,0,0,1,0,99" ten="250,250,250,250" oya="0" hai0="53,65,121,73,5,95,74,17,72,128,110,34,116" hai1="21,127,61,97,20,3,41,31,92,118,45,44,9" hai2="59,4,35,103,36,119,135,66,62,106,98,39,91" hai3="132,24,83,14,27,85,71,75,131,46,82,51,113"/><T115/><D116/><U29/><E127/><V49/><F119/><W48/><G113/><T93/><D115/><U18/><E118/><V38/><F135/><W0/><G0/><T90/><D121/><U37/><E61/><V122/><F122/><W15/><G71/><T43/><D128/><U76/><E76/><V109/><F109/><W40/><G132/><T1/><D34/><U94/><E3/><V22/><F35/><W96/><G131/><T84/><D43/><U23/><E45/><V108/><F108/><W70/><G70/><T89/><D65/><U2/><E94/><V68/><F4/><W26/><G75/><T107/><D107/><U129/><E129/><V81/><F22/><W52/><G96/><T12/><D110/><U100/><REACH who="1" step="1"/><E18/><REACH who="1" ten="250,240,250,250" step="2"/><V11/><F68/><W30/><G30/><T78/><D1/><U60/><E60/><V64/><F64/><W86/><G83/><T25/><D78/><U123/><E123/><V57/><F81/><W33/><G33/><T47/><D47/><U58/><E58/><V88/><F59/><N who="3" m="33159" /><G82/><T102/><D95/><U133/><E133/><V87/><F57/><W55/><G40/><T120/><D93/><U19/><E19/><V32/><F62/><W50/><G51/><T54/><D17/><U114/><E114/><V28/><F49/><W10/><G10/><T112/><D112/><U105/><E105/><V67/><F11/><W124/><G124/><T56/><D120/><U130/><E130/><V117/><F117/><W7/><G7/><AGARI ba="0,1" hai="2,7,9,20,21,23,29,31,37,41,44,92,97,100" machi="7" ten="40,2600,0" yaku="1,1,52,1,53,0" doraHai="99" doraHaiUra="63" who="1" fromWho="3" sc="250,0,240,36,250,0,250,-26" /><INIT seed="1,0,0,5,5,107" ten="250,276,250,224" oya="1" hai0="21,53,14,102,120,110,16,97,24,121,51,105,29" hai1="96,23,67,90,83,86,88,7,77,45,76,78,37" hai2="25,58,81,0,46,69,70,64,32,94,82,126,42" hai3="124,99,98,122,2,101,60,15,93,71,54,119,103"/><U85/><E7/><V63/><F0/><W75/><G122/><T10/><REACH who="0" step="1"/><D110/><REACH who="0" ten="240,276,250,224" step="2"/><U40/><E67/><V130/><F64/><W132/><G119/><T17/><D17/><U123/><E123/><V113/><F70/><W68/><G68/><T27/><D27/><U95/><REACH who="1" step="1"/><E23/><REACH who="1" ten="240,266,250,224" step="2"/><V133/><F69/><W49/><G71/><T91/><D91/><U5/><E5/><V116/><F116/><W80/><G103/><T20/><D20/><U38/><E38/><V43/><F32/><W33/><G101/><T112/><D112/><U59/><E59/><AGARI ba="0,2" hai="10,14,16,21,24,29,51,53,59,97,102,105,120,121" machi="59" ten="40,8000,1" yaku="21,2,54,1,53,1" doraHai="107" doraHaiUra="18" who="0" fromWho="1" sc="240,100,266,-80,250,0,224,0" /><INIT seed="2,0,0,3,1,28" ten="340,186,250,224" oya="2" hai0="87,24,1,101,122,58,114,62,44,52,30,64,40" hai1="79,94,23,70,60,135,113,25,47,102,115,0,108" hai2="17,124,92,3,103,6,120,69,93,65,72,29,110" hai3="33,45,20,127,118,36,48,19,95,37,73,130,75"/><V7/><F120/><W96/><G118/><T39/><D122/><U91/><E0/><V67/><F72/><W59/><G127/><T42/><D1/><U126/><E126/><V86/><F69/><W41/><G130/><T71/><D114/><U8/><E135/><V89/><F124/><W35/><G75/><T57/><D101/><U133/><E108/><V117/><F117/><W53/><G37/><T18/><D18/><U34/><E133/><V83/><F110/><W116/><G73/><T97/><D97/><U31/><E79/><V81/><F29/><W13/><REACH who="3" step="1"/><G116/><REACH who="3" ten="340,186,250,214" step="2"/><T80/><D42/><U119/><E119/><V50/><F3/><W10/><G10/><T63/><D71/><U100/><E113/><V107/><F6/><W55/><G55/><T68/><D68/><U76/><E115/><V129/><F7/><W43/><G43/><T5/><D5/><U27/><E8/><V16/><F129/><W32/><G32/><T46/><D40/><U26/><E34/><V99/><F67/><W90/><AGARI ba="0,1" hai="13,19,20,33,35,36,41,45,48,53,59,90,95,96" machi="90" ten="20,12000,2" yaku="1,1,0,1,7,1,52,2,53,1" doraHai="28" doraHaiUra="12" who="3" fromWho="3" sc="340,-30,186,-30,250,-60,214,130" /><INIT seed="3,0,0,3,1,37" ten="310,156,190,344" oya="3" hai0="100,2,15,131,109,58,68,28,74,98,83,5,116" hai1="45,81,80,64,20,122,65,105,118,133,77,130,99" hai2="57,29,63,97,23,47,128,76,129,117,3,96,91" hai3="86,36,33,59,10,89,14,42,123,125,49,35,92"/><W90/><G123/><T13/><D68/><U135/><E122/><V60/><F117/><W87/><G125/><T61/><D109/><U106/><E20/><V101/><F3/><W44/><G59/><T75/><D131/><N who="2" m="50250" /><F76/><W115/><G36/><T93/><D28/><U110/><E130/><V40/><F91/><W41/><G115/><T95/><D2/><U84/><E110/><V48/><F101/><W50/><G50/><T121/><D116/><U53/><E53/><N who="2" m="33839" /><F63/><W24/><G24/><AGARI ba="0,0" hai="23,24,29,40,47,48,96,97" m="33839,50250" machi="24" ten="30,2000,0" yaku="19,1,52,1" doraHai="37" who="2" fromWho="3" sc="310,0,156,0,190,20,344,-20" owari="310,11.0,156,-34.4,210,-19.0,324,42.4" /></mjloggm>