<mjloggm ver="2.3"><GO type="225" lobby="0"/><UN n0="%E3%82%BC%E3%83%AB%E3%83%80%E3%81%AE%E4%BC%9D%E8%AA%AC" n1="%E3%83%96%E3%83%83%E3%83%91%E3%82%AA%E3%83%96%E3%83%81%E3%82%AD%E3%83%B3" n2="%E6%9D%B1%E9%A2%A8%E3%81%AE%E3%81%8D%E3%82%83%E3%81%B7%E3%81%95%E3%82%93" n3="%E5%B8%86%E7%AB%8B%E5%A4%8F%E8%A1%A3" dan="17,17,16,17" rate="2122.41,2198.29,2193.23,2201.01" sx="M,M,M,M"/><TAIKYOKU oya="0"/><INIT seed="0,0,0,5,1,20" ten="250,250,250,250" oya="0" hai0="8,27,31,117,78,97,107,92,129,57,5,48,1" hai1="33,30,93,73,37,61,91,114,83,6,22,98,0" hai2="106,19,26,70,81,75,24,35,28,130,55,111,17" hai3="82,38,94,23,40,14,51,105,118,69,45,110,60"/><T44/><D117/><U46/><E114/><V101/><F111/><W115/><G105/><T11/><D129/><U66/><E33/><V128/><F55/><W87/><G115/><T43/><D11/><U90/><E0/><V85/><F75/><W120/><G120/><T15/><D78/><U74/><E6/><V56/><F70/><W71/><G118/><T100/><D57/><U103/><E37/><V18/><F56/><W32/><G32/><T9/><D107/><U7/><E46/><V10/><F101/><W126/><G126/><T72/><D72/><U67/><E7/><V64/><F64/><W25/><G38/><T63/><D63/><U95/><E67/><V89/><F106/><W4/><G94/><T50/><D50/><U79/><E74/><V58/><F58/><W122/><G110/><T84/><D84/><U76/><E95/><V52/><F52/><W59/><G122/><T104/><D104/><U132/><E132/><V96/><F96/><W42/><G42/><T36/><D36/><U29/><E79/><V134/><F10/><N who="3" m="4423" /><G60/><T124/><D124/><U125/><E125/><V2/><F2/><W65/><G59/><T54/><D43/><U121/><E121/><V133/><REACH who="2" step="1"/><F26/><REACH who="2" ten="250,250,240,250" step="2"/><W49/><G65/><T3/><REACH who="0" step="1"/><D9/><REACH who="0" ten="240,250,240,250" step="2"/><U39/><E61/><V68/><F68/><W21/><G69/><T88/><D88/><U16/><E90/><V135/><AGARI ba="0,2" hai="17,18,19,24,28,35,81,85,89,128,130,133,134,135" machi="135" ten="40,8000,1" yaku="1,1,0,1,20,1,52,1,53,1" doraHai="20" doraHaiUra="77" who="2" fromWho="2" sc="240,-40,250,-20,240,100,250,-20" /><INIT seed="1,0,0,4,2,100" ten="200,230,340,230" oya="1" hai0="111,113,64,115,118,78,1,130,24,99,65,44,117" hai1="103,17,26,5,52,37,80,96,95,91,66,61,106" hai2="92,56,120,20,15,121,57,89,134,114,87,55,62" hai3="2,135,9,119,54,85,14,43,75,60,46,33,98"/><U83/><E37/><V45/><F134/><W22/><G75/><T51/><D1/><U110/><E5/><V21/><F114/><N who="0" m="43530" /><D24/><U73/><E110/><V125/><F125/><W34/><G2/><T50/><D78/><U129/><E129/><V133/><F133/><W101/><G119/><N who="0" m="45579" /><D99/><N who="1" m="57855" /><E66/><N who="0" m="25705" /><D130/><U19/><E19/><V86/><F15/><W12/><G12/><T0/><D0/><U32/><E73/><V47/><F92/><W58/><G135/><T68/><D68/><U10/><E32/><V38/><F89/><W35/><G22/><T71/><D71/><U31/><E31/><V112/><F112/><W53/><G85/><T49/><D111/><U102/><E102/><V84/><F20/><W3/><G3/><T67/><N who="0" m="25713" /><T127/><DORA hai="6" /><D127/><U88/><E88/><V39/><F21/><W93/><G14/><T69/><D69/><U104/><E26/><V90/><F90/><W94/><G94/><T128/><D128/><U126/><E126/><V29/><F29/><W116/><G116/><T42/><AGARI ba="0,0" hai="42,44,49,50,51" m="25713,45579,43530" machi="42" ten="40,2700,0" yaku="34,2" doraHai="100,6" who="0" fromWho="0" sc="200,27,230,-13,340,-7,230,-7" /><INIT seed="2,0,0,4,0,111" ten="227,217,333,223" oya="2" hai0="54,59,44,65,78,37,125,93,6,102,7,76,20" hai1="96,14,32,18,53,17,89,103,122,64,15,87,35" hai2="90,74,120,82,127,99,58,94,61,109,23,0,108" hai3="50,63,112,62,2,135,45,33,49,29,3,69,88"/><V67/><F0/><W113/><G135/><T115/><D125/><U13/><E122/><V10/><F120/><W91/><G29/><T42/><D115/><N who="3" m="44105" /><G33/><T55/><D55/><U46/><E64/><V24/><F10/><W34/><G34/><T106/><D106/><U92/><E35/><V101/><F127/><W131/><G131/><T68/><D20/><U4/><E32/><V84/><REACH who="2" step="1"/><F74/><REACH who="2" ten="227,217,323,223" step="2"/><W97/><G3/><T117/><D117/><U26/><E4/><V77/><F77/><W121/><G2/><T114/><D76/><U130/><E130/><V100/><F100/><W56/><G121/><T38/><D78/><U129/><E129/><V110/><F110/><W47/><G91/><T126/><D126/><U51/><REACH who="1" step="1"/><E26/><REACH who="1" ten="227,207,323,223" step="2"/><V124/><F124/><W70/><G88/><T11/><D114/><U25/><E25/><V1/><F1/><W81/><G70/><T80/><D68/><U30/><E30/><AGARI ba="0,2" hai="23,24,30,58,61,67,82,84,90,94,99,101,108,109" machi="30" ten="40,12000,1" yaku="1,1,25,2,53,1" doraHai="111" doraHaiUra="79" who="2" fromWho="1" sc="227,0,207,-120,323,140,223,0" /><INIT seed="2,1,0,3,0,57" ten="227,87,463,223" oya="2" hai0="29,117,71,103,102,46,125,128,72,58,120,34,116" hai1="45,54,2,35,131,108,129,133,49,126,39,20,62" hai2="109,16,63,0,69,98,78,99,127,43,51,31,25" hai3="41,82,107,79,101,93,27,21,86,135,24,89,114"/><V67/><F0/><W37/><G135/><T112/><D112/><U83/><E35/><V106/><F78/><W3/><G3/><T97/><D120/><U134/><E2/><V7/><F7/><W90/><G114/><T130/><D71/><U4/><E4/><V96/><F127/><W10/><G10/><T94/><D125/><U84/><E20/><V15/><F109/><W68/><G68/><T66/><D72/><U5/><E5/><V33/><F51/><W44/><G27/><N who="0" m="18751" /><D102/><U23/><E23/><N who="2" m="11679" /><F43/><W40/><G40/><T87/><D87/><U122/><E126/><V121/><F121/><W77/><G107/><T13/><D13/><U64/><E122/><V73/><F73/><W11/><G11/><T74/><D46/><U30/><E39/><V9/><F9/><W118/><G118/><N who="0" m="45675" /><D74/><U38/><E38/><V47/><F47/><W100/><G79/><T60/><AGARI ba="1,0" hai="58,60,66,94,97,103,128,130" m="45675,18751" machi="60" ten="30,2000,0" yaku="12,1,52,1" doraHai="57" who="0" fromWho="0" sc="227,23,87,-6,463,-11,223,-6" /><INIT seed="3,0,0,0,5,45" ten="250,81,452,217" oya="3" hai0="122,18,111,117,13,67,87,74,86,0,105,115,131" hai1="53,33,7,12,95,93,121,112,100,20,70,50,4" hai2="125,11,126,92,65,26,24,31,134,60,98,78,5" hai3="80,28,124,8,47,108,37,1,23,135,102,16,3"/><W118/><G102/><T40/><D0/><N who="3" m="73" /><G47/><T130/><D117/><U61/><E121/><V44/><F134/><W39/><G39/><T30/><D111/><U107/><E112/><V83/><F44/><W84/><G84/><T51/><D115/><U48/><E33/><V104/><F104/><W133/><G80/><T96/><D122/><U41/><E107/><V54/><F54/><W49/><G49/><N who="1" m="19050" /><E70/><V77/><F92/><N who="1" m="35401" /><E100/><V69/><F65/><W27/><G37/><T35/><D35/><U19/><E41/><V21/><F60/><W36/><G36/><T90/><D51/><U120/><E120/><V42/><F98/><W127/><G108/><T106/><D96/><U63/><E53/><V109/><F78/><W132/><G118/><T91/><D91/><U58/><E58/><V52/><F77/><W29/><G29/><T82/><D90/><U2/><E2/><V113/><F83/><W56/><G56/><T114/><D82/><U71/><E71/><V34/><F42/><W59/><G59/><T101/><D30/><U25/><E63/><V110/><F69/><W6/><G28/><T89/><D101/><U9/><E61/><V32/><F113/><W79/><G79/><T94/><D114/><U85/><E85/><V119/><F34/><W10/><G132/><T123/><D40/><U46/><E46/><V43/><F43/><W14/><G133/><T72/><D105/><U38/><E38/><V22/><F52/><W15/><G135/><T88/><D106/><U76/><E76/><V55/><F32/><W97/><G97/><N who="0" m="57543" /><D123/><U116/><E116/><RYUUKYOKU ba="0,0" sc="250,-15,81,15,452,-15,217,15" hai1="4,7,9,12,19,20,25" hai3="6,8,10,14,15,16,23,27,124,127" /><INIT seed="3,1,0,2,5,70" ten="235,96,437,232" oya="3" hai0="53,50,13,72,66,38,98,117,110,99,108,120,100" hai1="17,18,115,48,61,93,91,3,21,34,57,23,46" hai2="112,90,43,4,101,134,59,133,81,25,78,40,84" hai3="104,32,15,73,102,123,24,82,11,20,45,64,42"/><W132/><G123/><T71/><D117/><U109/><E115/><V97/><F4/><W85/><G132/><N who="2" m="50793" /><F112/><W51/><G32/><T103/><D38/><U47/><E109/><N who="0" m="42089" /><D72/><U44/><E34/><V116/><F116/><W95/><G104/><T7/><D120/><U122/><E122/><V27/><F59/><W9/><G64/><T92/><D7/><U33/><E33/><V36/><F78/><N who="3" m="46295" /><G73/><T124/><D124/><U121/><E3/><V8/><F8/><W89/><G102/><N who="0" m="60743" /><D13/><U105/><E105/><N who="2" m="63663" /><F40/><W80/><G80/><T26/><D26/><U22/><E121/><V1/><F1/><W28/><G15/><T106/><D103/><U55/><REACH who="1" step="1"/><E61/><REACH who="1" ten="235,86,437,232" step="2"/><V62/><F62/><W135/><G135/><T56/><D71/><U30/><E30/><V54/><F54/><W16/><G28/><T119/><D119/><U58/><E58/><V75/><F75/><W52/><G42/><T2/><D2/><U129/><E129/><V10/><F10/><W35/><G35/><T65/><AGARI ba="1,1" hai="50,53,56,65,66,99,100,106" m="60743,42089" machi="65" ten="30,1100,0" yaku="14,1" doraHai="70" who="0" fromWho="0" sc="235,24,86,-4,437,-4,232,-6" owari="259,5.9,82,-41.8,433,53.3,226,-17.4" /></mjloggm>