<mjloggm ver="2.3"><GO type="225" lobby="0"/><UN n0="%E4%BF%BA%E3%81%A8%E5%A6%96%E5%A4%A2" n1="%E7%B4%94%E6%BD%94%E3%83%94%E3%83%A9%E3%83%8B%E3%82%A2" n2="%E3%83%B4%E3%83%A0%EF%BC%99%E3%81%A6" n3="%E3%83%A9%E3%83%BC%E3%83%A1%E3%83%B3%E4%BA%94%E9%83%8E" dan="16,16,16,16" rate="2122.88,2100.79,2179.78,2070.02" sx="F,M,M,M"/><TAIKYOKU oya="0"/><INIT seed="0,0,0,2,5,80" ten="250,250,250,250" oya="0" hai0="35,73,70,39,135,25,49,116,81,92,47,7,106" hai1="44,51,124,93,125,3,8,17,99,11,82,12,83" hai2="132,41,118,46,74,114,1,68,84,32,45,28,108" hai3="115,0,22,94,57,66,56,2,85,105,88,91,98"/><T53/><D116/><U30/><E30/><V113/><F74/><W29/><G115/><T50/><D106/><U120/><E120/><V117/><F1/><W54/><G105/><T133/><D70/><U42/><E3/><V38/><F68/><W62/><G29/><T71/><D71/><U55/><E42/><V96/><F96/><W101/><G22/><T72/><D7/><U48/><E48/><V13/><F13/><W100/><G0/><T90/><D39/><U79/><E11/><V23/><F23/><W102/><G2/><T130/><D130/><U58/><E58/><V20/><F20/><W97/><REACH who="3" step="1"/><G91/><REACH who="3" ten="250,250,250,240" step="2"/><T14/><D90/><N who="1" m="55735" /><E79/><V31/><F31/><W15/><G15/><T65/><D14/><U33/><E33/><V123/><F32/><W19/><G19/><T36/><D35/><U5/><E17/><V27/><F28/><W104/><G104/><T103/><D25/><U4/><E5/><V52/><F27/><W16/><G16/><T87/><D135/><U40/><E125/><V129/><F132/><W43/><G43/><T112/><D133/><U59/><E124/><V6/><F41/><W78/><G78/><N who="0" m="46519" /><D112/><U61/><AGARI ba="0,1" hai="4,8,12,40,44,51,55,59,61,82,83" m="55735" machi="61" ten="30,1100,0" yaku="8,1" doraHai="80" who="1" fromWho="1" sc="250,-5,250,21,250,-3,240,-3" /><INIT seed="1,0,0,1,1,21" ten="245,271,247,237" oya="1" hai0="87,70,130,41,127,97,98,96,32,122,28,23,46" hai1="124,117,40,128,44,63,82,125,29,43,91,71,12" hai2="72,3,84,11,25,57,120,66,59,78,9,49,55" hai3="119,61,123,19,2,24,83,37,80,88,48,16,6"/><U129/><E12/><V134/><F120/><W33/><G123/><T81/><D122/><U116/><E29/><V93/><F134/><W100/><G37/><T10/><D32/><U114/><E91/><V4/><F72/><W35/><G100/><T75/><D70/><U112/><E82/><V38/><F38/><W108/><G2/><T13/><D127/><N who="1" m="48715" /><E63/><V106/><F78/><W133/><G133/><T8/><D75/><U85/><E71/><V42/><F9/><W69/><G69/><T64/><D64/><U31/><E31/><V86/><F66/><W5/><G80/><T135/><D135/><U58/><E58/><V90/><F57/><W67/><G83/><T56/><D56/><U89/><E85/><V0/><F0/><W34/><G88/><T103/><D103/><U65/><E89/><V104/><F84/><W107/><G61/><T77/><D13/><U17/><E17/><V39/><F11/><W79/><G19/><T22/><D22/><U54/><E54/><V60/><F3/><W126/><G126/><T62/><D62/><U27/><E65/><V115/><F60/><W109/><G67/><T14/><D14/><U113/><E27/><V18/><F25/><W105/><G24/><N who="0" m="16415" /><D130/><N who="1" m="50283" /><E44/><N who="2" m="23647" /><F18/><W36/><G16/><T76/><D76/><U132/><E132/><V111/><F59/><W92/><G34/><T68/><D68/><U94/><E94/><V1/><F93/><W47/><G92/><T7/><D7/><U53/><E53/><V73/><F55/><W50/><G5/><T95/><D95/><U45/><E43/><V51/><F86/><RYUUKYOKU ba="0,0" sc="245,15,271,15,247,-15,237,-15" hai0="8,10,41,46,77,81,87,96,97,98" hai1="40,45,112,113,114,116,117" /><INIT seed="1,1,0,2,5,36" ten="260,286,232,222" oya="1" hai0="73,75,62,115,85,22,64,108,94,17,106,2,97" hai1="10,43,1,129,131,117,65,19,34,33,56,47,54" hai2="9,88,50,67,12,110,130,6,51,126,107,123,125" hai3="93,112,4,42,41,14,20,80,18,128,26,28,15"/><U68/><E117/><V31/><F123/><W99/><G112/><T39/><D115/><U133/><E68/><V122/><F122/><W61/><G128/><N who="1" m="49226" /><E65/><V102/><F130/><W38/><G38/><T91/><D2/><U86/><E133/><V101/><F110/><W3/><G3/><T79/><D108/><U27/><E86/><V29/><F67/><W0/><G0/><T35/><D35/><U127/><E127/><N who="2" m="48651" /><F107/><W5/><G80/><T16/><D39/><N who="1" m="22015" /><E27/><V113/><F113/><W37/><G37/><T89/><D79/><U24/><E24/><V77/><F77/><W96/><G61/><T7/><D7/><N who="3" m="2633" /><G28/><N who="2" m="10825" /><F50/><W25/><G25/><T72/><D22/><U134/><E134/><V119/><F51/><W135/><G135/><T104/><D104/><U40/><E40/><N who="3" m="15466" /><G99/><T103/><REACH who="0" step="1"/><D91/><AGARI ba="1,0" hai="14,15,18,20,26,91,93,96" m="15466,2633" machi="91" ten="30,7700,0" yaku="8,1,52,3" doraHai="36" who="3" fromWho="0" sc="260,-80,286,0,232,0,222,80" /><INIT seed="2,0,0,1,0,90" ten="180,286,232,302" oya="2" hai0="21,61,124,93,94,38,109,44,35,102,121,5,41" hai1="114,37,100,86,53,27,45,52,74,71,4,54,62" hai2="75,28,135,63,20,126,128,119,58,103,85,134,96" hai3="56,118,78,131,107,15,25,16,43,112,115,113,47"/><V88/><F75/><W77/><G118/><T127/><D121/><U31/><E74/><V19/><F119/><W60/><G131/><T70/><D35/><U95/><E114/><V42/><F42/><W8/><G25/><T30/><D5/><U12/><E37/><V6/><F6/><W34/><G107/><T104/><D104/><U3/><E3/><V33/><F33/><W92/><G92/><N who="0" m="35435" /><D102/><U79/><E71/><V69/><F28/><W18/><G34/><T2/><D2/><U26/><E62/><V76/><F69/><W48/><G18/><T32/><D32/><U111/><E45/><V40/><F128/><W105/><G105/><T122/><D122/><U55/><E55/><AGARI ba="0,0" hai="8,15,16,43,47,48,55,56,60,77,78,112,113,115" machi="55" ten="40,2600,0" yaku="11,1,54,1" doraHai="90" who="3" fromWho="1" sc="180,0,286,-26,232,0,302,26" /><INIT seed="3,0,0,4,1,48" ten="180,260,232,328" oya="3" hai0="115,108,86,58,107,20,41,39,106,89,110,14,113" hai1="21,67,22,70,133,102,92,24,121,77,28,96,88" hai2="26,17,76,94,31,52,66,23,75,32,100,122,64" hai3="73,35,130,50,119,103,114,134,127,6,36,124,27"/><W105/><RYUUKYOKU type="yao9" ba="0,0" sc="180,0,260,0,232,0,328,0" hai3="6,27,35,36,50,73,103,105,114,119,124,127,130,134" /><INIT seed="3,1,0,4,4,41" ten="180,260,232,328" oya="3" hai0="36,88,39,49,120,6,93,102,68,56,65,114,48" hai1="59,57,37,107,92,73,55,101,105,76,61,106,33" hai2="111,90,98,30,8,131,91,18,79,2,21,1,47" hai3="74,71,26,23,17,14,3,31,89,78,124,121,112"/><W70/><G112/><T108/><D114/><U82/><E33/><V7/><F79/><W0/><G121/><T15/><D120/><U29/><E29/><V125/><F111/><W45/><G71/><T19/><D108/><U94/><E37/><V53/><F125/><W10/><G70/><T81/><D68/><U66/><E101/><V119/><F119/><W38/><G124/><T4/><D39/><U87/><REACH who="1" step="1"/><E73/><REACH who="1" ten="180,250,232,328" step="2"/><V22/><F30/><W34/><G74/><T9/><D36/><U128/><E128/><V133/><F131/><W126/><G34/><T123/><D123/><U12/><E12/><V69/><F1/><W58/><G0/><T86/><D4/><U75/><E75/><V132/><F2/><W16/><G3/><T35/><D35/><U80/><E80/><V117/><F7/><W20/><G38/><T44/><D6/><U32/><E32/><V67/><F117/><W104/><G31/><T72/><D72/><U83/><E83/><V42/><F132/><W134/><G134/><T25/><D25/><U97/><E97/><V130/><F98/><W62/><G126/><T113/><D113/><U50/><AGARI ba="1,1" hai="50,55,57,59,61,66,76,82,87,92,94,105,106,107" machi="50" ten="30,4000,0" yaku="1,1,0,1,53,1" doraHai="41" doraHaiUra="63" who="1" fromWho="1" sc="180,-11,250,53,232,-11,328,-21" owari="169,-33.1,303,10.3,221,-17.9,307,40.7" /></mjloggm>