<mjloggm ver="2.3"><GO type="225" lobby="0"/><UN n0="%E6%B4%BE%E9%81%A3%E3%81%AE%E3%82%B8%E3%83%A3%E3%83%83%E3%82%AF" n1="%E7%89%B9%E6%9D%B1%E3%81%AF%E4%B8%96%E7%95%8C%E3%82%92%E6%95%91%E3%81%86" n2="%E3%81%90%E3%81%A1%E3%82%84%E3%81%BE" n3="%30%2E%31%32%30" dan="17,16,16,16" rate="2167.23,2157.46,2122.24,2113.55" sx="M,M,M,M"/><TAIKYOKU oya="0"/><INIT seed="0,0,0,3,2,85" ten="250,250,250,250" oya="0" hai0="38,101,20,49,9,5,124,14,29,3,51,95,61" hai1="11,67,35,17,109,92,66,28,119,64,94,25,44" hai2="23,19,89,2,12,129,39,36,115,37,30,0,84" hai3="21,120,103,54,47,93,91,80,63,77,52,116,98"/><T117/><D117/><U56/><E119/><V22/><F115/><W83/><G120/><T24/><D38/><U131/><E109/><V1/><F129/><W34/><G34/><T27/><D124/><U100/><E131/><V121/><F121/><W32/><G32/><T4/><D4/><U75/><E75/><V8/><REACH who="2" step="1"/><F30/><REACH who="2" ten="250,250,240,250" step="2"/><W135/><G116/><T113/><D113/><U128/><E128/><V6/><F6/><W68/><G135/><T59/><D3/><U53/><E17/><V10/><F10/><W15/><G77/><T58/><D27/><U99/><E11/><V132/><F132/><W114/><G114/><T88/><D101/><U45/><REACH who="1" step="1"/><E94/><AGARI ba="0,1" hai="0,1,2,8,12,19,22,23,36,37,39,84,89,94" machi="94" ten="50,3200,0" yaku="1,1,52,1,53,0" doraHai="85" doraHaiUra="112" who="2" fromWho="1" sc="250,0,250,-32,240,42,250,0" /><INIT seed="1,0,0,2,3,52" ten="250,218,282,250" oya="1" hai0="91,123,111,113,122,15,62,85,8,12,108,4,7" hai1="24,128,25,120,57,49,127,110,33,6,47,84,96" hai2="32,46,3,13,81,55,78,40,104,130,31,18,73" hai3="133,37,97,44,95,77,105,59,11,89,131,67,35"/><U99/><E120/><N who="0" m="46121" /><D113/><U100/><E128/><V19/><F3/><W54/><G133/><T21/><D62/><U124/><E6/><N who="0" m="2089" /><D8/><U119/><E119/><V66/><F104/><W86/><G131/><T101/><D101/><U75/><E75/><V61/><F55/><W22/><G35/><T48/><D48/><U83/><E57/><V60/><F130/><W93/><G105/><T87/><D21/><U114/><E114/><V23/><F32/><W112/><G112/><T63/><D63/><U98/><E100/><V94/><F66/><W135/><G135/><T90/><D87/><U28/><E25/><V43/><F61/><N who="3" m="38335" /><G37/><T58/><D58/><U82/><E110/><N who="0" m="42025" /><D85/><U79/><REACH who="1" step="1"/><E82/><REACH who="1" ten="250,208,282,250" step="2"/><V132/><F81/><W64/><G95/><T134/><D134/><U20/><E20/><V70/><F23/><W30/><G93/><T92/><D92/><U115/><E115/><V65/><F132/><W16/><G22/><T27/><D27/><U126/><E126/><V71/><F73/><W56/><G56/><T17/><D17/><U72/><E72/><V68/><F18/><W36/><G11/><T2/><D2/><U10/><E10/><V34/><F94/><W117/><G97/><T129/><D129/><U9/><E9/><V80/><F71/><W0/><G0/><T1/><D1/><U26/><E26/><N who="2" m="18807" /><F70/><W53/><G53/><AGARI ba="0,1" hai="24,28,33,47,49,53,79,83,84,96,98,99,124,127" machi="53" ten="40,2000,0" yaku="1,1,53,0" doraHai="52" doraHaiUra="39" who="1" fromWho="3" sc="250,0,208,30,282,0,250,-20" /><INIT seed="1,1,0,0,5,74" ten="250,238,282,230" oya="1" hai0="111,119,115,126,124,51,31,57,73,103,129,110,100" hai1="47,37,96,65,78,87,85,106,66,3,36,17,122" hai2="52,41,25,130,42,131,79,50,38,125,10,68,34" hai3="104,59,107,8,7,26,77,80,55,46,24,30,0"/><U39/><E122/><V75/><F68/><W62/><G46/><T6/><D6/><U14/><E3/><V117/><F117/><W101/><G101/><T33/><D119/><U21/><E47/><V35/><F125/><N who="0" m="48234" /><D115/><U134/><E134/><V29/><F34/><W53/><G53/><N who="0" m="31935" /><D129/><N who="2" m="49162" /><F10/><W123/><G123/><T63/><D63/><U28/><E28/><V58/><F38/><W2/><G2/><T94/><D73/><U113/><E113/><V76/><F75/><W16/><G16/><T32/><D31/><U71/><E71/><V83/><F83/><W19/><G19/><T27/><D27/><U99/><E87/><V112/><F112/><W118/><G118/><T121/><D121/><U60/><E106/><V86/><F86/><W128/><G128/><T69/><D69/><U44/><E44/><V72/><F72/><W4/><G4/><T108/><D94/><U95/><E60/><V1/><F1/><W132/><G132/><T88/><D88/><U40/><E40/><AGARI ba="1,0" hai="25,29,35,40,41,42,50,52,58,76,79" m="49162" machi="40" ten="30,7700,0" yaku="19,1,52,2,54,1" doraHai="74" who="2" fromWho="1" sc="250,0,238,-80,282,80,230,0" /><INIT seed="2,0,0,4,1,70" ten="250,158,362,230" oya="2" hai0="74,59,115,99,68,21,93,81,87,12,101,130,65" hai1="112,118,10,89,50,69,123,17,116,19,121,125,1" hai2="48,8,7,14,44,77,46,61,40,134,106,120,25" hai3="64,90,18,5,88,39,110,73,91,83,107,9,72"/><V84/><F106/><W54/><G110/><T63/><D115/><U105/><E69/><V97/><F120/><N who="1" m="46153" /><E50/><V75/><F75/><W132/><G132/><T31/><D130/><U28/><E89/><V58/><F97/><W13/><G107/><T56/><D74/><U131/><E105/><V108/><F108/><W133/><G133/><T38/><D38/><U57/><E57/><V78/><F134/><W52/><G64/><T76/><D31/><U26/><E112/><V128/><F128/><W126/><G126/><T66/><D66/><U33/><E131/><V22/><F46/><W3/><G39/><T80/><D80/><U82/><E82/><V29/><REACH who="2" step="1"/><F84/><REACH who="2" ten="250,158,352,230" step="2"/><W4/><G73/><T129/><D129/><U124/><E118/><V6/><F6/><W79/><REACH who="3" step="1"/><G5/><REACH who="3" ten="250,158,352,220" step="2"/><T94/><D99/><U98/><E98/><V92/><F92/><W95/><G95/><T2/><D93/><U60/><E116/><V23/><F23/><AGARI ba="0,2" hai="3,4,9,13,18,23,52,54,72,79,83,88,90,91" machi="23" ten="40,5200,0" yaku="1,1,54,2,53,0" doraHai="70" doraHaiUra="42" who="3" fromWho="2" sc="250,0,158,0,352,-52,220,72" /><INIT seed="3,0,0,0,2,80" ten="250,158,300,292" oya="3" hai0="8,75,50,96,121,42,66,76,93,48,122,87,17" hai1="51,4,40,25,20,2,110,135,69,101,108,82,77" hai2="97,5,53,129,61,104,21,72,13,29,70,102,98" hai3="67,11,38,120,124,59,132,33,44,10,99,100,46"/><W49/><G120/><T123/><D66/><U45/><E69/><V60/><F72/><W74/><G74/><T90/><D75/><U27/><E135/><V128/><F70/><W14/><G33/><T78/><D42/><U89/><E101/><V12/><F98/><W31/><G132/><T1/><D17/><U35/><E89/><V81/><F81/><W34/><G124/><T112/><D112/><U127/><E127/><V47/><F5/><W39/><G31/><T111/><D111/><N who="1" m="42539" /><E35/><V131/><F47/><W107/><G34/><T64/><D64/><U41/><E41/><V68/><F68/><W114/><G114/><T71/><D71/><U9/><E20/><V16/><F29/><W94/><G107/><T83/><REACH who="0" step="1"/><D78/><REACH who="0" ten="240,158,300,292" step="2"/><U116/><E116/><V24/><F53/><N who="3" m="32175" /><G39/><T109/><D109/><U92/><E92/><V62/><AGARI ba="0,1" hai="12,13,16,21,24,60,61,62,97,102,104,128,129,131" machi="62" ten="40,5200,0" yaku="0,1,19,1,54,1" doraHai="80" who="2" fromWho="2" sc="240,-13,158,-13,300,62,292,-26" owari="227,-17.3,145,-35.5,362,46.2,266,6.6" /></mjloggm>