<mjloggm ver="2.3"><GO type="225" lobby="0"/><UN n0="%E9%80%86%E9%80%A3%E5%B8%AF%E3%81%AE%E9%AC%BC" n1="%E6%A1%9C%E8%8A%B1%E9%96%83%E3%80%85" n2="%E2%98%86%E5%B0%8F%E5%AD%A6%E7%94%B7%E7%94%9F%E2%98%86" n3="%E3%82%A4%E3%83%BC%E3%82%B1%E3%83%97%E3%83%A9" dan="17,16,16,16" rate="2064.44,2116.85,2087.11,2145.02" sx="M,M,M,M"/><TAIKYOKU oya="0"/><INIT seed="0,0,0,0,0,62" ten="250,250,250,250" oya="0" hai0="22,93,54,4,3,120,86,36,108,76,111,75,97" hai1="99,84,135,65,14,61,30,16,37,134,74,11,69" hai2="78,32,80,45,83,129,38,107,101,123,20,24,105" hai3="73,91,70,19,23,25,47,122,49,44,115,35,95"/><T50/><D36/><U18/><E74/><V52/><F32/><W10/><G115/><T127/><D120/><U2/><E37/><V133/><F123/><W27/><G122/><T39/><D39/><U89/><E30/><V130/><F133/><N who="1" m="50697" /><E2/><V102/><F38/><W1/><G73/><T12/><D75/><U31/><E31/><V94/><F45/><W82/><G70/><T60/><D127/><U92/><E84/><N who="2" m="48151" /><F52/><W106/><G106/><N who="2" m="40457" /><F20/><W81/><G35/><T28/><D3/><U104/><E104/><V128/><F24/><W34/><G34/><T85/><D60/><U17/><AGARI ba="0,0" hai="11,14,16,17,18,61,65,69,89,92,99" m="50697" machi="17" ten="30,4000,0" yaku="20,1,52,1,54,1" doraHai="62" who="1" fromWho="1" sc="250,-20,250,40,250,-10,250,-10" /><INIT seed="1,0,0,3,1,34" ten="230,290,240,240" oya="1" hai0="89,129,72,79,70,118,99,47,75,113,37,33,103" hai1="52,101,20,104,74,107,115,134,51,31,8,100,50" hai2="2,40,65,11,114,133,3,117,86,49,59,85,73" hai3="0,1,56,26,46,38,17,15,96,95,125,71,13"/><U135/><E115/><V61/><F117/><W98/><G71/><T87/><D113/><U25/><E74/><V39/><F73/><W54/><G125/><T68/><D33/><U82/><E82/><V63/><F114/><W62/><G26/><T60/><D118/><U109/><E51/><V32/><F32/><W28/><G28/><T131/><D37/><U6/><E109/><V94/><F39/><W76/><G76/><T36/><D36/><U16/><E31/><V45/><F133/><N who="1" m="50697" /><E101/><V7/><F2/><W119/><G15/><T97/><D47/><N who="1" m="27743" /><E100/><V18/><F18/><W23/><G119/><T128/><D103/><U67/><E67/><V83/><F94/><W78/><G78/><T80/><D75/><U116/><E116/><V108/><F108/><W111/><G111/><T130/><N who="0" m="32768" /><DORA hai="27" /><T43/><D43/><U84/><E84/><V55/><REACH who="2" step="1"/><F83/><REACH who="2" ten="230,290,230,240" step="2"/><W120/><G120/><T123/><D123/><U110/><E110/><V64/><F64/><W58/><G95/><T24/><D72/><U92/><E92/><V121/><F121/><W102/><G102/><T41/><D80/><U9/><E9/><V81/><F81/><W53/><G98/><T122/><D99/><U66/><E66/><V88/><F88/><W4/><G96/><T132/><D97/><U112/><E112/><V29/><F29/><W124/><G38/><T57/><D89/><U126/><E126/><V19/><F19/><W69/><G17/><T5/><D79/><U91/><E91/><V12/><F12/><AGARI ba="0,1" hai="6,8,12,16,20,25,104,107" m="27743,50697" machi="12" ten="30,5800,0" yaku="20,1,54,2" doraHai="34,27" who="1" fromWho="2" sc="230,0,290,68,230,-58,240,0" /><INIT seed="1,1,0,2,2,123" ten="230,358,172,240" oya="1" hai0="130,102,86,84,85,57,121,7,131,26,37,58,67" hai1="5,17,96,64,30,124,44,16,117,71,54,18,19" hai2="105,21,129,55,72,100,63,52,14,43,83,36,9" hai3="56,3,0,60,10,76,79,11,107,114,97,12,15"/><U133/><E117/><V78/><F129/><W112/><G56/><T62/><D37/><U48/><E124/><V92/><F105/><W69/><G60/><T41/><D121/><U13/><E133/><V23/><F43/><W2/><G97/><T125/><D125/><U88/><E30/><V68/><F36/><W104/><REACH who="3" step="1"/><G0/><REACH who="3" ten="230,358,172,230" step="2"/><T135/><D58/><U35/><E71/><AGARI ba="1,1" hai="2,3,10,11,12,15,69,71,76,79,104,107,112,114" machi="71" ten="25,6400,0" yaku="1,1,2,1,22,2,53,0" doraHai="123" doraHaiUra="89" who="3" fromWho="1" sc="230,0,358,-67,172,0,230,77" /><INIT seed="2,0,0,2,0,73" ten="230,291,172,307" oya="2" hai0="82,92,134,24,78,71,118,17,25,49,26,107,119" hai1="52,128,39,14,11,121,19,64,124,110,74,93,86" hai2="131,117,129,87,27,45,101,20,9,80,104,37,21" hai3="67,50,13,41,85,84,53,40,103,51,3,90,88"/><V10/><F117/><W23/><G3/><T28/><D107/><U36/><E74/><V8/><F101/><W47/><G103/><T48/><D71/><U109/><E124/><V113/><F104/><W54/><G67/><T69/><D69/><U99/><E128/><N who="2" m="49227" /><F113/><W102/><G102/><T7/><D134/><U68/><E121/><V65/><F65/><W4/><G4/><T60/><D7/><U130/><E130/><V61/><F61/><W79/><G79/><T94/><D60/><N who="1" m="39943" /><E86/><V77/><F27/><W56/><G13/><T81/><D17/><U33/><E33/><V62/><F62/><W16/><G85/><T63/><D63/><U111/><E52/><V0/><F0/><W89/><G84/><T42/><D24/><U133/><E133/><V95/><F95/><W30/><REACH who="3" step="1"/><G16/><REACH who="3" ten="230,291,172,297" step="2"/><T135/><D135/><U29/><E29/><V31/><F31/><W55/><G55/><T58/><D28/><U106/><E106/><V96/><F96/><W72/><G72/><T43/><D78/><U35/><E35/><V34/><F34/><W38/><G38/><T127/><D127/><U97/><E97/><V132/><F132/><W112/><G112/><T59/><AGARI ba="0,1" hai="25,26,42,43,48,49,58,59,81,82,92,94,118,119" machi="59" ten="25,3200,0" yaku="0,1,22,2" doraHai="73" who="0" fromWho="0" sc="230,42,291,-8,172,-16,297,-8" /><INIT seed="3,0,0,5,4,83" ten="272,283,156,289" oya="3" hai0="85,40,108,5,4,97,11,72,93,38,66,26,74" hai1="7,23,122,34,107,119,25,22,42,0,71,113,117" hai2="47,70,17,14,21,60,52,69,36,63,31,54,123" hai3="130,89,12,110,124,81,18,82,43,91,1,28,132"/><W49/><G1/><T100/><D108/><U133/><E107/><V57/><F123/><W79/><G28/><T90/><D66/><U10/><E71/><V75/><F75/><N who="3" m="43263" /><G82/><T27/><D74/><U111/><E133/><V84/><F31/><W30/><G30/><T33/><D72/><U73/><E73/><V94/><F36/><W53/><G43/><T64/><D33/><U118/><E111/><V62/><F47/><N who="3" m="27839" /><G110/><T96/><D64/><U88/><E122/><V19/><F19/><W102/><G102/><T134/><D134/><U80/><E42/><V6/><F6/><W35/><G35/><T112/><D112/><U105/><E105/><V15/><F15/><W126/><G130/><T32/><D32/><U77/><E77/><V44/><F44/><W51/><G51/><T128/><D128/><U87/><E113/><V61/><REACH who="2" step="1"/><F54/><REACH who="2" ten="272,283,146,289" step="2"/><W16/><G132/><T106/><D4/><U99/><E25/><V131/><F131/><W116/><G18/><T13/><D38/><U78/><E34/><V98/><F98/><W104/><G116/><T135/><D135/><U29/><E29/><V127/><F127/><N who="3" m="48683" /><G104/><T86/><D40/><U39/><E39/><V8/><F8/><AGARI ba="0,1" hai="8,12,16,89,91" m="48683,27839,43263" machi="8" ten="30,2900,0" yaku="18,1,54,1" doraHai="83" who="3" fromWho="2" sc="272,0,283,0,146,-29,289,39" owari="272,-12.8,283,8.3,117,-38.3,328,42.8" /></mjloggm>