<mjloggm ver="2.3"><GO type="225" lobby="0"/><UN n0="%E4%B8%89%E5%88%86%E5%B0%8F%E5%83%A7" n1="%E7%99%BD%E5%80%89%E5%AF%9B%E4%B9%8B" n2="%E3%81%8B%E3%82%8F%E3%81%A1%E3%82%83%E3%82%93%35%38" n3="%E6%A1%9C%E8%8A%B1%E9%96%83%E3%80%85" dan="16,16,16,16" rate="2082.48,2111.59,2170.08,2124.30" sx="M,M,M,M"/><TAIKYOKU oya="0"/><INIT seed="0,0,0,1,2,126" ten="250,250,250,250" oya="0" hai0="117,39,134,48,68,67,72,10,125,27,58,22,128" hai1="43,73,17,29,19,91,32,2,75,127,9,88,47" hai2="8,89,102,119,21,133,111,53,26,93,132,116,62" hai3="37,15,55,90,46,77,36,24,31,28,65,59,78"/><T1/><D117/><N who="2" m="45130" /><F102/><W30/><G24/><T25/><D125/><U124/><E29/><N who="2" m="17615" /><F8/><W34/><G34/><T49/><D39/><U3/><E9/><V64/><F53/><W107/><G107/><T97/><D72/><U101/><E101/><V92/><F111/><W110/><G110/><T5/><D134/><N who="2" m="51818" /><F89/><W109/><G90/><T12/><D1/><U66/><E66/><V115/><F115/><W18/><G109/><T131/><D27/><U20/><E20/><V56/><AGARI ba="0,0" hai="56,62,64,92,93" m="51818,17615,45130" machi="56" ten="30,2000,0" yaku="12,1,20,1" doraHai="126" who="2" fromWho="2" sc="250,-10,250,-5,250,20,250,-5" /><INIT seed="1,0,0,4,2,109" ten="240,245,270,245" oya="1" hai0="111,55,68,130,62,89,33,7,99,53,54,8,11" hai1="75,127,76,47,83,16,67,18,39,36,41,134,65" hai2="56,74,26,87,10,101,57,61,105,117,108,90,81" hai3="119,128,0,12,25,35,112,9,96,123,135,95,44"/><U31/><E134/><V29/><F117/><W45/><G123/><T120/><D111/><U88/><E127/><V79/><F108/><W131/><G0/><T42/><D33/><U129/><E129/><N who="3" m="49738" /><G135/><T38/><D120/><U104/><E104/><V121/><F121/><W1/><G1/><T59/><D68/><U58/><E39/><V20/><F10/><W106/><G106/><T23/><D130/><U6/><E31/><V17/><F29/><N who="3" m="19887" /><G112/><T116/><D116/><U107/><E107/><V22/><F22/><W30/><G30/><T73/><D73/><U91/><E6/><V86/><F86/><W115/><G115/><T34/><D34/><U125/><E125/><V49/><F49/><W126/><G126/><T124/><D23/><U70/><E70/><V85/><F85/><W5/><G119/><T103/><D89/><AGARI ba="0,0" hai="5,9,12,44,45,89,95,96" m="19887,49738" machi="89" ten="30,1000,0" yaku="19,1" doraHai="109" who="3" fromWho="0" sc="240,-10,245,0,270,0,245,10" /><INIT seed="2,0,0,3,3,13" ten="230,245,270,255" oya="2" hai0="46,67,117,7,75,72,83,98,5,116,48,132,81" hai1="121,56,119,105,112,134,50,66,25,37,24,85,131" hai2="97,103,111,15,29,118,130,38,36,80,11,93,34" hai3="53,90,55,6,26,101,30,74,23,95,102,12,107"/><V109/><F118/><N who="0" m="45674" /><D98/><U32/><E105/><V88/><F130/><W70/><G70/><T65/><D48/><U42/><E119/><V18/><F29/><W3/><G3/><T21/><D21/><U44/><E131/><V57/><F34/><W31/><G74/><N who="0" m="28203" /><D46/><U69/><E121/><V40/><F57/><W39/><G39/><T94/><D94/><U22/><E112/><V1/><F1/><W4/><G31/><T124/><D124/><U64/><E134/><V89/><F40/><W104/><G104/><T120/><D132/><U123/><E123/><V14/><F14/><W79/><G79/><T96/><D96/><U35/><E35/><V28/><F28/><W51/><G107/><T63/><D63/><U73/><E73/><V100/><F89/><W82/><G95/><T19/><D19/><U16/><E32/><V27/><F27/><W58/><G55/><T54/><D54/><N who="1" m="31831" /><E25/><V127/><F127/><W106/><G106/><T0/><D0/><U68/><E68/><V60/><F60/><W92/><G92/><T41/><D41/><U52/><E52/><V87/><REACH who="2" step="1"/><F100/><REACH who="2" ten="230,245,260,255" step="2"/><N who="3" m="38507" /><G12/><T84/><D120/><U8/><E69/><V110/><AGARI ba="0,1" hai="11,15,18,36,38,80,87,88,93,97,103,109,110,111" machi="110" ten="30,18000,2" yaku="1,1,0,1,14,1,10,1,52,1,54,1,53,0" doraHai="13" doraHaiUra="61" who="2" fromWho="2" sc="230,-60,245,-60,260,190,255,-60" /><INIT seed="2,1,0,1,5,87" ten="170,185,450,195" oya="2" hai0="99,65,129,127,69,46,66,97,7,11,9,100,76" hai1="102,111,37,98,123,103,47,56,43,3,41,10,15" hai2="31,91,133,24,52,96,120,77,81,86,89,48,108" hai3="17,1,112,54,64,0,35,115,12,83,121,132,14"/><V104/><F120/><W4/><G121/><T70/><D76/><U19/><E123/><V29/><F133/><W135/><G64/><T131/><D46/><U60/><E111/><V116/><F116/><W2/><G54/><T38/><D7/><U124/><E124/><V22/><F108/><W58/><G58/><T122/><D100/><U71/><E71/><V20/><F104/><W134/><G83/><T78/><D78/><U53/><E3/><V26/><F96/><W55/><G55/><T114/><D122/><U5/><E43/><V50/><F50/><W39/><G39/><T61/><D38/><U30/><E30/><V101/><F101/><W74/><G74/><T23/><D23/><U62/><E5/><V59/><AGARI ba="1,0" hai="20,22,24,26,29,31,48,52,59,77,81,86,89,91" machi="59" ten="20,18000,2" yaku="0,1,7,1,9,1,8,1,52,2,54,1" doraHai="87" who="2" fromWho="2" sc="170,-61,185,-61,450,183,195,-61" /><INIT seed="2,2,0,4,2,59" ten="109,124,633,134" oya="2" hai0="28,79,99,56,26,61,72,27,133,73,43,23,93" hai1="83,102,67,87,68,89,15,121,90,5,6,74,64" hai2="118,85,0,42,117,25,7,20,19,36,91,81,35" hai3="66,77,33,3,62,80,54,84,107,10,50,69,100"/><V82/><F82/><W47/><G33/><T103/><D133/><U97/><E121/><V34/><F42/><W57/><G107/><T132/><D132/><U101/><E74/><V45/><F45/><W125/><G125/><T94/><D79/><U130/><E130/><V9/><F91/><W48/><G100/><N who="1" m="38506" /><E68/><V2/><F85/><W124/><G124/><T4/><D4/><N who="1" m="1643" /><E15/><V123/><F81/><W116/><G116/><T29/><D93/><AGARI ba="2,0" hai="64,67,83,87,89,90,93,97" m="1643,38506" machi="93" ten="30,1000,0" yaku="8,1" doraHai="59" who="1" fromWho="0" sc="109,-16,124,16,633,0,134,0" /><INIT seed="3,0,0,5,3,94" ten="93,140,633,134" oya="3" hai0="74,62,46,80,79,72,86,89,50,90,30,49,36" hai1="60,56,35,82,130,66,118,83,68,103,91,92,131" hai2="119,132,17,40,122,78,14,116,110,102,128,105,39" hai3="3,16,0,1,121,15,8,84,96,76,22,53,11"/><W64/><G121/><T24/><D36/><U117/><E103/><V107/><F78/><W112/><G112/><T135/><D135/><U7/><E7/><V126/><F102/><W133/><G133/><T38/><D38/><U9/><E9/><V120/><F132/><W48/><G64/><T100/><D50/><U31/><E68/><V67/><F67/><W87/><G96/><T127/><D62/><U19/><E19/><V104/><F128/><N who="1" m="49193" /><E31/><V59/><F59/><W41/><G41/><T63/><D63/><U32/><E83/><V101/><F101/><W26/><G76/><T93/><D127/><U55/><E82/><V18/><F126/><W58/><REACH who="3" step="1"/><G8/><REACH who="3" ten="93,140,633,124" step="2"/><T28/><D79/><U125/><E66/><V111/><F122/><W97/><G97/><T10/><D10/><U77/><E77/><V115/><F120/><W123/><G123/><T75/><D100/><U20/><E125/><V85/><F115/><W108/><G108/><T2/><D74/><U37/><E118/><V13/><F119/><W34/><G34/><T5/><D72/><U99/><E117/><V61/><F116/><W51/><G51/><T6/><D75/><U73/><E35/><V21/><F61/><W54/><G54/><T25/><D49/><U43/><E32/><V47/><F85/><W109/><G109/><N who="2" m="41481" /><F107/><W23/><G23/><AGARI ba="0,1" hai="13,14,17,18,21,23,39,40,47,104,105" m="41481" machi="23" ten="30,1000,0" yaku="14,1" doraHai="94" who="2" fromWho="3" sc="93,0,140,0,633,20,124,-10" owari="93,-40.7,140,-6.0,653,75.3,114,-28.6" /></mjloggm>