<mjloggm ver="2.3"><GO type="225" lobby="0"/><UN n0="%E4%B8%8B%E6%AE%B5%E3%83%81%E3%82%A7%E3%83%AA%E3%83%BC" n1="%E3%81%AF%E3%82%88%E3%81%8A%E3%81%98%E3%81%95%E3%82%93" n2="%E5%86%B7%E5%87%8D%E3%82%AE%E3%83%A7%E3%83%BC%E3%82%B6" n3="%E3%82%BC%E3%83%AB%E3%83%80%E3%81%AE%E4%BC%9D%E8%AA%AC" dan="16,17,16,17" rate="2138.34,2159.48,2161.92,2129.01" sx="M,M,M,M"/><TAIKYOKU oya="0"/><INIT seed="0,0,0,0,2,63" ten="250,250,250,250" oya="0" hai0="116,67,83,99,104,110,40,3,38,122,19,126,74" hai1="85,97,55,96,102,131,53,88,25,44,93,49,79" hai2="5,56,37,121,75,82,68,8,127,77,29,62,10" hai3="133,24,114,16,128,4,0,113,36,72,89,71,45"/><T14/><D116/><U108/><E108/><V42/><F121/><W60/><G72/><T18/><D122/><U130/><E79/><V32/><F127/><W103/><G89/><T135/><D3/><U61/><E25/><V94/><F68/><W59/><G103/><T123/><D123/><U117/><E117/><V2/><F10/><W119/><G119/><T27/><D126/><U1/><E1/><V64/><F94/><W90/><G90/><T101/><D110/><U81/><E97/><V34/><F29/><W66/><G133/><T7/><D135/><U95/><E81/><V23/><F23/><W41/><G128/><T107/><D107/><U84/><E84/><V65/><F65/><W78/><G78/><T11/><D67/><U17/><E17/><V57/><F56/><W22/><REACH who="3" step="1"/><G71/><REACH who="3" ten="250,250,250,240" step="2"/><T46/><REACH who="0" step="1"/><D27/><REACH who="0" ten="240,250,250,240" step="2"/><U132/><E132/><V111/><F111/><W80/><G80/><T129/><D129/><U26/><E26/><V86/><F86/><W28/><G28/><T109/><D109/><U118/><E118/><V76/><F76/><AGARI ba="0,2" hai="7,11,14,18,19,38,40,46,74,76,83,99,101,104" machi="76" ten="40,2000,0" yaku="1,1,53,0" doraHai="63" doraHaiUra="20" who="0" fromWho="2" sc="240,40,250,0,250,-20,240,0" /><INIT seed="0,1,0,4,1,21" ten="280,250,230,240" oya="0" hai0="2,99,14,103,67,101,75,34,59,37,118,45,49" hai1="29,92,19,48,42,97,9,25,72,58,78,123,32" hai2="131,57,41,52,7,94,54,46,10,23,83,66,126" hai3="3,128,56,6,98,30,77,129,79,122,100,73,115"/><T134/><D2/><U13/><E123/><V109/><F109/><W47/><G115/><T16/><D118/><U26/><E72/><V35/><F35/><W110/><G110/><T68/><D75/><U119/><E119/><V112/><F112/><W8/><G122/><T80/><D134/><U18/><E78/><V105/><F105/><W61/><G47/><T63/><D34/><U71/><E71/><V11/><F126/><W0/><G0/><T93/><D80/><U74/><E74/><V87/><F94/><N who="3" m="58455" /><G30/><T27/><D37/><U85/><E85/><V90/><F131/><N who="3" m="50251" /><G73/><T91/><D68/><U28/><E19/><V132/><F132/><W96/><G96/><T15/><D103/><U36/><E36/><V125/><F125/><W107/><G107/><T51/><D101/><U4/><E18/><V88/><F90/><W121/><G121/><T53/><D51/><U70/><E70/><V55/><F7/><W50/><G50/><T120/><D120/><U40/><E58/><V76/><F76/><W64/><AGARI ba="1,0" hai="3,6,8,56,61,64,77,79" m="50251,58455" machi="64" ten="30,1100,0" yaku="19,1" doraHai="21" who="3" fromWho="3" sc="280,-6,250,-4,230,-4,240,14" /><INIT seed="1,0,0,0,3,126" ten="274,246,226,254" oya="1" hai0="24,73,67,64,82,75,117,25,56,102,70,118,77" hai1="37,115,119,35,8,76,80,59,20,31,62,87,36" hai2="109,135,29,83,53,116,30,65,18,32,96,13,58" hai3="0,12,84,98,10,100,133,107,66,104,22,49,134"/><U44/><E115/><V69/><F116/><W114/><G114/><T120/><D70/><U63/><E119/><V88/><F109/><W105/><G66/><T51/><D102/><U1/><E35/><V45/><F135/><N who="3" m="51723" /><G84/><T93/><D93/><U90/><E62/><N who="2" m="38103" /><F69/><W15/><G49/><T68/><D68/><U17/><E44/><V112/><F32/><W110/><G110/><T43/><D120/><U123/><E123/><V113/><F112/><W38/><G38/><T26/><D75/><U54/><E31/><V21/><F113/><W23/><G0/><T78/><D78/><U34/><E34/><V92/><F83/><W19/><G23/><T47/><REACH who="0" step="1"/><D67/><REACH who="0" ten="264,246,226,254" step="2"/><U57/><E76/><V40/><F40/><W74/><G74/><T5/><D5/><AGARI ba="0,1" hai="5,10,12,15,19,22,98,100,104,105,107" m="51723" machi="5" ten="30,1000,0" yaku="20,1" doraHai="126" who="3" fromWho="0" sc="264,-10,246,0,226,0,254,20" /><INIT seed="2,0,0,5,3,49" ten="254,246,226,274" oya="2" hai0="64,42,104,87,27,39,52,4,51,18,127,126,65" hai1="6,68,40,73,132,20,76,94,23,80,70,38,100" hai2="30,5,78,107,57,9,58,56,74,75,86,116,46" hai3="32,117,63,77,105,15,17,81,13,12,47,7,106"/><V69/><F116/><W66/><G32/><T21/><D104/><U10/><E132/><V26/><F69/><W37/><G7/><T29/><D4/><U93/><E68/><V67/><F107/><W99/><G117/><T88/><D42/><U125/><E125/><N who="0" m="47625" /><D29/><U92/><E100/><V71/><F46/><W122/><G122/><T113/><D39/><U133/><E133/><V128/><F128/><W24/><G24/><T28/><D28/><U1/><E70/><V53/><F53/><W11/><G106/><T89/><D113/><U129/><E129/><V108/><F108/><W90/><G47/><AGARI ba="0,0" hai="1,6,10,20,23,38,40,47,73,76,80,92,93,94" machi="47" ten="40,2600,0" yaku="25,2" doraHai="49" who="1" fromWho="3" sc="254,0,246,26,226,0,274,-26" /><INIT seed="3,0,0,2,0,62" ten="254,272,226,248" oya="3" hai0="37,101,47,111,9,87,7,109,75,35,68,31,49" hai1="64,28,102,33,108,46,126,52,79,120,5,72,105" hai2="88,127,48,11,130,122,66,8,128,55,29,4,39" hai3="133,117,81,113,132,20,43,41,123,51,65,115,91"/><W30/><G30/><T13/><D75/><U36/><E120/><V54/><F122/><W97/><G20/><T118/><D118/><U26/><E108/><N who="0" m="41545" /><D68/><U6/><E126/><V96/><F127/><W32/><G123/><T83/><D101/><U15/><E64/><V40/><F29/><W103/><G32/><T92/><D92/><U71/><E71/><V2/><F66/><W94/><G117/><T100/><D100/><U19/><E79/><V77/><F77/><W74/><G65/><T58/><D58/><U80/><E80/><V10/><F39/><W60/><G60/><T131/><D37/><U25/><E25/><V89/><F40/><N who="3" m="15435" /><G51/><T45/><D131/><N who="2" m="50218" /><F55/><W24/><G24/><N who="0" m="18919" /><D49/><N who="1" m="28727" /><E72/><V42/><F42/><W121/><G121/><T95/><D95/><U106/><E36/><V17/><F96/><W0/><G74/><T90/><AGARI ba="0,0" hai="7,9,13,45,47,83,87,90" m="18919,41545" machi="90" ten="30,1100,0" yaku="14,1" doraHai="62" who="0" fromWho="0" sc="254,11,272,-3,226,-3,248,-5" /><INIT seed="4,0,0,3,0,76" ten="265,269,223,243" oya="0" hai0="115,47,95,71,20,40,109,114,135,70,62,101,100" hai1="99,6,79,63,81,59,8,56,54,97,33,131,94" hai2="38,50,129,31,74,37,2,92,75,35,23,27,86" hai3="116,117,72,78,17,124,105,32,44,130,7,77,121"/><T89/><D20/><U0/><E131/><V103/><F129/><W82/><G130/><T13/><D13/><U111/><E111/><V123/><F123/><W26/><G105/><T104/><D109/><U98/><E33/><V42/><F2/><W21/><G121/><T84/><D135/><U55/><E94/><V68/><F68/><N who="0" m="26154" /><D62/><U51/><REACH who="1" step="1"/><E98/><REACH who="1" ten="265,259,223,243" step="2"/><V25/><F38/><W80/><G32/><T45/><D104/><U46/><E46/><V66/><F37/><W24/><G124/><T15/><D47/><U110/><E110/><V12/><F35/><W85/><G44/><T30/><D45/><U113/><E113/><V36/><F36/><W14/><REACH who="3" step="1"/><G7/><REACH who="3" ten="265,259,223,233" step="2"/><T90/><D115/><U88/><E88/><V107/><F107/><W133/><G133/><T106/><D90/><U49/><E49/><V102/><F50/><W125/><G125/><T18/><D114/><U96/><E96/><V119/><F102/><W53/><G53/><T61/><D106/><U128/><E128/><V87/><F103/><W60/><G60/><T69/><D101/><U10/><E10/><V28/><F66/><W112/><G112/><T22/><D100/><U41/><E41/><V52/><F42/><W93/><G93/><T122/><D40/><U29/><E29/><V65/><F65/><W58/><G58/><T48/><D122/><U3/><E3/><V16/><F92/><W64/><G64/><N who="0" m="41103" /><D30/><N who="2" m="11306" /><F52/><W57/><G57/><T11/><D48/><U132/><E132/><V19/><F119/><AGARI ba="0,2" hai="14,17,21,24,26,72,77,78,80,82,85,116,117,119" machi="119" ten="40,5200,0" yaku="1,1,52,2,53,0" doraHai="76" doraHaiUra="5" who="3" fromWho="2" sc="265,0,259,0,223,-52,233,72" owari="265,6.5,259,-14.1,171,-32.9,305,40.5" /></mjloggm>