<mjloggm ver="2.3"><GO type="225" lobby="0"/><UN n0="%E3%81%90%E3%81%A1%E3%82%84%E3%81%BE" n1="%E7%89%B9%E6%9D%B1%E3%81%AF%E4%B8%96%E7%95%8C%E3%82%92%E6%95%91%E3%81%86" n2="%E5%8D%A0%E3%81%84%E5%B8%AB%E8%A3%8F%E3%81%AA%E3%81%84%E3%81%97" n3="%73%73%6B%5F%66%72%65%65" dan="16,16,17,16" rate="2128.33,2151.38,2200.47,2164.04" sx="M,M,M,M"/><TAIKYOKU oya="0"/><INIT seed="0,0,0,1,4,36" ten="250,250,250,250" oya="0" hai0="20,99,120,125,105,50,28,67,87,66,108,35,135" hai1="124,89,33,79,43,5,133,72,134,61,24,86,56" hai2="92,40,93,126,31,39,9,76,8,23,51,109,111" hai3="13,42,101,121,27,117,113,68,91,38,30,53,98"/><T69/><D120/><U116/><E116/><V74/><F39/><W12/><G113/><T49/><D35/><U17/><E5/><V123/><F123/><W37/><G117/><T52/><D125/><U82/><E124/><V58/><F126/><W18/><G91/><T130/><D130/><U131/><E131/><V10/><F74/><W44/><G38/><T2/><D2/><U115/><E115/><V7/><F76/><W110/><G110/><N who="2" m="41993" /><F7/><W73/><G73/><T75/><D75/><U25/><E17/><V45/><F58/><W11/><G12/><T32/><D32/><U127/><E127/><V6/><F6/><W81/><G81/><T97/><D69/><U106/><E106/><V122/><F122/><W47/><G68/><T48/><D105/><U114/><E114/><V22/><F31/><W132/><G121/><T119/><D135/><N who="1" m="51723" /><E43/><V83/><F83/><W29/><G132/><T70/><D70/><U57/><E57/><V85/><F85/><W94/><REACH who="3" step="1"/><G27/><REACH who="3" ten="250,250,250,240" step="2"/><T90/><D119/><U78/><E25/><V128/><F128/><W19/><G19/><T65/><D108/><U64/><E72/><V84/><F84/><W59/><G59/><T102/><D28/><AGARI ba="0,1" hai="24,28,33,56,61,64,78,79,82,86,89" m="51723" machi="28" ten="30,1000,0" yaku="20,1" doraHai="36" who="1" fromWho="0" sc="250,-10,250,20,250,0,240,0" /><INIT seed="1,0,0,2,1,111" ten="240,270,250,240" oya="1" hai0="94,101,5,59,18,56,127,19,58,3,106,135,23" hai1="13,15,53,116,44,66,89,82,51,98,0,16,104" hai2="108,90,76,1,133,34,131,118,25,130,54,2,100" hai3="17,50,93,97,87,52,35,63,107,40,109,28,6"/><U96/><E116/><V31/><F118/><W124/><G109/><T115/><D115/><U62/><E0/><V47/><F108/><W75/><G124/><T29/><D106/><U129/><E129/><N who="2" m="49163" /><F76/><W128/><G75/><T14/><D3/><U9/><E104/><V42/><F100/><W77/><G6/><T68/><D68/><U30/><E30/><V103/><F133/><W71/><G40/><T88/><D101/><U73/><E15/><V120/><F120/><W105/><G17/><N who="0" m="6155" /><D127/><U134/><E134/><V36/><F103/><W132/><G132/><T10/><D135/><U11/><E11/><V126/><F126/><W7/><G107/><T74/><D74/><U21/><E21/><V110/><F110/><W123/><G105/><T57/><D57/><N who="1" m="37199" /><E73/><V80/><F54/><W49/><G123/><T85/><D58/><U113/><E113/><V86/><AGARI ba="0,0" hai="1,2,25,31,34,36,42,47,80,86,90" m="49163" machi="86" ten="30,1100,0" yaku="19,1" doraHai="111" who="2" fromWho="2" sc="240,-3,270,-5,250,11,240,-3" /><INIT seed="2,0,0,4,3,73" ten="237,265,261,237" oya="2" hai0="85,36,18,105,128,69,56,135,115,117,100,86,48" hai1="23,67,68,76,79,2,118,19,53,5,21,101,102" hai2="72,95,123,37,26,84,94,106,103,50,108,30,125" hai3="127,34,116,55,38,7,29,126,70,120,24,112,111"/><V40/><F123/><W1/><RYUUKYOKU type="yao9" ba="0,0" sc="237,0,265,0,261,0,237,0" hai3="1,7,24,29,34,38,55,70,111,112,116,120,126,127" /><INIT seed="2,1,0,2,2,18" ten="237,265,261,237" oya="2" hai0="8,131,125,110,1,112,76,29,70,21,128,88,123" hai1="107,66,35,19,99,61,82,95,72,102,104,115,25" hai2="68,90,14,45,23,39,78,129,43,9,62,44,73" hai3="24,86,113,41,11,16,56,49,27,71,32,34,33"/><V108/><F129/><N who="0" m="49738" /><D123/><U133/><E115/><V79/><F73/><W51/><G113/><T30/><D112/><U118/><E118/><V130/><F130/><W69/><G41/><T55/><D110/><U26/><E133/><V111/><F44/><W83/><G56/><T134/><D134/><U74/><E26/><N who="3" m="9770" /><G11/><T38/><D125/><U106/><E82/><V132/><F132/><W48/><G16/><T101/><D38/><U3/><E3/><V97/><F68/><N who="3" m="26187" /><G86/><T15/><D70/><U67/><E67/><V53/><F62/><W80/><AGARI ba="1,0" hai="32,33,34,48,49,51,80,83" m="26187,9770" machi="80" ten="50,3200,0" yaku="28,2" doraHai="18" who="3" fromWho="3" sc="237,-9,265,-9,261,-17,237,35" /><INIT seed="3,0,0,4,5,117" ten="228,256,244,272" oya="3" hai0="26,56,134,49,44,112,115,15,9,37,94,55,0" hai1="104,128,67,100,41,93,84,124,1,89,88,74,69" hai2="83,16,79,85,87,5,51,43,24,113,45,14,73" hai3="61,135,28,119,86,131,92,77,53,127,97,50,29"/><W52/><G119/><T78/><D134/><U36/><E1/><V59/><F113/><N who="0" m="43594" /><D0/><U17/><E74/><V120/><F120/><W35/><G35/><T130/><D130/><U63/><E128/><V31/><F5/><W20/><G131/><T18/><D78/><U111/><E111/><V23/><REACH who="2" step="1"/><F59/><REACH who="2" ten="228,256,234,272" step="2"/><N who="3" m="35047" /><G135/><T101/><D26/><U109/><E109/><V33/><AGARI ba="0,1" hai="14,16,23,24,31,33,43,45,51,73,79,83,85,87" machi="33" ten="20,8000,1" yaku="1,1,0,1,7,1,54,1,53,1" doraHai="117" doraHaiUra="19" who="2" fromWho="2" sc="228,-20,256,-20,234,90,272,-40" owari="208,-29.2,236,3.6,324,42.4,232,-16.8" /></mjloggm>