<mjloggm ver="2.3"><GO type="225" lobby="0"/><UN n0="%72%65%6E%6B%75%6E" n1="%E9%A6%AC%E5%BC%95%E7%81%AB%33" n2="%E3%83%A9%E3%82%B9%E7%8E%87%EF%BC%93%E5%89%B2" n3="%E9%B3%B4%E8%8C%B6" dan="17,16,17,16" rate="2172.74,2094.60,2179.37,2098.04" sx="M,M,F,M"/><TAIKYOKU oya="0"/><INIT seed="0,0,0,4,0,56" ten="250,250,250,250" oya="0" hai0="89,131,83,55,27,128,8,84,100,79,103,85,62" hai1="58,117,36,107,63,93,122,41,90,12,3,74,59" hai2="47,75,98,121,108,105,2,82,119,32,66,6,97" hai3="38,37,78,109,60,106,99,22,110,23,71,123,51"/><T16/><D103/><U124/><E117/><V132/><F32/><W102/><G78/><T11/><D100/><U135/><E122/><V57/><F105/><W15/><G123/><T112/><D112/><U43/><E3/><V69/><F57/><W19/><G51/><T126/><D126/><U104/><E74/><V101/><F101/><W129/><G23/><N who="0" m="13799" /><D128/><U34/><E34/><V46/><F2/><W50/><G129/><T86/><D131/><U30/><E30/><V68/><F69/><W21/><G21/><T39/><D39/><U134/><E124/><V127/><F68/><W13/><G15/><T65/><D65/><U64/><E59/><V14/><F66/><N who="3" m="41415" /><G50/><T96/><D96/><U120/><E120/><V35/><F97/><W0/><G0/><T61/><D55/><U125/><E125/><V70/><F98/><W113/><G113/><T48/><D48/><U44/><E41/><V114/><F70/><W73/><G73/><T52/><D52/><U91/><E107/><V9/><F75/><W1/><G1/><T94/><D86/><U87/><E104/><V5/><F121/><W49/><G49/><T28/><D28/><U130/><E130/><V4/><F114/><W54/><G54/><T26/><D26/><U31/><E31/><V118/><F127/><W7/><G7/><T42/><D42/><U24/><E24/><V53/><F4/><W72/><G72/><T92/><D94/><U25/><E25/><V20/><F53/><W33/><G33/><T111/><D111/><AGARI ba="0,0" hai="13,19,22,37,38,99,102,106,109,110,111" m="41415" machi="111" ten="30,2000,0" yaku="14,1,52,1" doraHai="56" who="3" fromWho="0" sc="250,-20,250,0,250,0,250,20" /><INIT seed="1,0,0,5,4,86" ten="230,250,250,270" oya="1" hai0="124,22,4,135,99,54,100,70,77,67,121,45,134" hai1="75,107,109,2,38,48,83,18,14,87,27,112,80" hai2="26,93,108,1,10,6,97,71,24,57,98,126,103" hai3="11,17,116,76,55,88,110,68,40,3,62,21,128"/><U130/><E112/><V63/><F108/><W125/><G125/><T43/><BYE who="3" /><D124/><UN n3="%E9%B3%B4%E8%8C%B6" /><U5/><E38/><V12/><F71/><W64/><G110/><T102/><D121/><U25/><E109/><V106/><F1/><W84/><G128/><T69/><D77/><U15/><E107/><V94/><F106/><W13/><G116/><T92/><D4/><U29/><E2/><V65/><REACH who="2" step="1"/><F126/><REACH who="2" ten="230,250,240,270" step="2"/><W117/><G3/><T37/><D69/><U47/><E130/><V132/><F132/><W34/><G117/><T16/><D135/><U35/><E75/><V122/><F122/><W56/><G34/><T7/><D134/><U32/><E32/><V23/><F23/><W36/><G21/><T59/><D70/><U85/><E35/><V131/><F131/><W20/><G20/><T89/><D7/><U90/><E5/><V46/><F46/><W113/><G68/><T114/><D114/><U127/><E127/><V81/><F81/><N who="3" m="49167" /><G113/><T78/><D78/><U50/><E47/><V96/><F96/><W66/><G76/><T74/><D74/><U51/><E83/><V79/><F79/><W42/><G36/><T123/><D123/><U49/><E80/><V101/><AGARI ba="0,1" hai="6,10,12,24,26,57,63,65,93,94,97,98,101,103" machi="101" ten="20,12000,2" yaku="1,1,0,1,7,1,9,1,8,1,53,1" doraHai="86" doraHaiUra="53" who="2" fromWho="2" sc="230,-30,250,-60,240,130,270,-30" /><INIT seed="2,0,0,0,2,118" ten="200,190,370,240" oya="2" hai0="71,20,94,117,35,14,29,25,66,69,96,44,37" hai1="112,135,57,45,61,131,15,23,106,56,34,86,85" hai2="17,42,130,39,124,18,98,3,107,49,67,125,10" hai3="95,51,11,87,12,126,8,76,101,6,129,36,127"/><V5/><F39/><W72/><G36/><T121/><D117/><U89/><E112/><V26/><F67/><W63/><G129/><T4/><D121/><U108/><E34/><V64/><F64/><W73/><G63/><T114/><D114/><U100/><E131/><V46/><F130/><W31/><G31/><T80/><D66/><U104/><E108/><V19/><REACH who="2" step="1"/><F26/><REACH who="2" ten="200,190,360,240" step="2"/><W65/><G65/><T132/><D69/><U75/><E106/><V102/><AGARI ba="0,1" hai="3,5,10,17,18,19,42,46,49,98,102,107,124,125" machi="102" ten="30,6000,0" yaku="1,1,2,1,0,1,53,0" doraHai="118" doraHaiUra="70" who="2" fromWho="2" sc="200,-20,190,-20,360,70,240,-20" /><INIT seed="2,1,0,1,3,90" ten="180,170,430,220" oya="2" hai0="3,52,18,80,2,50,113,83,118,79,121,98,114" hai1="129,46,42,103,4,34,48,37,38,30,101,108,29" hai2="77,107,20,12,93,81,82,63,95,70,120,117,25" hai3="119,17,104,21,65,123,85,39,44,6,15,97,16"/><V36/><F107/><W28/><G119/><T76/><D121/><U84/><E108/><V89/><F117/><W96/><G123/><T94/><D118/><U131/><E4/><V133/><F36/><N who="1" m="13929" /><E84/><N who="2" m="48175" /><F133/><W64/><G104/><T7/><D18/><N who="3" m="7273" /><G44/><T31/><D31/><N who="1" m="11787" /><E34/><V14/><F70/><W32/><G32/><T61/><D61/><U66/><E66/><N who="3" m="25706" /><G39/><T86/><D7/><U125/><E125/><V54/><F120/><W122/><G122/><T109/><D109/><U11/><E11/><V1/><F1/><W45/><G45/><T72/><D3/><U51/><E48/><V132/><F132/><W102/><G85/><T27/><D27/><U127/><E127/><V67/><F67/><W10/><G102/><T8/><D8/><U71/><E71/><V0/><F0/><W55/><G55/><T62/><D2/><U40/><E42/><V73/><F25/><AGARI ba="1,0" hai="6,10,15,21,25,28,96,97" m="25706,7273" machi="25" ten="30,2000,0" yaku="8,1,54,1" doraHai="90" who="3" fromWho="2" sc="180,0,170,0,430,-23,220,23" /><INIT seed="3,0,0,3,5,84" ten="180,170,407,243" oya="3" hai0="10,43,61,77,132,32,59,95,70,104,66,17,102" hai1="72,74,107,125,62,86,73,129,123,109,71,42,117" hai2="64,91,23,36,41,30,29,89,5,25,35,131,105" hai3="134,133,85,15,54,124,80,7,75,127,114,56,101"/><W9/><G114/><T112/><D112/><U27/><E86/><V39/><F105/><W14/><G75/><N who="1" m="19202" /><U128/><DORA hai="16" /><E123/><V49/><F35/><W113/><G101/><T96/><D132/><N who="3" m="50793" /><G113/><T45/><D32/><U68/><E109/><V76/><F76/><N who="3" m="46215" /><G15/><T119/><D119/><U18/><E117/><V118/><F5/><W0/><G0/><T78/><D70/><U12/><E125/><N who="3" m="48202" /><G56/><T63/><D104/><U33/><E107/><V111/><F118/><W92/><G54/><T46/><D46/><U48/><E62/><V99/><F111/><W126/><N who="3" m="48210" /><W116/><DORA hai="1" /><G92/><T60/><D77/><U19/><E48/><V106/><F49/><W90/><G116/><T20/><D78/><U93/><E93/><V24/><F106/><W103/><G103/><T50/><REACH who="0" step="1"/><D10/><REACH who="0" ten="170,170,407,243" step="2"/><N who="1" m="6423" /><E42/><V81/><F41/><W130/><G130/><N who="1" m="50282" /><E19/><V6/><F131/><W65/><G65/><T11/><D11/><U115/><E115/><V98/><F64/><W34/><G34/><T22/><D22/><U94/><E94/><V38/><F23/><W13/><G13/><AGARI ba="0,1" hai="13,17,20,43,45,50,59,60,61,63,66,95,96,102" machi="13" ten="30,8000,1" yaku="1,1,7,1,8,1,52,1,53,1" doraHai="84,16,1" doraHaiUra="122,55,3" who="0" fromWho="3" sc="170,90,170,0,407,0,243,-80" owari="260,6.0,170,-23.0,407,50.7,163,-33.7" /></mjloggm>