<mjloggm ver="2.3"><GO type="225" lobby="0"/><UN n0="%E3%83%96%E3%83%83%E3%83%91%E3%82%AA%E3%83%96%E3%83%81%E3%82%AD%E3%83%B3" n1="%E3%83%A9%E3%83%BC%E3%83%A1%E3%83%B3%E4%BA%94%E9%83%8E" n2="%E3%81%A4%E3%81%A3%E3%81%B1%E3%82%8A%E3%83%9D%E3%83%BC%E3%83%AB" n3="%E6%98%93%E5%88%A9%E8%96%A9%E4%BC%AF" dan="16,16,17,17" rate="2144.60,2133.53,2149.17,2121.98" sx="M,M,M,F"/><TAIKYOKU oya="0"/><INIT seed="0,0,0,3,3,112" ten="250,250,250,250" oya="0" hai0="82,52,98,79,78,32,67,83,101,36,129,130,9" hai1="113,91,114,23,88,8,48,135,34,50,15,96,66" hai2="55,131,40,95,109,56,61,63,21,107,28,26,39" hai3="0,31,37,111,62,54,42,94,72,10,103,49,76"/><T69/><D32/><U100/><E34/><V86/><F109/><W97/><G111/><T74/><D36/><U125/><E125/><V3/><F131/><N who="0" m="50186" /><D9/><U57/><E23/><V20/><F107/><W16/><G31/><T119/><D67/><U58/><E135/><V51/><F3/><W65/><G0/><T35/><D35/><U5/><E66/><V41/><F39/><W90/><G37/><T43/><D43/><N who="2" m="16458" /><F20/><W77/><G42/><T132/><D52/><N who="1" m="31879" /><E50/><V102/><F86/><W2/><G72/><N who="0" m="43335" /><D69/><U59/><E59/><V123/><F123/><W22/><G103/><T85/><D132/><U117/><E58/><V14/><F14/><W64/><G10/><T18/><D18/><U134/><E134/><V33/><F33/><W80/><G80/><T99/><D74/><U118/><E91/><V128/><F128/><W47/><G2/><T124/><D124/><U121/><E88/><V1/><F1/><W19/><G65/><T127/><D127/><U89/><E89/><V44/><F56/><N who="3" m="36935" /><G19/><T6/><D6/><U133/><E133/><V84/><F84/><W106/><G16/><T12/><D12/><U75/><E75/><V27/><F27/><W25/><G25/><T53/><D53/><U122/><E122/><V105/><F26/><W4/><G22/><T60/><D60/><N who="2" m="23114" /><F21/><W87/><G4/><T73/><D73/><U115/><E121/><V81/><F55/><W116/><G54/><T110/><D110/><U70/><E70/><V93/><F44/><W11/><G47/><T104/><D99/><U38/><E38/><V92/><F51/><RYUUKYOKU ba="0,0" sc="250,15,250,15,250,-15,250,-15" hai0="79,83,85,98,101,104,119" hai1="5,8,15,96,100,113,114,115,117,118" /><INIT seed="0,1,0,5,3,46" ten="265,265,235,235" oya="0" hai0="25,8,3,63,36,107,89,31,134,109,126,11,97" hai1="21,49,65,110,2,5,10,87,100,96,129,60,17" hai2="54,29,30,114,44,56,62,51,132,128,81,35,112" hai3="48,127,64,6,90,115,39,27,23,34,41,80,133"/><T105/><D36/><U67/><E110/><V91/><F128/><W22/><G115/><T13/><D3/><U32/><E129/><V106/><F106/><W45/><G127/><T125/><D134/><U120/><E120/><V43/><F132/><W78/><G133/><T61/><D89/><U122/><E122/><V92/><F81/><W52/><G64/><T71/><D109/><U121/><E121/><V119/><F119/><W131/><G90/><T95/><D95/><U37/><E37/><V58/><F58/><W83/><G131/><T12/><D25/><U9/><E32/><V40/><F40/><W4/><G34/><T66/><D31/><U57/><E10/><V53/><F43/><W117/><G23/><T7/><D63/><U59/><E87/><V70/><F70/><W104/><G104/><T118/><D118/><U73/><E73/><V82/><F82/><W42/><G83/><T16/><REACH who="0" step="1"/><D105/><REACH who="0" ten="255,265,235,235" step="2"/><U14/><E60/><V79/><F79/><W93/><G93/><T99/><D99/><U72/><E96/><V50/><F62/><W111/><G117/><T76/><D76/><U98/><E98/><V33/><F29/><N who="3" m="17655" /><G111/><T103/><AGARI ba="1,1" hai="7,8,11,12,13,16,61,66,71,97,103,107,125,126" machi="103" ten="30,11700,0" yaku="1,1,0,1,54,1,53,1" doraHai="46" doraHaiUra="0" who="0" fromWho="0" sc="255,130,265,-40,235,-40,235,-40" /><INIT seed="0,2,0,2,2,38" ten="385,225,195,195" oya="0" hai0="21,1,34,130,63,24,33,41,113,18,44,94,37" hai1="109,62,105,52,2,19,129,80,7,49,97,17,30" hai2="68,111,60,103,108,82,40,70,55,115,43,64,91" hai3="22,131,54,84,13,135,29,96,76,39,14,25,71"/><T77/><D113/><U15/><E109/><N who="2" m="42059" /><F115/><W11/><G71/><T117/><D117/><U124/><E124/><V45/><F103/><W47/><G131/><T27/><D130/><U123/><E129/><V10/><F10/><W36/><G135/><T32/><D1/><U50/><E123/><V116/><F116/><W65/><G65/><T98/><D77/><U81/><E2/><V8/><F8/><W46/><G96/><T90/><REACH who="0" step="1"/><D63/><REACH who="0" ten="375,225,195,195" step="2"/><U126/><E62/><V85/><F70/><W79/><G79/><T73/><D73/><U66/><E126/><V104/><F104/><W5/><G76/><T110/><D110/><U83/><E105/><V28/><F28/><AGARI ba="2,1" hai="18,21,24,27,28,32,33,34,37,41,44,90,94,98" machi="28" ten="40,3900,0" yaku="1,1,52,1,53,0" doraHai="38" doraHaiUra="3" who="0" fromWho="2" sc="375,55,225,0,195,-45,195,0" /><INIT seed="0,3,0,1,5,35" ten="430,225,150,195" oya="0" hai0="64,117,22,94,14,81,122,104,118,67,68,20,69" hai1="120,103,32,58,121,134,130,95,47,12,108,38,52" hai2="2,128,111,91,124,127,125,97,48,93,100,6,18" hai3="40,13,54,63,102,1,71,79,70,84,60,119,59"/><T87/><D104/><U37/><E32/><V112/><F112/><W34/><G1/><T57/><D122/><U86/><E108/><V133/><F111/><W80/><G34/><T45/><D94/><U5/><E130/><V105/><F128/><W65/><G119/><T49/><D14/><U21/><E134/><V115/><F115/><W83/><G40/><T89/><D57/><U30/><E5/><V135/><F18/><W88/><G102/><T3/><D87/><U116/><E116/><V78/><F48/><W53/><G13/><T82/><D49/><N who="1" m="30991" /><E30/><V39/><F39/><N who="1" m="14857" /><E47/><V75/><F6/><W73/><G71/><T72/><D45/><U24/><E24/><V16/><F16/><W106/><G106/><T8/><D72/><U61/><E61/><V76/><F2/><W107/><G107/><T36/><D36/><U10/><E10/><V19/><F19/><W66/><AGARI ba="3,0" hai="53,54,59,60,63,65,66,70,73,79,80,83,84,88" machi="66" ten="20,2700,0" yaku="0,1,7,1,54,1" doraHai="35" who="3" fromWho="3" sc="430,-16,225,-10,150,-10,195,36" /><INIT seed="1,0,0,0,3,23" ten="414,215,140,231" oya="1" hai0="43,118,11,57,17,90,8,126,129,112,72,77,51" hai1="93,108,103,67,60,54,64,121,14,33,15,68,9" hai2="19,18,69,76,94,58,46,98,127,34,62,13,128" hai3="107,114,96,130,87,122,24,2,49,71,124,42,31"/><U135/><E121/><V7/><F128/><W56/><G114/><T100/><D118/><U26/><E135/><V99/><F127/><W38/><G122/><T65/><D112/><U123/><E123/><V40/><F34/><W88/><G2/><T22/><D100/><U50/><E108/><V52/><F69/><W5/><G5/><T41/><D72/><U21/><E33/><V39/><F76/><W104/><G71/><T89/><D77/><U133/><E133/><V91/><REACH who="2" step="1"/><F99/><REACH who="2" ten="414,215,130,231" step="2"/><W95/><G130/><T119/><D129/><U109/><E68/><V134/><F134/><W74/><G124/><T79/><D126/><U47/><E109/><V102/><F102/><W29/><G96/><T106/><D79/><U53/><E103/><V84/><F84/><W116/><G74/><T66/><D119/><U48/><E64/><V63/><F63/><W37/><G116/><T4/><D66/><U55/><E67/><V32/><F32/><W85/><G85/><T131/><D65/><U82/><E60/><V3/><F3/><W0/><G0/><T81/><D131/><U92/><E47/><V45/><F45/><W35/><G87/><T16/><D90/><U125/><E125/><V83/><F83/><W78/><G88/><T115/><D89/><U132/><E132/><V97/><F97/><W73/><G78/><T36/><D81/><U59/><E82/><V27/><F27/><W110/><G35/><T70/><D70/><U101/><E101/><V30/><F30/><N who="3" m="11275" /><G73/><T86/><D86/><U25/><E25/><V20/><F20/><W75/><G110/><RYUUKYOKU ba="0,1" sc="414,-10,215,-10,130,30,231,-10" hai2="7,13,18,19,39,40,46,52,58,62,91,94,98" /><INIT seed="2,1,1,1,2,78" ten="404,205,160,221" oya="2" hai0="42,131,132,112,36,37,124,64,94,135,117,44,103" hai1="19,104,22,26,10,123,17,79,0,125,133,99,25" hai2="57,67,16,73,86,43,12,47,110,54,46,60,87" hai3="71,122,4,115,15,40,69,1,59,56,63,65,5"/><V105/><F105/><W23/><G1/><T49/><D112/><U34/><E79/><V101/><F73/><W35/><G35/><T61/><D124/><U116/><E99/><V20/><F110/><W95/><G122/><T127/><D127/><U14/><E104/><V98/><F67/><W92/><G40/><T118/><D131/><U72/><E72/><V33/><F33/><W83/><G23/><T77/><D77/><U106/><E106/><V121/><F121/><W88/><G115/><T39/><D94/><N who="3" m="35881" /><G71/><N who="0" m="42383" /><D103/><U2/><E125/><V30/><F101/><W89/><G69/><T50/><D50/><U18/><E123/><V32/><F98/><W74/><G74/><T41/><D41/><U8/><E116/><AGARI ba="1,1" hai="36,37,39,42,44,49,116,117,118,132,135" m="42383" machi="116" ten="40,5200,0" yaku="12,1,34,2" doraHai="78" who="0" fromWho="1" sc="404,65,205,-55,160,0,221,0" /><INIT seed="3,0,0,1,0,55" ten="469,150,160,221" oya="3" hai0="77,52,3,10,46,82,107,14,0,60,33,129,105" hai1="127,116,66,94,87,22,91,99,47,51,121,62,24" hai2="123,57,63,117,80,126,11,15,58,61,95,59,23" hai3="84,85,19,109,128,27,49,7,110,130,25,16,111"/><W106/><G7/><T72/><D33/><U8/><E121/><V101/><F117/><W88/><G49/><T79/><D129/><N who="3" m="49769" /><G106/><T50/><D79/><U44/><E116/><V133/><F123/><W134/><G134/><T65/><D0/><U35/><E35/><V68/><F68/><W43/><G43/><T70/><REACH who="0" step="1"/><D3/><REACH who="0" ten="459,150,160,221" step="2"/><U98/><E127/><V78/><F126/><W76/><G76/><T74/><D74/><U93/><E8/><V102/><F133/><W86/><G88/><T108/><D108/><U4/><E4/><AGARI ba="0,1" hai="4,10,14,46,50,52,60,65,70,72,77,82,105,107" machi="4" ten="30,3900,0" yaku="1,1,7,1,54,1,53,0" doraHai="55" doraHaiUra="81" who="0" fromWho="1" sc="459,49,150,-39,160,0,221,0" owari="508,60.8,111,-38.9,160,-24.0,221,2.1" /></mjloggm>