<mjloggm ver="2.3"><GO type="225" lobby="0"/><UN n0="%E7%89%B9%E6%9D%B1%E5%96%B0%E8%B5%A4%E9%80%9F" n1="%E3%80%90%E8%92%BC%E7%90%89%E3%80%91" n2="%2D%E8%B1%8A%E5%8F%A3%E3%82%81%E3%81%90%E3%81%BF%2D" n3="%E7%99%BD%E5%80%89%E5%AF%9B%E4%B9%8B" dan="16,16,17,16" rate="2002.79,2192.57,2207.99,2146.16" sx="M,F,F,M"/><TAIKYOKU oya="0"/><INIT seed="0,0,0,3,1,45" ten="250,250,250,250" oya="0" hai0="30,9,102,62,122,38,0,15,77,10,13,114,95" hai1="36,97,105,109,123,48,115,82,101,18,130,75,40" hai2="70,55,135,98,60,43,4,76,104,73,106,69,112" hai3="57,117,31,91,113,92,74,78,50,93,83,56,20"/><T103/><D114/><U58/><E123/><V96/><F112/><W61/><G113/><T16/><D38/><U49/><E115/><V68/><F43/><W34/><G117/><T129/><D122/><U3/><E3/><V87/><F73/><W41/><G34/><T54/><D0/><U65/><E109/><V119/><F4/><W133/><G133/><T131/><D77/><U37/><E130/><N who="0" m="49673" /><D30/><U28/><E28/><V80/><F135/><W94/><G91/><T125/><D95/><U21/><E40/><V51/><F60/><W33/><G33/><T127/><D62/><U17/><E17/><V52/><F55/><W14/><G61/><T25/><D25/><U110/><E110/><V71/><N who="2" m="17408" /><DORA hai="120" /><V72/><F72/><W107/><G107/><T88/><D88/><U53/><E65/><V6/><F6/><W5/><G31/><T42/><D42/><U22/><E22/><V39/><F39/><W1/><G1/><T111/><D54/><U44/><E82/><V124/><F119/><W2/><G2/><T29/><D29/><U89/><E89/><V46/><REACH who="2" step="1"/><F124/><REACH who="2" ten="250,250,240,250" step="2"/><N who="0" m="47690" /><D111/><U90/><E36/><V35/><F35/><W126/><G126/><T100/><D100/><U108/><E37/><V99/><AGARI ba="0,1" hai="46,51,52,76,80,87,96,98,99,104,106" m="17408" machi="99" ten="60,8000,1" yaku="1,1,0,1,52,1,54,1,53,0" doraHai="45,120" doraHaiUra="132,59" who="2" fromWho="2" sc="250,-40,250,-20,240,90,250,-20" /><INIT seed="1,0,0,2,4,91" ten="210,230,330,230" oya="1" hai0="94,65,96,110,73,7,124,119,88,35,117,90,46" hai1="71,122,84,8,85,60,87,133,72,62,23,32,112" hai2="25,12,130,22,128,101,16,44,37,9,53,106,24" hai3="76,77,42,118,104,14,129,125,114,98,1,3,132"/><U5/><E112/><V105/><F25/><W56/><G114/><T29/><D73/><U70/><E122/><V69/><F69/><W38/><G125/><T82/><D124/><U6/><E32/><V67/><F67/><W116/><G129/><N who="2" m="49769" /><F101/><N who="3" m="62519" /><G132/><T50/><D110/><U41/><E72/><V27/><F27/><W51/><G38/><T107/><D107/><U99/><E41/><N who="2" m="22575" /><F53/><N who="3" m="31807" /><G42/><T111/><D111/><U89/><E71/><V2/><F2/><N who="3" m="523" /><G14/><T102/><D65/><U68/><E68/><V108/><F108/><W31/><G31/><AGARI ba="0,0" hai="9,12,16,22,24,31,105,106" m="22575,49769" machi="31" ten="30,2000,0" yaku="19,1,54,1" doraHai="91" who="2" fromWho="3" sc="210,0,230,0,330,20,230,-20" /><INIT seed="2,0,0,0,2,11" ten="210,230,350,210" oya="2" hai0="110,51,132,115,57,8,53,62,55,109,37,117,13" hai1="70,45,44,107,1,74,4,84,88,135,125,123,35" hai2="18,2,114,30,116,40,27,108,68,130,21,113,78" hai3="31,105,69,34,80,25,104,96,33,59,120,124,15"/><V103/><F68/><W92/><G69/><T134/><D37/><U72/><E107/><V98/><F116/><W32/><G120/><T111/><D115/><U3/><E70/><V46/><F2/><W43/><G124/><T50/><D117/><U22/><E35/><V75/><F130/><W126/><G126/><T54/><D8/><U56/><E125/><V79/><F108/><W106/><G43/><T85/><D85/><U76/><E76/><V93/><F78/><W99/><G80/><T131/><D13/><U65/><E135/><N who="0" m="51753" /><D131/><U64/><E4/><V0/><F0/><W17/><G59/><T23/><D23/><U91/><E22/><V47/><F79/><W60/><G60/><T89/><D89/><U6/><E84/><V67/><F21/><W12/><G17/><T112/><D112/><U20/><E20/><V87/><F18/><W24/><G92/><T36/><D36/><U61/><E61/><V29/><F93/><W58/><G58/><T9/><D9/><U129/><E56/><V86/><F114/><W63/><G63/><T127/><D127/><U38/><E6/><V14/><F113/><W52/><G52/><AGARI ba="0,0" hai="50,51,52,53,54,55,57,62,109,110,111" m="51753" machi="52" ten="40,8000,1" yaku="14,1,20,1,34,2,54,1" doraHai="11" who="0" fromWho="3" sc="210,80,230,0,350,0,210,-80" /><INIT seed="3,0,0,3,1,55" ten="290,230,350,130" oya="3" hai0="76,19,104,29,89,3,85,72,46,130,0,71,50" hai1="101,30,49,17,34,8,6,45,123,7,78,87,95" hai2="23,107,110,57,91,43,115,41,68,82,62,2,21" hai3="109,90,116,92,134,99,42,75,96,33,20,133,73"/><W56/><G33/><T44/><D71/><U60/><E30/><V11/><F107/><W36/><G36/><T98/><D29/><U83/><E34/><V97/><F68/><W128/><G42/><T27/><D44/><U88/><E101/><V106/><F115/><W77/><G20/><T5/><D5/><U127/><E127/><V13/><F2/><W79/><G56/><T70/><D70/><U84/><E60/><V64/><F106/><W61/><G61/><T35/><D130/><U86/><E86/><N who="2" m="50647" /><F97/><N who="3" m="57495" /><G128/><T37/><D37/><U122/><E122/><V31/><F110/><W67/><G67/><T135/><D19/><U100/><E100/><V119/><F119/><W103/><G116/><T14/><D14/><N who="1" m="7367" /><E123/><V69/><F69/><W58/><G58/><T4/><D27/><U32/><E32/><V102/><F102/><W94/><G109/><T10/><D35/><U28/><E28/><V124/><F124/><W66/><G66/><T74/><D0/><U117/><E117/><V65/><F65/><W26/><G26/><T129/><D129/><U9/><E9/><V132/><F31/><W126/><G126/><T63/><D63/><U1/><E1/><V108/><F108/><W25/><G25/><T24/><D24/><U118/><E118/><V105/><F21/><W59/><G59/><T111/><D111/><U22/><E22/><V51/><F23/><W40/><G40/><AGARI ba="0,0" hai="6,7,40,45,49,78,83,84,87,88,95" m="7367" machi="40" ten="30,2000,0" yaku="8,1,54,1" doraHai="55" who="1" fromWho="3" sc="290,0,230,20,350,0,130,-20" owari="290,9.0,250,-15.0,350,45.0,110,-39.0" /></mjloggm>