<mjloggm ver="2.3"><GO type="225" lobby="0"/><UN n0="%77%72%77%72%77%72%77%72" n1="%E3%81%95%E3%81%8D%E3%81%9F%E3%81%BE%E6%9E%97%E6%AA%8E" n2="%E7%B4%94%E6%BD%94%E3%83%94%E3%83%A9%E3%83%8B%E3%82%A2" n3="%E6%B4%BE%E9%81%A3%E3%81%AE%E3%82%B8%E3%83%A3%E3%83%83%E3%82%AF" dan="16,16,17,17" rate="2093.12,2096.80,2190.44,2195.22" sx="M,M,M,M"/><TAIKYOKU oya="0"/><INIT seed="0,0,0,4,2,29" ten="250,250,250,250" oya="0" hai0="53,93,17,59,58,111,82,0,24,79,21,48,60" hai1="43,15,42,71,28,19,117,56,3,5,87,64,98" hai2="16,38,57,37,99,61,128,105,33,84,131,134,130" hai3="132,88,114,97,73,31,80,122,8,14,12,109,123"/><T100/><D0/><U85/><E117/><V26/><F134/><W83/><G109/><T39/><D39/><U81/><E71/><V2/><F2/><W55/><G114/><T135/><D135/><U90/><E28/><N who="2" m="19607" /><F84/><N who="3" m="50207" /><G132/><T103/><D93/><U70/><E70/><V52/><F16/><N who="3" m="8199" /><G14/><T72/><REACH who="0" step="1"/><D111/><REACH who="0" ten="240,250,250,250" step="2"/><U47/><E3/><V11/><F11/><W69/><G122/><T115/><D115/><U106/><E106/><V20/><F20/><W36/><G36/><T129/><D129/><U74/><E81/><V67/><F105/><W116/><G123/><T63/><D63/><U34/><E74/><V110/><F110/><W54/><G73/><T124/><D124/><U68/><E85/><V108/><F108/><W30/><G116/><T113/><D113/><U120/><E87/><V45/><F99/><W13/><G80/><T22/><D22/><U78/><E98/><V49/><AGARI ba="0,1" hai="37,38,45,49,52,57,61,67,128,130,131" m="19607" machi="49" ten="40,5200,0" yaku="19,1,52,1,54,1" doraHai="29" who="2" fromWho="2" sc="240,-26,250,-13,250,62,250,-13" /><INIT seed="1,0,0,4,4,74" ten="214,237,312,237" oya="1" hai0="127,95,132,102,29,38,91,103,13,104,112,134,46" hai1="22,58,86,57,65,26,128,32,87,96,115,88,2" hai2="73,54,62,75,83,135,60,37,36,90,21,107,78" hai3="123,93,49,98,133,111,34,122,53,89,52,39,80"/><U79/><E115/><V1/><F135/><N who="0" m="51754" /><D112/><U28/><E128/><V124/><F124/><W68/><G39/><T3/><D3/><U16/><E2/><V40/><F1/><W31/><G133/><T44/><D127/><U48/><E32/><V43/><F107/><W99/><G68/><T24/><D13/><U30/><E65/><V92/><F75/><W4/><G4/><T72/><D72/><U71/><E71/><V84/><F54/><W9/><G9/><T114/><D114/><U41/><E41/><V117/><F117/><W7/><G7/><T25/><D25/><U77/><E96/><V5/><F5/><W69/><G69/><T130/><D130/><U55/><E86/><V82/><F92/><W45/><G111/><T106/><D38/><U14/><E58/><V94/><F94/><W97/><G80/><T59/><D59/><U19/><E19/><V61/><F36/><W27/><REACH who="3" step="1"/><G53/><REACH who="3" ten="214,237,312,227" step="2"/><T64/><D64/><U120/><E120/><AGARI ba="0,1" hai="27,31,34,45,49,52,89,93,97,98,99,120,122,123" machi="120" ten="40,5200,0" yaku="1,1,2,1,54,1,53,0" doraHai="74" doraHaiUra="18" who="3" fromWho="1" sc="214,0,237,-52,312,0,227,62" /><INIT seed="2,0,0,0,4,88" ten="214,185,312,289" oya="2" hai0="6,61,60,72,32,85,91,93,111,70,101,23,43" hai1="20,110,7,62,54,14,80,3,28,42,50,87,113" hai2="83,45,132,56,41,15,10,16,107,121,89,135,66" hai3="78,129,33,26,79,4,34,69,100,24,125,115,38"/><V81/><F107/><W96/><G69/><T95/><D32/><U126/><E113/><V49/><F121/><W47/><G4/><T92/><D72/><U90/><E126/><V114/><F114/><W71/><G71/><T67/><D111/><U128/><E110/><V35/><F35/><W21/><G129/><T30/><D6/><U1/><E128/><V19/><F19/><W130/><G130/><T29/><D43/><U57/><E1/><V120/><F120/><W77/><G125/><T59/><D101/><U36/><E36/><V17/><F17/><W44/><G115/><T27/><REACH who="0" step="1"/><D29/><REACH who="0" ten="204,185,312,289" step="2"/><U2/><E28/><V73/><F73/><W116/><G34/><T123/><D123/><U117/><E117/><V68/><F132/><W0/><G116/><T134/><D134/><U76/><E7/><V18/><F135/><W58/><G33/><T82/><D82/><U119/><E119/><V106/><F83/><W131/><G100/><T12/><D12/><U103/><E103/><V75/><F75/><W74/><G74/><T84/><D84/><U63/><E42/><V11/><F11/><W104/><G131/><T55/><AGARI ba="0,1" hai="23,27,30,55,59,60,61,67,70,85,91,92,93,95" machi="55" ten="20,12000,2" yaku="1,1,0,1,7,1,52,3,53,0" doraHai="88" doraHaiUra="31" who="0" fromWho="0" sc="204,130,185,-30,312,-60,289,-30" /><INIT seed="3,0,0,0,5,14" ten="334,155,252,259" oya="3" hai0="39,101,26,70,134,133,130,5,25,115,91,92,20" hai1="103,99,2,83,127,73,59,110,30,80,81,126,38" hai2="87,23,27,52,74,108,65,63,78,53,44,51,66" hai3="15,105,37,88,111,112,85,123,77,86,12,62,102"/><W82/><G123/><T10/><D115/><U43/><E2/><V113/><F74/><W121/><G121/><T132/><D130/><U69/><E69/><V31/><F113/><W40/><G112/><T34/><D39/><U3/><E3/><V120/><F120/><W33/><G33/><T45/><D101/><U32/><E73/><V19/><F108/><W122/><G122/><T47/><D70/><U7/><E7/><V49/><F63/><W11/><G111/><T84/><D34/><U117/><E110/><V104/><F104/><W29/><G29/><N who="0" m="17575" /><D26/><U95/><E117/><V6/><F6/><W107/><G62/><T114/><D114/><U48/><E38/><V64/><F78/><W13/><G102/><T106/><D106/><U109/><E109/><V55/><F87/><W8/><G105/><T54/><D54/><U68/><E68/><V89/><F89/><W67/><G67/><T16/><D16/><U21/><E32/><V75/><F75/><W50/><G107/><T124/><D124/><U9/><E43/><V22/><F49/><W28/><G28/><T46/><D46/><U97/><E127/><V100/><F100/><W98/><G98/><T60/><D60/><U0/><E99/><V116/><F116/><W96/><G96/><T61/><D61/><U72/><E126/><V41/><F41/><W57/><G37/><T90/><D90/><U76/><E59/><V125/><F125/><W58/><G57/><T42/><D42/><U128/><E128/><V71/><F71/><W118/><G58/><T1/><AGARI ba="0,0" hai="1,5,10,45,47,84,91,92,132,133,134" m="17575" machi="1" ten="30,1100,0" yaku="20,1" doraHai="14" who="0" fromWho="0" sc="334,11,155,-3,252,-3,259,-5" owari="345,44.5,152,-34.8,249,-15.1,254,5.4" /></mjloggm>