<mjloggm ver="2.3"><GO type="225" lobby="0"/><UN n0="%E3%81%A4%E3%81%A3%E3%81%B1%E3%82%8A%E3%83%9D%E3%83%BC%E3%83%AB" n1="%E5%B0%8F%E9%B3%A5%E9%81%8A%E7%B7%B4%E7%84%A1%32%31%E6%AD%B3" n2="%E3%81%BF%E3%81%BF%E3%81%9A" n3="%E9%80%86%E9%80%A3%E5%B8%AF%E3%81%AE%E9%AC%BC" dan="17,16,17,17" rate="2157.19,2173.69,2176.68,2117.99" sx="M,F,M,M"/><TAIKYOKU oya="0"/><INIT seed="0,0,0,5,3,49" ten="250,250,250,250" oya="0" hai0="16,66,10,8,38,52,29,64,32,21,9,27,34" hai1="12,54,15,2,110,56,94,112,26,39,35,82,113" hai2="122,79,125,45,114,128,99,17,93,59,51,89,104" hai3="76,60,50,119,6,135,63,0,7,28,65,68,62"/><T102/><D38/><U72/><E39/><V14/><F114/><N who="1" m="44137" /><E2/><V87/><F122/><W31/><G119/><T42/><D42/><U101/><E110/><V106/><F125/><W131/><G131/><T108/><D108/><U116/><E116/><V90/><F128/><W23/><G135/><T4/><D102/><U71/><E71/><V47/><F79/><W18/><G76/><T75/><D75/><U107/><E107/><V37/><F37/><W5/><G0/><T123/><D4/><U88/><E101/><V1/><F1/><W77/><G77/><T98/><D98/><N who="1" m="57671" /><E82/><V92/><F106/><W84/><G84/><T48/><D123/><U74/><E35/><V118/><F104/><W20/><G65/><T80/><D80/><U53/><E26/><V96/><F118/><W120/><G68/><T91/><D91/><U69/><E69/><V57/><F87/><W127/><G127/><T133/><D133/><U24/><E24/><V115/><F115/><W22/><G120/><T40/><D34/><U46/><E46/><V19/><F51/><W73/><G73/><N who="1" m="28266" /><E56/><V70/><F70/><W97/><G97/><T3/><D3/><U67/><E67/><V124/><F124/><W11/><G50/><T86/><D86/><U129/><E129/><V13/><AGARI ba="0,0" hai="13,14,17,19,45,47,57,59,89,90,92,93,96,99" machi="13" ten="25,6400,0" yaku="0,1,22,2,8,1" doraHai="49" who="2" fromWho="2" sc="250,-32,250,-16,250,64,250,-16" /><INIT seed="1,0,0,5,4,107" ten="218,234,314,234" oya="1" hai0="129,23,35,93,2,25,36,3,31,9,105,12,5" hai1="124,69,76,67,60,106,82,18,49,75,59,52,120" hai2="122,22,28,97,14,20,68,92,13,123,133,46,26" hai3="30,57,128,32,50,74,48,98,43,54,126,125,24"/><U112/><E120/><V83/><F68/><W53/><G128/><T11/><D105/><U90/><E112/><V116/><F116/><W91/><G43/><T19/><D36/><U117/><E117/><V1/><F1/><N who="0" m="10" /><D93/><U121/><E121/><V100/><F133/><W80/><G98/><T33/><D129/><U51/><E106/><V42/><F122/><W38/><G38/><T78/><D78/><U15/><E90/><V37/><F123/><W94/><G94/><T65/><D65/><U99/><E99/><V85/><REACH who="2" step="1"/><F20/><REACH who="2" ten="218,234,304,234" step="2"/><W55/><G126/><T79/><D79/><AGARI ba="0,1" hai="13,14,22,26,28,37,42,46,79,83,85,92,97,100" machi="79" ten="30,3900,0" yaku="1,1,2,1,7,1,53,0" doraHai="107" doraHaiUra="86" who="2" fromWho="0" sc="218,-39,234,0,304,49,234,0" /><INIT seed="2,0,0,0,0,119" ten="179,234,353,234" oya="2" hai0="95,15,44,122,104,53,0,61,63,60,18,129,107" hai1="41,28,73,121,24,70,30,49,12,123,34,69,86" hai2="75,106,10,21,114,130,81,45,14,132,118,51,46" hai3="98,43,13,11,133,87,96,68,113,83,19,92,50"/><V6/><F114/><W115/><G68/><T42/><D122/><N who="1" m="46603" /><E73/><V84/><F118/><W80/><G133/><T9/><D129/><U128/><E28/><V35/><F106/><W2/><G2/><T22/><D0/><U100/><E100/><V54/><F75/><W108/><G108/><T37/><D53/><U97/><E97/><V32/><F132/><W94/><G94/><T40/><D40/><U117/><E117/><V131/><F21/><W90/><G98/><T52/><D95/><U82/><E12/><V39/><F39/><W3/><G3/><T5/><REACH who="0" step="1"/><D52/><REACH who="0" ten="169,234,353,234" step="2"/><U102/><E128/><N who="2" m="49195" /><F45/><N who="3" m="25919" /><G115/><T112/><D112/><U126/><E126/><V33/><F33/><W62/><G113/><T48/><D48/><U127/><E127/><V125/><F125/><W1/><G1/><T16/><D16/><U36/><E36/><V93/><F93/><W38/><G38/><T89/><D89/><AGARI ba="0,1" hai="6,10,14,32,35,46,51,54,81,84,89" m="49195" machi="89" ten="30,1500,0" yaku="19,1" doraHai="119" who="2" fromWho="0" sc="169,-15,234,0,353,25,234,0" /><INIT seed="2,1,0,1,1,73" ten="154,234,378,234" oya="2" hai0="1,125,15,2,41,9,36,69,105,72,50,97,135" hai1="94,43,5,49,70,114,26,89,75,83,33,91,82" hai2="101,29,129,45,31,74,99,68,18,90,54,80,55" hai3="100,104,37,20,77,87,109,108,53,16,0,57,40"/><V12/><F129/><W38/><G0/><T126/><D72/><U23/><E70/><V48/><F68/><W10/><G10/><T46/><D105/><U116/><E116/><V120/><F120/><W8/><G8/><T59/><D97/><U32/><E114/><V27/><F54/><W7/><G7/><T24/><D24/><U119/><E119/><V118/><F118/><W98/><G87/><T113/><D113/><U111/><E111/><N who="3" m="42570" /><G40/><T21/><D21/><U25/><E5/><V127/><F127/><W121/><G77/><T106/><D106/><U85/><E75/><V122/><F122/><W51/><G121/><T30/><D30/><U110/><E110/><V65/><F65/><W28/><G28/><T47/><D69/><U134/><E134/><V34/><F31/><W61/><G61/><T52/><D135/><U76/><E83/><V58/><F74/><W124/><G124/><T132/><D132/><U115/><E115/><V11/><F58/><W95/><G104/><T44/><D126/><U62/><E62/><V103/><F99/><W63/><G63/><T130/><D125/><U13/><E33/><V128/><F128/><W96/><G96/><T67/><D130/><U78/><E32/><V60/><F60/><W93/><G93/><T112/><D112/><U123/><E123/><V17/><F18/><W79/><G79/><T35/><D35/><U64/><E64/><V42/><F42/><W56/><G56/><T19/><D67/><U81/><E43/><V66/><F34/><W84/><G84/><T131/><D131/><U133/><E133/><RYUUKYOKU ba="1,0" sc="154,15,234,-15,378,-15,234,15" hai0="1,2,9,15,19,36,41,44,46,47,50,52,59" hai3="16,20,37,38,51,53,57,95,98,100" /><INIT seed="3,2,0,4,4,34" ten="169,219,363,249" oya="3" hai0="69,43,60,49,3,1,132,28,8,4,22,81,77" hai1="57,87,20,76,6,93,26,38,37,107,79,78,71" hai2="122,17,73,88,15,72,30,84,41,64,89,91,16" hai3="98,108,114,129,42,104,25,12,82,67,29,99,21"/><W97/><G114/><T13/><D132/><U130/><E107/><V24/><F41/><W102/><G129/><T106/><D106/><U112/><E112/><V56/><F84/><W131/><G131/><T86/><D28/><U66/><E71/><V101/><F101/><W119/><G119/><T135/><D22/><U109/><E109/><V75/><F122/><W70/><G108/><T50/><D135/><U128/><E6/><V46/><F46/><W118/><G118/><T133/><D133/><U83/><E93/><V124/><F124/><W53/><G42/><T94/><D94/><U134/><E134/><V120/><F120/><W117/><G117/><T10/><D10/><U92/><E92/><V51/><F15/><W2/><G2/><T59/><D69/><U111/><E111/><V85/><F85/><W80/><G53/><N who="0" m="32183" /><D60/><N who="1" m="38159" /><E37/><V18/><F51/><W100/><G98/><T31/><D31/><N who="1" m="17863" /><E38/><V7/><F7/><W127/><G127/><T126/><D126/><U54/><E128/><V95/><F95/><W40/><G40/><T36/><D36/><U113/><E113/><V9/><F9/><W35/><G102/><T19/><D19/><U32/><E32/><V62/><REACH who="2" step="1"/><F73/><REACH who="2" ten="169,219,353,249" step="2"/><W14/><G99/><T52/><D52/><U47/><E130/><V74/><F74/><W65/><G100/><T5/><D5/><U123/><E123/><V125/><F125/><W55/><G104/><T23/><D23/><AGARI ba="2,1" hai="16,17,18,23,24,30,56,62,64,72,75,88,89,91" machi="23" ten="40,5200,0" yaku="1,1,54,2,53,0" doraHai="34" doraHaiUra="68" who="2" fromWho="0" sc="169,-58,219,0,353,68,249,0" owari="111,-38.9,219,-18.1,421,52.1,249,4.9" /></mjloggm>