<mjloggm ver="2.3"><GO type="225" lobby="0"/><UN n0="%E3%82%8F%E3%81%8B%E3%81%B0%2A%E3%82%AC%E3%83%BC%E3%83%AB" n1="%E3%83%96%E3%83%83%E3%83%91%E3%82%AA%E3%83%96%E3%83%81%E3%82%AD%E3%83%B3" n2="%E3%81%BF%E3%81%BF%E3%81%9A" n3="%E5%8D%A0%E3%81%84%E5%B8%AB%E8%A3%8F%E3%81%AA%E3%81%84%E3%81%97" dan="16,17,17,17" rate="2096.66,2192.50,2212.28,2265.61" sx="M,M,M,M"/><TAIKYOKU oya="0"/><INIT seed="0,0,0,0,4,132" ten="250,250,250,250" oya="0" hai0="131,19,22,20,40,21,109,11,94,112,77,42,62" hai1="66,134,89,119,51,87,8,68,30,55,65,13,28" hai2="92,82,18,120,81,90,35,60,129,107,102,110,44" hai3="111,98,125,69,17,36,57,47,16,83,126,85,4"/><T75/><D112/><U88/><E119/><V106/><F120/><W26/><G69/><T76/><D131/><U43/><E134/><V97/><F35/><W32/><G111/><T25/><D109/><U54/><E43/><N who="0" m="16425" /><D75/><U46/><E55/><V9/><F110/><W113/><G113/><T117/><D117/><U78/><E78/><N who="0" m="30313" /><D11/><U63/><E66/><V33/><F33/><W29/><G4/><T6/><D6/><U115/><E115/><V37/><F60/><W79/><G36/><T124/><D124/><N who="3" m="47721" /><G47/><T100/><D62/><U104/><E104/><N who="2" m="63567" /><F44/><W15/><G57/><T71/><D71/><U130/><E130/><V72/><F18/><N who="3" m="7275" /><G98/><N who="0" m="59479" /><D19/><U128/><E128/><V118/><F9/><W93/><G93/><T48/><D48/><U7/><REACH who="1" step="1"/><E89/><REACH who="1" ten="250,240,250,250" step="2"/><V70/><F118/><W14/><AGARI ba="0,1" hai="14,15,26,29,32,79,83,85" m="7275,47721" machi="14" ten="30,8000,1" yaku="18,1,52,3,54,1" doraHai="132" who="3" fromWho="3" sc="250,-40,240,-20,250,-20,250,90" /><INIT seed="1,0,0,4,2,65" ten="210,220,230,340" oya="1" hai0="26,63,39,72,99,134,22,123,50,79,16,2,84" hai1="43,9,69,78,75,60,14,27,135,1,7,89,74" hai2="95,48,32,45,102,12,0,124,113,126,68,117,109" hai3="128,47,21,52,92,104,31,97,40,85,57,19,125"/><U73/><E135/><V55/><F0/><W8/><G128/><T133/><D39/><U25/><E43/><V37/><F117/><W41/><G125/><N who="2" m="48233" /><F109/><W34/><G104/><T58/><D123/><U66/><E78/><V111/><F111/><W121/><G8/><T88/><D2/><U90/><REACH who="1" step="1"/><E1/><REACH who="1" ten="210,210,230,340" step="2"/><V110/><F110/><W13/><G121/><T98/><D79/><U76/><E76/><V67/><F113/><W132/><G132/><N who="0" m="50795" /><D72/><U120/><E120/><V119/><F119/><W53/><G40/><T91/><D91/><AGARI ba="0,1" hai="7,9,14,25,27,60,66,69,73,74,75,89,90,91" machi="91" ten="40,3900,0" yaku="1,1,52,1,53,0" doraHai="65" doraHaiUra="103" who="1" fromWho="0" sc="210,-39,210,49,230,0,340,0" /><INIT seed="1,1,0,3,4,4" ten="171,259,230,340" oya="1" hai0="107,68,75,128,30,100,28,115,40,133,101,14,125" hai1="63,10,18,36,24,127,73,113,38,112,43,13,106" hai2="97,91,60,72,69,20,85,76,111,120,129,92,3" hai3="61,79,94,7,122,41,82,104,89,57,8,59,80"/><U0/><E0/><V39/><F39/><W86/><G104/><T32/><D115/><U46/><E127/><V44/><F3/><W45/><G122/><T95/><D125/><U126/><E126/><V62/><F120/><W93/><G93/><T121/><D121/><U22/><E106/><V83/><F111/><W132/><G132/><T117/><D117/><U21/><E73/><V33/><F33/><W47/><G47/><T87/><D68/><U102/><E102/><V29/><F129/><W99/><G61/><T55/><D107/><U12/><E38/><V52/><F69/><W119/><G82/><T1/><D1/><U34/><E34/><V123/><F123/><W108/><G108/><T50/><D75/><U58/><E13/><V131/><F131/><W54/><G54/><T53/><D128/><U65/><REACH who="1" step="1"/><E22/><REACH who="1" ten="171,249,230,340" step="2"/><V77/><F72/><W11/><G119/><T56/><D133/><U35/><E35/><V103/><F103/><W109/><G109/><T74/><D74/><U90/><E90/><V130/><F130/><W110/><G110/><T23/><D32/><U9/><E9/><N who="3" m="3658" /><G7/><AGARI ba="1,1" hai="7,10,12,18,21,24,36,43,46,58,63,65,112,113" machi="7" ten="30,5800,0" yaku="1,1,7,1,52,1,53,0" doraHai="4" doraHaiUra="81" who="1" fromWho="3" sc="171,0,249,71,230,0,340,-61" /><INIT seed="1,2,0,1,1,119" ten="171,320,230,279" oya="1" hai0="17,97,106,15,13,90,14,74,35,65,61,22,121" hai1="38,2,122,103,26,59,105,92,42,43,135,87,99" hai2="23,86,39,46,120,50,58,7,127,52,0,19,109" hai3="102,53,20,48,91,66,32,71,129,94,124,130,36"/><U111/><E2/><V93/><F109/><W125/><G32/><T18/><D74/><U27/><E135/><V117/><F117/><W9/><G36/><T16/><D35/><U5/><E111/><V55/><F127/><N who="3" m="48715" /><G102/><T37/><D37/><U1/><E38/><V81/><F120/><W100/><G100/><T8/><D106/><U64/><E122/><V54/><F39/><W28/><G9/><T89/><D121/><U113/><E113/><V49/><F93/><W31/><G66/><T29/><D97/><U115/><E115/><V96/><F96/><N who="3" m="57439" /><G71/><T98/><D98/><U123/><E64/><V128/><F128/><N who="3" m="49259" /><G20/><T24/><REACH who="0" step="1"/><D8/><REACH who="0" ten="161,320,230,279" step="2"/><N who="1" m="2095" /><E99/><V10/><F50/><W82/><G82/><T88/><D88/><U63/><E103/><V68/><F68/><AGARI ba="2,1" hai="13,14,15,16,17,18,22,24,29,61,65,68,89,90" machi="68" ten="40,2600,0" yaku="1,1,54,1,53,0" doraHai="119" doraHaiUra="34" who="0" fromWho="2" sc="161,42,320,0,230,-32,279,0" /><INIT seed="2,0,0,3,4,100" ten="203,320,198,279" oya="2" hai0="41,134,88,104,38,13,48,80,34,72,106,86,9" hai1="87,7,31,130,108,118,117,58,15,92,60,44,28" hai2="94,8,16,42,30,127,102,122,32,23,2,59,24" hai3="115,133,33,26,35,65,82,76,63,1,110,84,98"/><V113/><F113/><W131/><G115/><T56/><D72/><U51/><E108/><V61/><F122/><W29/><G1/><T5/><D34/><U25/><E130/><V27/><F127/><W91/><G110/><T52/><REACH who="0" step="1"/><D134/><REACH who="0" ten="193,320,198,279" step="2"/><U3/><E118/><V50/><F2/><W69/><G133/><T37/><D37/><U97/><E117/><V43/><F8/><W22/><G131/><T124/><D124/><U103/><E3/><V101/><F94/><W111/><G111/><T81/><D81/><U57/><E92/><V119/><F119/><W21/><G33/><T129/><D129/><U6/><E31/><V39/><F39/><W79/><G35/><T114/><D114/><U10/><E28/><V14/><F27/><W47/><G26/><T36/><D36/><U45/><E25/><V77/><F77/><W85/><G29/><T74/><D74/><U126/><E10/><V70/><F70/><W46/><G79/><T89/><D89/><U66/><E126/><V49/><F49/><W96/><G76/><T75/><D75/><U120/><E51/><V123/><F123/><W71/><G71/><T68/><D68/><U128/><E120/><V105/><F105/><W107/><G107/><T62/><D62/><U99/><E60/><V135/><F135/><W40/><G63/><T116/><D116/><U54/><E128/><V83/><F83/><W93/><G82/><T90/><D90/><U78/><E78/><V125/><F125/><W18/><G91/><T132/><D132/><U55/><E15/><V67/><F50/><W109/><G69/><RYUUKYOKU ba="0,1" sc="193,15,320,-15,198,15,279,-15" hai0="5,9,13,38,41,48,52,56,80,86,88,104,106" hai2="14,16,23,24,30,32,42,43,59,61,67,101,102" /><INIT seed="2,1,1,3,4,18" ten="208,305,213,264" oya="2" hai0="131,22,85,93,26,71,90,108,43,107,54,105,124" hai1="80,50,65,117,66,30,70,27,45,92,57,17,122" hai2="79,88,63,40,52,115,99,39,14,20,49,73,113" hai3="5,81,104,10,2,13,110,56,75,38,91,32,44"/><V3/><F3/><W109/><G32/><T120/><D120/><U126/><E117/><V55/><F39/><W116/><G104/><T134/><D108/><N who="3" m="41577" /><G116/><T1/><D131/><U130/><E122/><V72/><F72/><W47/><G38/><T114/><D114/><U129/><E70/><V15/><F73/><W29/><G29/><T24/><D71/><U128/><E126/><V53/><F79/><N who="3" m="44287" /><G56/><T69/><D69/><U135/><E135/><V100/><F113/><W106/><G106/><T78/><D124/><U42/><E57/><V35/><F35/><W87/><G13/><T127/><D1/><U112/><E112/><V76/><F76/><W83/><AGARI ba="1,1" hai="2,5,10,44,47,83,87,91" m="44287,41577" machi="83" ten="30,1100,0" yaku="14,1" doraHai="18" who="3" fromWho="3" sc="208,-4,305,-4,213,-6,264,24" /><INIT seed="3,0,0,0,5,129" ten="204,301,207,288" oya="3" hai0="71,19,89,94,111,13,131,51,18,68,115,61,12" hai1="90,103,58,17,112,55,41,52,33,119,106,82,86" hai2="116,97,113,81,76,62,60,49,22,5,26,96,128" hai3="46,130,108,29,118,2,1,45,14,74,123,73,77"/><W87/><G118/><T38/><D38/><U98/><E119/><V69/><F113/><W15/><G123/><T57/><D131/><U6/><E112/><V24/><F116/><W9/><G130/><T27/><D115/><U32/><E6/><V31/><F128/><W3/><G29/><T99/><D111/><U23/><E41/><V121/><F121/><W16/><G108/><T43/><D71/><U95/><E106/><V59/><F5/><W117/><G117/><T37/><D37/><U135/><E135/><V0/><F0/><W125/><G125/><T109/><D109/><U122/><E122/><V28/><F49/><W35/><G35/><T107/><D68/><U67/><E67/><V101/><F69/><W66/><G66/><N who="0" m="39215" /><D107/><U10/><E10/><V88/><F88/><W126/><G126/><T4/><D4/><U75/><E75/><V80/><F76/><W54/><G14/><N who="0" m="5739" /><D27/><U72/><E72/><V92/><F97/><W47/><G54/><T102/><D89/><U48/><E55/><V30/><F62/><W64/><G64/><T7/><D7/><U84/><E86/><V21/><F30/><W79/><G79/><T127/><D127/><U124/><E124/><V93/><F93/><W20/><G9/><T100/><D100/><U8/><E8/><V104/><F104/><W25/><G25/><AGARI ba="0,0" hai="17,23,25,32,33,48,52,58,82,84,90,95,98,103" machi="25" ten="30,2000,0" yaku="7,1,54,1" doraHai="129" who="1" fromWho="3" sc="204,0,301,20,207,0,288,-20" owari="204,-29.6,321,42.1,207,-19.3,268,6.8" /></mjloggm>