<mjloggm ver="2.3"><GO type="225" lobby="0"/><UN n0="%E6%97%A5%E6%9B%9C%E6%97%A5%E3%82%88%E3%82%8A%E3%81%AE%E4%BD%BF%E8%80%85" n1="%E3%82%A2%E3%83%9E%E3%83%9D%EF%BD%9E%EF%BD%9E%E3%83%A9" n2="%72%69%6F%75%63%68%61%6E" n3="%E3%82%8F%E3%81%8B%E3%81%B0%2A%E3%82%AC%E3%83%BC%E3%83%AB" dan="17,17,16,16" rate="2228.83,2067.09,2137.95,2121.24" sx="M,M,M,M"/><TAIKYOKU oya="0"/><INIT seed="0,0,0,0,1,77" ten="250,250,250,250" oya="0" hai0="5,93,11,56,80,70,83,78,98,21,33,36,65" hai1="108,14,19,95,37,49,69,16,113,131,110,124,89" hai2="99,72,102,104,10,132,106,12,109,86,44,27,6" hai3="42,103,43,85,18,53,107,34,28,91,130,105,63"/><T8/><D33/><U112/><E37/><V84/><F109/><N who="1" m="42089" /><E69/><V117/><F132/><W97/><G107/><T57/><D70/><U29/><E29/><V111/><F111/><W121/><G121/><T79/><D36/><U90/><E124/><V17/><F117/><W35/><G130/><T26/><D79/><U82/><E131/><V64/><F72/><W32/><G28/><T125/><D78/><U1/><E1/><V7/><F106/><W40/><G18/><N who="1" m="6698" /><E14/><V96/><F64/><W0/><G0/><T46/><D46/><U25/><E25/><V133/><F133/><W20/><G20/><T81/><D125/><U52/><E82/><V126/><F126/><W129/><G129/><T120/><D120/><U58/><E90/><V88/><F44/><W134/><G134/><T48/><D5/><U115/><E89/><V61/><F6/><W87/><REACH who="3" step="1"/><G91/><REACH who="3" ten="250,250,250,240" step="2"/><N who="0" m="55615" /><D21/><U13/><E13/><V55/><F12/><W4/><G4/><T74/><D26/><U50/><E95/><N who="2" m="56423" /><F27/><W122/><G122/><T9/><D74/><U51/><AGARI ba="0,1" hai="49,50,51,52,58,112,113,115" m="6698,42089" machi="51" ten="40,8000,1" yaku="11,1,14,1,54,2" doraHai="77" who="1" fromWho="1" sc="250,-40,250,90,250,-20,240,-20" /><INIT seed="1,0,0,4,3,101" ten="210,340,230,220" oya="1" hai0="85,65,4,19,64,118,37,22,127,111,41,48,97" hai1="87,83,6,36,119,74,54,116,109,126,135,60,0" hai2="124,69,86,63,107,102,130,120,20,75,89,13,16" hai3="82,55,1,73,8,93,28,10,110,52,67,58,91"/><U17/><E36/><V56/><F120/><W106/><G106/><T33/><D33/><U29/><E74/><V59/><F75/><W61/><G110/><T38/><D118/><U42/><E42/><V80/><F124/><W90/><G28/><T30/><D30/><U70/><E29/><V72/><F130/><W100/><G100/><T51/><D4/><U2/><E126/><V9/><F72/><W128/><G128/><T99/><D85/><U47/><E17/><V34/><F34/><W79/><G91/><T78/><D78/><U49/><E109/><V122/><F122/><W129/><G129/><T35/><D35/><U123/><E135/><V134/><F134/><W18/><G8/><T131/><D131/><U132/><E132/><V31/><F69/><W14/><REACH who="3" step="1"/><G1/><REACH who="3" ten="210,340,230,210" step="2"/><T117/><D111/><U77/><E123/><V45/><F102/><W26/><G26/><T125/><D125/><U66/><E0/><V11/><F107/><W114/><G114/><T98/><D127/><U92/><E2/><V96/><F31/><W12/><G12/><T105/><D105/><U32/><E119/><V103/><F9/><W71/><G71/><T50/><D117/><U68/><E116/><V25/><F11/><W27/><G27/><N who="0" m="14815" /><D41/><U133/><E70/><V112/><F25/><W94/><G94/><T39/><AGARI ba="0,1" hai="37,38,39,48,50,51,64,65,97,98,99" m="14815" machi="39" ten="40,2700,0" yaku="29,2" doraHai="101" who="0" fromWho="0" sc="210,37,340,-13,230,-7,210,-7" /><INIT seed="2,0,0,5,1,24" ten="247,327,223,203" oya="2" hai0="39,83,111,53,105,66,58,31,56,135,26,54,4" hai1="101,21,89,108,100,37,103,88,38,48,121,134,17" hai2="114,94,125,93,20,81,18,87,82,120,41,57,71" hai3="55,40,117,14,76,116,30,98,11,96,85,118,50"/><V72/><F114/><W60/><G40/><T127/><D105/><U112/><E112/><V8/><F120/><W6/><G60/><T36/><D4/><U115/><E115/><V80/><F71/><W78/><G30/><T12/><D66/><U64/><E64/><V106/><F106/><W42/><G76/><T27/><D12/><U49/><E108/><V97/><F125/><W1/><G1/><T28/><D83/><U61/><E61/><V35/><F35/><W46/><REACH who="3" step="1"/><G55/><REACH who="3" ten="247,327,223,193" step="2"/><T16/><D53/><U22/><E38/><V62/><F41/><W65/><G65/><T91/><D54/><U13/><E37/><V74/><F74/><W47/><G47/><T19/><D127/><U107/><E48/><V59/><F72/><W23/><G23/><T90/><D111/><U33/><E49/><V102/><F62/><W9/><G9/><T119/><D119/><U45/><E22/><V113/><F8/><W86/><G86/><T43/><D43/><U63/><E21/><V132/><F113/><W123/><G123/><T44/><D44/><U110/><E45/><V25/><F132/><AGARI ba="0,1" hai="16,19,26,27,28,31,36,39,56,58,90,91,132,135" machi="132" ten="25,8000,1" yaku="22,2,52,2,54,1" doraHai="24" who="0" fromWho="2" sc="247,90,327,0,223,-80,193,0" /><INIT seed="3,0,0,0,1,10" ten="337,327,143,193" oya="3" hai0="82,84,13,131,106,96,24,107,104,64,69,44,118" hai1="35,23,135,21,43,11,50,38,97,68,9,114,108" hai2="6,117,110,71,17,101,5,31,58,41,54,99,45" hai3="0,29,95,105,126,122,83,26,72,93,22,49,27"/><W47/><G122/><T57/><D118/><U128/><E114/><V42/><F117/><W53/><G105/><T52/><D131/><U39/><E35/><V125/><F71/><W63/><G126/><T55/><D69/><U112/><E68/><V30/><F125/><W123/><G123/><T91/><D24/><U4/><E112/><V1/><F110/><W48/><G0/><T129/><D129/><U103/><E135/><V8/><F6/><W134/><G134/><T100/><D13/><U88/><E11/><V73/><F73/><W61/><G49/><T28/><D28/><U36/><E88/><V132/><F132/><W16/><G83/><T20/><D20/><U109/><E128/><V124/><F17/><W66/><G72/><T102/><D102/><U130/><E43/><V79/><F79/><W3/><G3/><T37/><D64/><U85/><E85/><V62/><F124/><W81/><G81/><T67/><D67/><U87/><E87/><V133/><F133/><W74/><G74/><T25/><D25/><U15/><E50/><V18/><F18/><W46/><G46/><T33/><D33/><U7/><E7/><V86/><F86/><W113/><G113/><T98/><D100/><U40/><E40/><V12/><F1/><W89/><G66/><T51/><REACH who="0" step="1"/><D37/><REACH who="0" ten="327,327,143,193" step="2"/><U90/><E130/><V56/><F56/><W32/><G27/><T80/><D80/><U120/><E120/><V19/><F19/><W2/><G2/><T65/><D65/><U92/><E103/><V77/><F101/><W60/><G16/><T116/><D116/><RYUUKYOKU ba="0,1" sc="327,15,327,15,143,-15,193,-15" hai0="44,51,52,55,57,82,84,91,96,98,104,106,107" hai1="4,9,15,21,23,36,38,39,90,92,97,108,109" owari="352,45.2,342,14.2,128,-37.2,178,-22.2" /></mjloggm>