<mjloggm ver="2.3"><GO type="225" lobby="0"/><UN n0="%E3%83%96%E3%83%83%E3%83%91%E3%82%AA%E3%83%96%E3%83%81%E3%82%AD%E3%83%B3" n1="%E5%91%A8%E6%9D%B1" n2="%E3%81%A4%E3%81%A3%E3%81%B1%E3%82%8A%E3%83%9D%E3%83%BC%E3%83%AB" n3="%E5%8C%97%E6%AC%A7%E3%81%AE%E3%82%82%E3%81%93%E3%81%86" dan="16,17,17,16" rate="2201.41,2194.18,2095.17,2096.57" sx="M,M,M,M"/><TAIKYOKU oya="0"/><INIT seed="0,0,0,2,0,117" ten="250,250,250,250" oya="0" hai0="10,124,58,57,99,39,48,74,53,17,86,68,13" hai1="106,33,55,121,54,26,101,104,52,0,71,111,63" hai2="120,88,42,72,4,128,41,112,134,37,12,107,36" hai3="97,34,25,82,73,59,84,69,105,123,16,40,46"/><T80/><D124/><U103/><E0/><V132/><F112/><W92/><G69/><T96/><D68/><U113/><E113/><V110/><F72/><W133/><G133/><N who="2" m="51305" /><F107/><W79/><G59/><T94/><D39/><N who="2" m="14922" /><F110/><W89/><G34/><T64/><D74/><U102/><E111/><V2/><F2/><W11/><G123/><T98/><D64/><U62/><E121/><V75/><F75/><W129/><G129/><T78/><REACH who="0" step="1"/><D58/><REACH who="0" ten="240,250,250,250" step="2"/><U19/><E71/><V100/><F120/><W66/><G66/><T44/><D44/><U32/><E106/><V15/><F128/><W56/><G56/><T51/><D51/><U18/><E104/><V9/><F100/><AGARI ba="0,1" hai="10,13,17,48,53,57,78,80,86,94,96,98,99,100" machi="100" ten="30,5800,0" yaku="1,1,7,1,8,1,53,0" doraHai="117" doraHaiUra="23" who="0" fromWho="2" sc="240,68,250,0,250,-58,250,0" /><INIT seed="0,1,0,4,5,112" ten="308,250,192,250" oya="0" hai0="40,78,77,8,126,65,32,45,97,5,95,118,131" hai1="98,12,93,134,92,67,29,39,38,58,111,75,81" hai2="84,74,128,0,108,3,87,2,54,104,13,88,31" hai3="36,80,62,69,16,55,50,122,57,24,102,15,101"/><T83/><D131/><U115/><E115/><V17/><F74/><W49/><G36/><T106/><D126/><U48/><E29/><V35/><F128/><W114/><G114/><T6/><D32/><U129/><E129/><V26/><F104/><W96/><G122/><T130/><D130/><U63/><E134/><V43/><F43/><W113/><G113/><T117/><D106/><U125/><E125/><V37/><F37/><W61/><G24/><T127/><D65/><U76/><E111/><V120/><F120/><W25/><G25/><T34/><D34/><U42/><E93/><V133/><F133/><W21/><G69/><T10/><D127/><U110/><E110/><V56/><F108/><W53/><G80/><T23/><D23/><U99/><E99/><V51/><F87/><W86/><G86/><T22/><D22/><U100/><REACH who="1" step="1"/><E12/><REACH who="1" ten="308,240,192,250" step="2"/><V30/><F30/><W121/><G121/><T124/><D124/><U73/><E73/><V85/><F85/><W4/><G96/><T9/><D97/><U123/><E123/><V44/><F2/><W71/><G102/><T70/><D95/><U109/><E109/><V105/><F105/><W90/><G101/><T135/><D135/><U89/><E89/><V1/><F1/><W64/><G90/><T119/><D70/><U18/><E18/><V79/><F88/><W59/><G4/><T47/><D83/><U19/><E19/><V82/><REACH who="2" step="1"/><F56/><REACH who="2" ten="308,240,182,250" step="2"/><N who="3" m="32815" /><G71/><T94/><D94/><U132/><E132/><V72/><F72/><W27/><G27/><T46/><D40/><U41/><E41/><V60/><F60/><AGARI ba="1,2" hai="15,16,21,50,55,57,59,60,61,62,64" m="32815" machi="60" ten="30,3900,0" yaku="6,1,8,1,54,1" doraHai="112" who="3" fromWho="2" sc="308,0,240,0,182,-42,250,62" /><INIT seed="1,0,0,0,4,17" ten="308,240,140,312" oya="1" hai0="8,120,18,111,78,121,35,109,14,4,86,81,12" hai1="43,24,51,101,45,39,6,119,49,72,110,27,100" hai2="82,106,91,44,66,128,75,83,16,64,60,36,88" hai3="41,134,126,97,53,93,92,118,48,3,28,98,130"/><U114/><E119/><V71/><F106/><W131/><G3/><T7/><D35/><U87/><E72/><V58/><F128/><W37/><G37/><T122/><REACH who="0" step="1"/><D7/><REACH who="0" ten="298,240,140,312" step="2"/><U89/><E6/><V13/><F71/><W96/><G130/><T2/><D2/><U10/><E114/><V94/><F66/><W76/><G131/><T19/><D19/><U32/><E32/><V56/><F75/><W99/><G28/><T21/><AGARI ba="0,1" hai="4,8,12,14,18,21,78,81,86,109,111,120,121,122" machi="21" ten="40,8000,1" yaku="1,1,0,1,13,1,52,1,53,0" doraHai="17" doraHaiUra="107" who="0" fromWho="0" sc="298,90,240,-40,140,-20,312,-20" /><INIT seed="2,0,0,5,4,5" ten="388,200,120,292" oya="2" hai0="83,73,58,110,33,124,84,98,54,89,69,135,47" hai1="40,15,21,134,25,91,88,62,65,114,56,94,23" hai2="60,113,42,74,16,64,24,59,50,8,29,6,119" hai3="126,14,108,70,68,78,67,116,72,61,95,30,125"/><V22/><F119/><W51/><G116/><T49/><D69/><U81/><E134/><V0/><F113/><W27/><G108/><T79/><D110/><U35/><E114/><V43/><F74/><W18/><G70/><T80/><D135/><U121/><E121/><V36/><F36/><W96/><G51/><T109/><D109/><U97/><E40/><V19/><REACH who="2" step="1"/><F43/><REACH who="2" ten="388,200,110,292" step="2"/><W130/><G72/><T7/><D124/><U28/><E81/><V71/><F71/><W10/><G125/><T117/><D117/><U13/><REACH who="1" step="1"/><E91/><REACH who="1" ten="388,190,110,292" step="2"/><V111/><F111/><W63/><G126/><T118/><D89/><U11/><E11/><V57/><F57/><W92/><G10/><T45/><D58/><U55/><E55/><V32/><F32/><W128/><G68/><T66/><D54/><U131/><E131/><V48/><F48/><W105/><G130/><T75/><D49/><U20/><AGARI ba="0,2" hai="13,15,20,21,23,25,28,35,56,62,65,88,94,97" machi="20" ten="30,4000,0" yaku="1,1,0,1,54,1,53,0" doraHai="5" doraHaiUra="39" who="1" fromWho="1" sc="388,-10,190,60,110,-20,292,-10" /><INIT seed="3,0,0,5,4,94" ten="378,250,90,282" oya="3" hai0="128,6,107,27,133,59,23,14,87,24,118,28,86" hai1="130,89,104,50,11,106,30,109,42,112,80,43,49" hai2="110,134,96,72,123,114,84,12,10,74,78,41,1" hai3="33,66,45,121,95,55,125,68,83,77,129,70,108"/><W117/><G117/><T99/><D118/><U16/><E112/><V48/><F114/><W131/><G121/><T90/><D133/><U97/><E109/><V120/><F1/><W25/><G125/><T60/><D128/><N who="3" m="49225" /><G66/><N who="0" m="39199" /><D107/><U111/><E111/><V91/><F110/><W3/><G3/><T15/><D27/><U61/><E130/><V85/><F134/><W38/><G108/><T9/><D15/><N who="1" m="7295" /><E106/><V69/><F69/><W105/><G105/><T57/><D57/><U26/><E61/><V119/><F119/><W63/><G63/><T47/><D47/><U127/><E104/><V132/><F132/><W64/><G64/><T32/><D32/><U135/><E127/><V31/><F74/><N who="3" m="43447" /><G55/><T58/><D58/><U116/><E43/><V22/><F41/><N who="3" m="22711" /><G95/><AGARI ba="0,0" hai="6,9,14,23,24,28,86,87,90,95,99" m="39199" machi="95" ten="30,2000,0" yaku="8,1,52,1" doraHai="94" who="0" fromWho="3" sc="378,20,250,0,90,0,282,-20" owari="398,49.8,250,-15.0,90,-41.0,262,6.2" /></mjloggm>