<mjloggm ver="2.3"><GO type="225" lobby="0"/><UN n0="%E7%8D%A3%E8%87%AD%E3%81%84%E8%82%89%E7%90%83" n1="%E3%83%A9%E3%82%A4%E3%83%B3%E3%81%AE%E8%99%8E" n2="%E3%83%A9%E3%83%BC%E3%83%A1%E3%83%B3%E4%BA%94%E9%83%8E" n3="%E3%82%AF%E3%82%A3%E3%82%A6" dan="16,16,16,16" rate="2126.89,2136.48,2131.23,2066.11" sx="M,M,M,M"/><TAIKYOKU oya="0"/><INIT seed="0,0,0,2,1,102" ten="250,250,250,250" oya="0" hai0="79,19,60,63,24,13,9,51,117,23,41,108,7" hai1="27,52,54,61,62,26,99,106,69,134,12,126,10" hai2="123,92,77,49,90,32,83,15,40,22,105,14,98" hai3="57,89,127,64,130,0,91,48,78,122,129,101,46"/><T116/><D108/><U75/><E75/><V68/><F32/><W37/><G0/><T120/><D120/><U88/><E126/><V53/><F123/><W59/><G122/><T119/><D79/><U100/><E134/><V42/><F68/><W85/><G127/><T74/><D74/><U16/><E88/><N who="3" m="33866" /><G37/><T11/><D41/><U112/><E112/><V109/><F109/><W96/><G64/><T128/><D128/><N who="3" m="49257" /><G85/><T115/><D115/><U70/><E62/><V113/><F113/><W17/><G17/><T95/><D95/><U80/><E80/><V66/><F66/><W18/><G18/><T124/><D124/><U43/><E43/><V1/><F1/><W3/><G78/><T71/><D51/><U20/><E27/><V84/><F40/><N who="3" m="24647" /><G3/><T34/><D71/><U82/><E82/><V6/><F42/><W58/><G58/><T21/><D34/><U94/><E94/><AGARI ba="0,0" hai="57,59,94,96,101" m="24647,49257,33866" machi="94" ten="30,2000,0" yaku="19,1,54,1" doraHai="102" who="3" fromWho="1" sc="250,0,250,-20,250,0,250,20" /><INIT seed="1,0,0,2,2,129" ten="250,230,250,270" oya="1" hai0="114,36,123,102,82,128,29,16,81,103,25,14,59" hai1="84,86,43,125,75,23,24,85,122,133,78,93,74" hai2="106,124,56,109,60,90,119,120,69,70,20,0,97" hai3="13,67,130,22,61,116,11,6,66,113,40,112,99"/><U9/><E122/><V131/><F119/><W33/><G116/><T45/><D114/><U57/><E125/><V88/><F120/><W30/><G130/><T46/><D128/><U37/><E93/><V31/><F131/><W48/><G99/><T83/><D123/><U79/><E57/><V108/><F0/><W58/><G67/><T132/><D132/><U89/><E89/><N who="2" m="34411" /><F124/><W71/><G33/><T3/><D3/><U72/><E9/><V118/><F118/><W76/><G76/><T38/><D59/><U68/><E68/><V51/><F51/><W100/><G100/><T105/><D38/><U107/><E107/><V110/><F97/><W127/><G127/><T12/><D36/><U19/><REACH who="1" step="1"/><E133/><REACH who="1" ten="250,220,250,270" step="2"/><V50/><F106/><W39/><G71/><T117/><D117/><U27/><E27/><N who="2" m="16871" /><F50/><W21/><G48/><T5/><D105/><U101/><E101/><V10/><F10/><W80/><G11/><N who="0" m="4207" /><D103/><U1/><E1/><V121/><F121/><W28/><G39/><T44/><D102/><U73/><N who="1" m="18432" /><DORA hai="111" /><U2/><E2/><V53/><AGARI ba="0,1" hai="53,56,60,69,70,108,109,110" m="16871,34411" machi="53" ten="40,2700,0" yaku="14,1,54,1" doraHai="129,111" who="2" fromWho="2" sc="250,-7,220,-13,250,37,270,-7" /><INIT seed="2,0,0,5,5,118" ten="243,207,287,263" oya="2" hai0="62,93,42,129,88,39,27,18,95,55,67,54,43" hai1="72,87,24,113,85,100,29,101,84,5,12,15,25" hai2="130,57,22,103,51,76,34,66,116,86,89,14,107" hai3="50,99,13,36,74,58,19,98,69,127,38,20,75"/><V132/><F116/><W97/><G69/><T110/><D110/><U17/><E72/><V125/><F34/><W68/><G68/><T82/><D129/><U48/><E113/><V78/><F130/><W1/><G127/><T61/><D82/><U41/><E5/><V52/><F125/><W33/><G33/><T6/><D6/><U119/><E119/><V64/><F132/><W21/><G1/><T63/><D67/><N who="2" m="25642" /><F103/><W121/><G121/><T131/><D93/><U31/><E41/><N who="0" m="15369" /><D39/><U10/><E48/><V112/><F107/><W71/><G71/><T2/><D2/><U134/><E134/><V44/><F44/><W117/><G117/><T0/><D0/><U65/><E65/><V122/><F122/><W105/><G105/><T92/><D92/><U77/><E77/><V28/><F112/><W16/><G75/><T120/><D120/><U108/><E108/><V79/><F28/><W49/><G74/><T53/><D131/><U133/><E133/><V94/><F78/><W26/><REACH who="3" step="1"/><G58/><REACH who="3" ten="243,207,287,253" step="2"/><T128/><D128/><U104/><E104/><V8/><F22/><W70/><G70/><T90/><D95/><U106/><E106/><V73/><F73/><W91/><G91/><T9/><D9/><N who="1" m="6287" /><E101/><V115/><F115/><W11/><G11/><T135/><D135/><U114/><E100/><V37/><F37/><AGARI ba="0,1" hai="13,16,19,20,21,26,36,37,38,49,50,97,98,99" machi="37" ten="40,2600,0" yaku="1,1,54,1,53,0" doraHai="118" doraHaiUra="40" who="3" fromWho="2" sc="243,0,207,0,287,-26,253,36" /><INIT seed="3,0,0,5,5,41" ten="243,207,261,289" oya="3" hai0="70,47,23,131,96,75,61,60,22,129,107,3,134" hai1="108,116,81,84,80,83,125,59,66,36,30,115,4" hai2="74,39,58,15,1,85,64,102,128,87,95,54,104" hai3="113,123,88,53,89,99,43,56,100,109,92,117,91"/><W37/><G117/><T124/><D3/><U55/><E115/><V78/><F1/><W121/><G113/><T31/><D75/><U135/><E116/><V69/><F39/><W6/><G6/><T26/><D134/><U119/><E119/><V57/><F69/><W9/><G9/><T52/><D124/><U82/><E108/><V133/><F133/><W40/><G109/><T25/><D96/><U71/><E125/><V44/><F104/><W105/><G105/><T120/><D107/><U2/><E135/><V118/><F74/><W63/><REACH who="3" step="1"/><G37/><REACH who="3" ten="243,207,261,279" step="2"/><T132/><D132/><U18/><E36/><V24/><F118/><W98/><G98/><T90/><D129/><U32/><E4/><V97/><F128/><W42/><AGARI ba="0,1" hai="40,42,43,53,56,63,88,89,91,92,99,100,121,123" machi="42" ten="30,6000,0" yaku="1,1,0,1,54,1,53,0" doraHai="41" doraHaiUra="10" who="3" fromWho="3" sc="243,-20,207,-20,261,-20,279,70" owari="223,-17.7,187,-31.3,241,4.1,349,44.9" /></mjloggm>