<mjloggm ver="2.3"><GO type="225" lobby="0"/><UN n0="%72%61%6B%33" n1="%E4%BF%BA%E3%81%A8%E5%A6%96%E5%A4%A2" n2="%E6%81%A5%E6%99%92%E3%81%97" n3="%E5%B0%8F%E9%B3%A5%E9%81%8A%E7%B7%B4%E7%84%A1%32%31%E6%AD%B3" dan="16,16,16,16" rate="2107.10,2097.54,2101.69,2187.36" sx="M,F,M,F"/><TAIKYOKU oya="0"/><INIT seed="0,0,0,3,4,93" ten="250,250,250,250" oya="0" hai0="85,49,43,63,104,75,13,37,94,65,12,129,89" hai1="56,126,90,50,44,112,118,110,32,27,59,11,117" hai2="46,130,16,122,25,76,57,84,115,8,121,36,19" hai3="18,9,105,87,58,20,1,5,33,53,86,101,120"/><T98/><D129/><U0/><E110/><V42/><F115/><W125/><G33/><T100/><D37/><U29/><E112/><V23/><F130/><W45/><G45/><T80/><D49/><U73/><E126/><V54/><F76/><W96/><G120/><T102/><D43/><U111/><E111/><V21/><F8/><W103/><G103/><T134/><D134/><U14/><E0/><V119/><F84/><W41/><G41/><T95/><D95/><U66/><E73/><V52/><F119/><W67/><G67/><T34/><D34/><U4/><E90/><V92/><F92/><W74/><G74/><T106/><D106/><U15/><E15/><V78/><F78/><W62/><REACH who="3" step="1"/><G125/><REACH who="3" ten="250,250,250,240" step="2"/><T31/><D102/><U81/><E66/><V82/><F54/><W60/><G60/><T135/><D135/><U68/><E117/><V132/><F132/><W39/><G39/><T69/><D31/><U51/><E118/><V127/><F127/><W55/><G55/><T97/><REACH who="0" step="1"/><D75/><REACH who="0" ten="240,250,250,240" step="2"/><U108/><E29/><V72/><F72/><W10/><G10/><T6/><D6/><U123/><E11/><V28/><F121/><W83/><G83/><T79/><AGARI ba="0,2" hai="12,13,63,65,69,79,80,85,89,94,97,98,100,104" machi="79" ten="20,12000,1" yaku="1,1,0,1,7,1,52,2,53,0" doraHai="93" doraHaiUra="7" who="0" fromWho="0" sc="240,140,250,-40,250,-40,240,-40" /><INIT seed="0,1,0,0,0,22" ten="380,210,210,200" oya="0" hai0="101,0,130,67,17,20,37,26,43,2,97,106,76" hai1="77,82,98,79,8,54,69,85,83,95,59,120,23" hai2="3,27,46,65,34,35,105,25,87,11,19,30,74" hai3="121,4,40,133,99,33,44,15,80,14,96,66,57"/><T13/><D130/><U64/><E120/><V123/><F74/><W51/><G33/><T41/><D76/><U112/><E112/><V28/><F123/><W100/><G133/><T90/><D67/><U48/><E8/><V127/><F127/><W124/><G124/><T94/><D37/><U24/><E69/><V7/><F105/><W38/><G80/><T113/><D113/><U132/><E64/><V89/><F65/><W36/><G99/><T125/><D125/><U49/><E132/><V29/><F46/><W102/><G102/><T86/><REACH who="0" step="1"/><D13/><REACH who="0" ten="370,210,210,200" step="2"/><U70/><E70/><V39/><F39/><W134/><G38/><T109/><D109/><U107/><E79/><V88/><F35/><W91/><G36/><T60/><D60/><U84/><E49/><V73/><F73/><W55/><G51/><T71/><D71/><U78/><E48/><V63/><F63/><W50/><G50/><T61/><D61/><U62/><E62/><V18/><F89/><W58/><G91/><T10/><D10/><U128/><E128/><V92/><REACH who="2" step="1"/><F34/><REACH who="2" ten="370,210,200,200" step="2"/><W118/><G66/><T111/><D111/><U119/><E78/><V108/><F108/><W72/><G72/><T114/><D114/><U56/><E77/><V12/><F12/><W32/><G14/><T31/><D31/><U122/><E122/><V103/><F103/><W5/><G100/><T115/><D115/><U116/><E59/><V47/><F47/><W53/><G58/><T68/><D68/><U117/><E56/><V52/><F52/><W104/><G53/><T129/><D129/><U6/><E54/><RYUUKYOKU ba="1,2" sc="370,15,210,-15,200,15,200,-15" hai0="0,2,17,20,26,41,43,86,90,94,97,101,106" hai2="3,7,11,18,19,25,27,28,29,30,87,88,92" /><INIT seed="0,2,2,1,0,48" ten="385,195,215,185" oya="0" hai0="76,80,100,39,9,47,5,26,13,77,85,51,84" hai1="22,125,64,28,45,49,95,91,93,118,34,104,130" hai2="16,78,21,111,40,72,50,15,67,102,112,106,135" hai3="6,86,97,82,43,18,41,3,71,33,58,73,124"/><T31/><D39/><U134/><E118/><V17/><F112/><W30/><G71/><T70/><D70/><U92/><E104/><V126/><F111/><W121/><G73/><T131/><D131/><U57/><E34/><V36/><F126/><W37/><G124/><T19/><D100/><U24/><E125/><V11/><F135/><W99/><G18/><T81/><D19/><U123/><E123/><V107/><F36/><W115/><G115/><T69/><D69/><U62/><E130/><V127/><F127/><W119/><G119/><T103/><D103/><U117/><E134/><V38/><F38/><W53/><G121/><T109/><D109/><U29/><E29/><V55/><F67/><W79/><G30/><T32/><D51/><U113/><E117/><V2/><F40/><W90/><G33/><T4/><D4/><U59/><E59/><V133/><F133/><W10/><G37/><T8/><D8/><U25/><E25/><V116/><F2/><W132/><G132/><T129/><D129/><U128/><E128/><V27/><F102/><W46/><G79/><T66/><D47/><U1/><E1/><V101/><F101/><W114/><G114/><T20/><D66/><U42/><REACH who="1" step="1"/><E113/><REACH who="1" ten="385,185,215,185" step="2"/><V14/><F116/><W56/><G56/><T108/><D108/><U23/><E23/><AGARI ba="2,3" hai="5,9,13,20,23,26,31,32,76,77,80,81,84,85" machi="23" ten="40,2000,0" yaku="9,1" doraHai="48" who="0" fromWho="1" sc="385,56,185,-26,215,0,185,0" /><INIT seed="0,3,0,5,4,83" ten="441,159,215,185" oya="0" hai0="127,4,110,122,30,14,43,25,123,29,19,134,63" hai1="66,0,52,62,56,60,91,45,34,104,133,121,27" hai2="15,38,16,7,113,130,102,54,65,18,78,57,6" hai3="36,24,86,41,55,68,80,120,20,77,95,126,2"/><T129/><D43/><U28/><E121/><V116/><F113/><W85/><G68/><T51/><D51/><U75/><E75/><V106/><F38/><W35/><G35/><T99/><D63/><U13/><E104/><V17/><F130/><W73/><G126/><T39/><D99/><U44/><E0/><V111/><F111/><W90/><G120/><T72/><D72/><U21/><E133/><V50/><F116/><W64/><G64/><T1/><D39/><U37/><E37/><V59/><F15/><W82/><G2/><T84/><D84/><U105/><E91/><V23/><F23/><W47/><G80/><T53/><D53/><U92/><E92/><V42/><F42/><W131/><G55/><T74/><D74/><U132/><E105/><V115/><F115/><W108/><G108/><T114/><D114/><U9/><E34/><V89/><F78/><W31/><REACH who="3" step="1"/><G131/><REACH who="3" ten="441,159,215,175" step="2"/><T32/><D129/><U93/><E132/><V71/><F71/><W112/><G112/><T109/><D134/><U3/><E3/><V22/><F65/><W100/><G100/><T97/><D127/><U88/><E66/><V48/><F102/><W118/><G118/><T101/><D123/><U96/><REACH who="1" step="1"/><E62/><REACH who="1" ten="441,149,215,175" step="2"/><V26/><F106/><W49/><G49/><T128/><D122/><U67/><E67/><V12/><F50/><W117/><G117/><T103/><D128/><U61/><E61/><V79/><F48/><W70/><G70/><T40/><D110/><U33/><E33/><V135/><F135/><W76/><G76/><T125/><D109/><U94/><E94/><RYUUKYOKU ba="3,2" sc="441,-15,149,15,215,-15,175,15" hai1="9,13,21,27,28,44,45,52,56,60,88,93,96" hai3="20,24,31,36,41,47,73,77,82,85,86,90,95" /><INIT seed="1,4,2,3,0,30" ten="426,164,200,190" oya="1" hai0="10,42,67,132,93,11,126,40,130,119,34,76,121" hai1="128,74,26,90,17,70,68,127,100,2,16,44,134" hai2="21,81,122,124,49,50,23,116,87,108,59,102,46" hai3="60,112,28,91,32,25,109,115,113,117,9,37,36"/><U125/><E74/><V135/><F116/><W120/><G120/><T14/><D93/><U69/><E2/><V12/><F122/><W1/><G117/><T123/><D14/><U97/><E134/><V62/><F108/><W55/><G109/><T43/><D67/><U86/><E128/><V24/><F124/><N who="1" m="47689" /><E44/><V75/><F75/><W45/><G91/><T114/><D76/><U104/><E26/><V61/><F102/><W77/><G77/><T54/><D119/><U83/><AGARI ba="4,2" hai="16,17,68,69,70,83,86,90,97,100,104" m="47689" machi="83" ten="40,3900,0" yaku="18,1,54,1" doraHai="30" who="1" fromWho="1" sc="426,-17,164,71,200,-17,190,-17" /><INIT seed="1,5,0,4,1,22" ten="409,235,183,173" oya="1" hai0="31,87,134,88,67,108,123,1,109,82,24,119,48" hai1="7,124,131,84,45,95,72,76,0,116,114,120,8" hai2="2,12,117,54,93,106,27,68,97,102,91,118,51" hai3="30,105,37,16,69,6,81,49,121,60,133,42,58"/><U94/><E114/><V125/><F2/><W74/><G105/><T80/><D1/><U128/><E116/><V79/><F68/><W26/><G133/><T112/><D119/><U53/><E120/><V127/><F12/><W77/><G121/><T28/><D112/><U32/><E32/><V34/><F79/><W44/><G6/><T115/><D115/><U126/><E72/><V15/><F15/><W19/><G37/><T29/><D123/><U92/><E45/><V85/><F117/><W47/><G47/><T13/><D134/><U56/><E76/><V36/><F36/><W101/><G101/><T10/><D67/><U57/><E84/><V64/><F64/><W62/><G69/><T20/><D48/><U96/><E96/><V17/><F118/><W3/><G3/><T98/><D82/><U39/><E39/><V35/><F17/><W33/><REACH who="3" step="1"/><G62/><REACH who="3" ten="409,235,183,163" step="2"/><T25/><D109/><U111/><E111/><V70/><F70/><W11/><G11/><T5/><D108/><U100/><E100/><V40/><F40/><W129/><G129/><N who="1" m="49738" /><E57/><V132/><F132/><W83/><G83/><T38/><D38/><U90/><E0/><V61/><F61/><W52/><AGARI ba="5,1" hai="16,19,26,30,33,42,44,49,52,58,60,74,77,81" machi="52" ten="20,12000,2" yaku="1,1,0,1,7,1,52,1,54,2,53,1" doraHai="22" doraHaiUra="104" who="3" fromWho="3" sc="409,-35,235,-65,183,-35,163,145" /><INIT seed="2,0,0,0,1,47" ten="374,170,148,308" oya="2" hai0="107,34,36,10,18,121,96,0,68,75,4,80,103" hai1="84,88,42,99,97,102,114,123,94,63,70,9,92" hai2="8,108,15,46,130,98,38,67,1,3,19,87,77" hai3="85,116,60,22,37,118,125,81,132,89,45,49,69"/><V76/><F130/><W131/><G132/><T86/><D121/><U21/><E114/><V129/><F129/><W50/><G131/><T133/><D133/><U90/><E123/><V117/><F117/><W120/><G120/><T109/><D109/><U16/><E42/><V14/><F108/><W6/><G6/><T95/><D68/><U51/><E9/><V7/><F67/><W119/><G125/><T65/><D65/><U11/><E11/><V29/><F29/><W39/><G69/><T43/><D18/><U74/><E74/><V134/><F134/><W115/><G60/><T93/><D34/><U13/><E70/><V57/><F57/><W52/><G115/><T53/><D53/><U35/><E63/><V66/><F66/><W24/><REACH who="3" step="1"/><G49/><REACH who="3" ten="374,170,148,298" step="2"/><T12/><D4/><U82/><E35/><V40/><F3/><W58/><G58/><T105/><D0/><U44/><E44/><V17/><F1/><W91/><G91/><T26/><D36/><U32/><E32/><V27/><F7/><W55/><G55/><T73/><D43/><U78/><E51/><V5/><F5/><W25/><G25/><T59/><D26/><U127/><E127/><V64/><F27/><W128/><G128/><T124/><D59/><U135/><E135/><V122/><F122/><W104/><G104/><T113/><D107/><U30/><E90/><V23/><F64/><W83/><G83/><T79/><D124/><U110/><E110/><V31/><F76/><W111/><G111/><T2/><D113/><U126/><E126/><V101/><F77/><W100/><G100/><RYUUKYOKU ba="0,1" sc="374,-15,170,15,148,-15,298,15" hai1="13,16,21,30,78,82,84,88,92,94,97,99,102" hai3="22,24,37,39,45,50,52,81,85,89,116,118,119" /><INIT seed="3,1,1,0,1,95" ten="359,185,133,313" oya="3" hai0="50,33,55,52,91,45,42,73,47,17,2,79,51" hai1="112,12,53,19,128,67,48,88,119,111,41,109,44" hai2="96,8,26,62,68,36,63,16,81,107,46,31,54" hai3="10,77,83,132,101,22,90,124,28,61,66,21,60"/><W32/><G132/><T127/><D127/><U105/><E112/><V5/><F36/><W58/><G90/><T49/><D33/><U37/><E105/><V135/><F135/><W4/><G124/><T14/><D2/><U56/><E128/><V1/><F68/><W23/><G32/><T116/><D116/><U64/><E119/><V125/><F125/><W84/><G61/><T20/><D73/><U30/><E30/><V59/><F46/><N who="0" m="17418" /><D79/><U102/><E102/><V108/><F108/><N who="1" m="41545" /><E88/><V15/><F81/><W6/><G28/><T130/><D130/><U93/><E93/><V86/><F86/><W100/><REACH who="3" step="1"/><G4/><REACH who="3" ten="359,185,133,303" step="2"/><T76/><D76/><U75/><E37/><V70/><F70/><W38/><G38/><T113/><D113/><U115/><E115/><V34/><F63/><W110/><G110/><T120/><D120/><U74/><E41/><V24/><F31/><W121/><G121/><T118/><D118/><U57/><E67/><V71/><F71/><W78/><G78/><T11/><D42/><U69/><E69/><V18/><F34/><W104/><G104/><T82/><D91/><U80/><E64/><V43/><F43/><W85/><G85/><T98/><D55/><U25/><E53/><V29/><F29/><W122/><G122/><T0/><D52/><U133/><E133/><V35/><F35/><W9/><G9/><T117/><D117/><U40/><E40/><V106/><F106/><W99/><G99/><T134/><D98/><U72/><E72/><V39/><F39/><W92/><G92/><T3/><D134/><U27/><E74/><RYUUKYOKU ba="1,2" sc="359,-10,185,-10,133,-10,303,30" hai3="6,10,21,22,23,58,60,66,77,83,84,100,101" /><INIT seed="3,2,2,5,5,128" ten="349,175,123,333" oya="3" hai0="80,19,7,107,116,72,79,130,131,108,49,3,58" hai1="62,95,9,121,98,110,104,37,134,18,46,11,0" hai2="124,102,70,112,44,68,114,21,29,126,93,28,30" hai3="88,40,125,117,115,63,111,97,42,78,38,57,6"/><W34/><G115/><N who="2" m="44073" /><F44/><W16/><G117/><T105/><D116/><U75/><E62/><V39/><F39/><W73/><G34/><T31/><D108/><U127/><E110/><V52/><F21/><W74/><G111/><T101/><D101/><U45/><E45/><V83/><F83/><W33/><G33/><T43/><D31/><N who="2" m="7938" /><V4/><DORA hai="109" /><F4/><W113/><G113/><T96/><D96/><U1/><E46/><V85/><F52/><W92/><G6/><T119/><D119/><U25/><E37/><V53/><F53/><N who="3" m="34223" /><G38/><T66/><D19/><U10/><E18/><V71/><F102/><W32/><G32/><T15/><D43/><U76/><E11/><V56/><F56/><W54/><G54/><T61/><D49/><U86/><E10/><V106/><F106/><W69/><G42/><T36/><D36/><U26/><E9/><V89/><F85/><W81/><G40/><T22/><D22/><U64/><E104/><V77/><F77/><W48/><G48/><T60/><D60/><U27/><E86/><V17/><F17/><W35/><G35/><T24/><D24/><U14/><E27/><V87/><F93/><W99/><G16/><T135/><D107/><U123/><E26/><V65/><F87/><W90/><G81/><T82/><D82/><U20/><E25/><V133/><F133/><W103/><G78/><T84/><D135/><U2/><E134/><V129/><F129/><N who="0" m="49162" /><D105/><U41/><E76/><V50/><F50/><W13/><G103/><T94/><D79/><U5/><E41/><V122/><F122/><W91/><G92/><RYUUKYOKU ba="2,2" sc="349,0,175,0,123,0,333,0" owari="369,46.9,175,-22.5,123,-37.7,333,13.3" /></mjloggm>