<mjloggm ver="2.3"><GO type="225" lobby="0"/><UN n0="%E4%BF%BA%E3%81%A8%E5%A6%96%E5%A4%A2" n1="%E6%97%A5%E6%9B%9C%E6%97%A5%E3%82%88%E3%82%8A%E3%81%AE%E4%BD%BF%E8%80%85" n2="%43%68%65" n3="%E3%81%8F%E3%82%8B%E3%82%8B" dan="16,16,16,18" rate="2244.80,2166.11,2186.10,2289.01" sx="F,M,M,F"/><TAIKYOKU oya="0"/><INIT seed="0,0,0,3,1,104" ten="250,250,250,250" oya="0" hai0="135,63,59,122,78,133,112,132,31,48,85,44,27" hai1="75,19,93,107,22,32,64,87,73,117,62,99,54" hai2="56,130,134,34,102,84,79,47,83,18,66,35,38" hai3="76,118,16,121,111,123,108,37,7,71,119,98,9"/><T100/><D112/><U116/><E32/><V29/><F130/><W113/><G71/><T53/><D122/><N who="3" m="46601" /><G37/><T45/><D100/><U11/><E107/><V41/><F134/><W40/><G40/><T17/><D17/><U77/><E54/><V6/><F6/><W57/><G57/><T94/><D94/><U91/><E11/><V129/><F129/><W60/><G60/><T46/><D85/><U127/><E127/><V14/><F29/><W21/><G98/><T51/><REACH who="0" step="1"/><D78/><REACH who="0" ten="240,250,250,250" step="2"/><U42/><E116/><N who="3" m="44586" /><G76/><T90/><D90/><U52/><E117/><V0/><F79/><W96/><G113/><T49/><D49/><U89/><E77/><V101/><F101/><W114/><G114/><T13/><D13/><U36/><E87/><V103/><F14/><N who="3" m="9367" /><G96/><T131/><D131/><U124/><E99/><V81/><F103/><W128/><G128/><T33/><AGARI ba="0,1" hai="27,31,33,44,45,46,48,51,53,59,63,132,133,135" machi="33" ten="40,7800,0" yaku="1,1,0,1,20,1,53,0" doraHai="104" doraHaiUra="3" who="0" fromWho="0" sc="240,88,250,-26,250,-26,250,-26" /><INIT seed="0,1,0,0,0,58" ten="328,224,224,224" oya="0" hai0="39,91,68,108,75,20,63,5,71,112,46,18,26" hai1="62,8,113,132,104,15,90,78,17,35,12,103,121" hai2="124,85,64,44,28,22,1,9,31,13,41,106,84" hai3="89,33,72,134,70,93,101,99,66,102,34,95,48"/><T29/><D112/><U77/><E121/><V54/><F106/><W49/><G72/><T7/><D75/><U129/><E35/><V97/><F124/><W87/><G134/><T23/><D108/><U107/><E132/><V96/><F1/><W60/><REACH who="3" step="1"/><G101/><REACH who="3" ten="328,224,224,214" step="2"/><T50/><D39/><U59/><E103/><V80/><F31/><W14/><G14/><T57/><D71/><U105/><E113/><V36/><F28/><W67/><G67/><N who="0" m="39407" /><D68/><U76/><E129/><V30/><F64/><W27/><G27/><N who="0" m="16615" /><D91/><U126/><E126/><V69/><F69/><W3/><G3/><T88/><D88/><U52/><E90/><V6/><F30/><W38/><G38/><T47/><D47/><U45/><E45/><V109/><F44/><W131/><G131/><T82/><D82/><U92/><E15/><V98/><F13/><W65/><G65/><T79/><D79/><U123/><E123/><V19/><F80/><W42/><G42/><AGARI ba="1,1" hai="5,7,18,23,26,42,46,50" m="16615,39407" machi="42" ten="30,2900,0" yaku="8,1,52,1" doraHai="58" who="0" fromWho="3" sc="328,42,224,0,224,0,214,-32" /><INIT seed="0,2,0,0,1,14" ten="370,224,224,182" oya="0" hai0="117,57,11,94,21,53,56,80,84,71,44,134,130" hai1="90,38,86,128,69,51,109,42,85,39,47,75,101" hai2="96,126,87,49,3,10,120,113,76,82,123,40,1" hai3="107,83,46,6,89,30,50,22,8,100,67,135,104"/><T9/><D117/><U118/><E118/><V98/><F113/><W4/><G135/><T61/><D134/><U62/><E75/><V122/><F126/><W92/><G67/><T108/><D130/><U52/><E128/><V114/><F114/><W72/><G100/><T32/><D32/><U18/><E109/><V127/><F127/><W34/><G34/><T79/><D71/><U95/><E101/><V74/><F87/><W97/><G30/><T28/><D108/><U37/><E85/><V59/><F59/><W29/><G29/><T119/><D94/><U17/><REACH who="1" step="1"/><E52/><REACH who="1" ten="370,214,224,182" step="2"/><V81/><F74/><W48/><G72/><T33/><D84/><U110/><E110/><V43/><F123/><W88/><G83/><T26/><D80/><U111/><E111/><V64/><F82/><W68/><G89/><T13/><D119/><U15/><E15/><V99/><F81/><W102/><G102/><T129/><D129/><U112/><E112/><V133/><F122/><W103/><G103/><T36/><D13/><U31/><E31/><V124/><F120/><W27/><G88/><T23/><D28/><U35/><E35/><V66/><F124/><W0/><G104/><T20/><D53/><U91/><E91/><V2/><F133/><W63/><G107/><T132/><D33/><U24/><E24/><V121/><F121/><W70/><G27/><T125/><D26/><U54/><E54/><V45/><F76/><W5/><G0/><N who="2" m="105" /><F43/><W12/><G12/><T60/><D125/><U16/><E16/><V41/><F40/><W77/><G77/><T19/><D132/><RYUUKYOKU ba="2,1" sc="370,-15,214,15,224,15,182,-15" hai1="17,18,37,38,39,42,47,51,62,69,86,90,95" hai2="3,10,41,45,49,64,66,96,98,99" /><INIT seed="1,3,1,2,1,67" ten="355,229,239,167" oya="1" hai0="77,79,33,38,48,21,89,99,109,90,13,9,62" hai1="41,100,72,31,80,29,105,73,123,26,84,82,57" hai2="63,108,104,97,106,96,107,14,75,40,134,101,55" hai3="129,70,18,65,1,46,30,3,95,20,66,64,42"/><U93/><E123/><V94/><F75/><W35/><G129/><T126/><D33/><U117/><E117/><V32/><F32/><W8/><G35/><T61/><D38/><U11/><E105/><V12/><F108/><W115/><G115/><T92/><D109/><U132/><E132/><V53/><F134/><W127/><G127/><T37/><D37/><U110/><E110/><V0/><F0/><W68/><G30/><T60/><D21/><U111/><E111/><V23/><F40/><W128/><G128/><T122/><D122/><U120/><E41/><V124/><F124/><W83/><G83/><T6/><D126/><U4/><E120/><V7/><F7/><W15/><G95/><N who="0" m="56815" /><D48/><U103/><E72/><V118/><F118/><W27/><G1/><T56/><D56/><U10/><E73/><V52/><F23/><W47/><G3/><T112/><D112/><U74/><E74/><V39/><F39/><W125/><G125/><T116/><D116/><U86/><E57/><V36/><F36/><W102/><G102/><T71/><D71/><U43/><E43/><V28/><F28/><N who="3" m="17511" /><G42/><T78/><D78/><U51/><E100/><V130/><F130/><W87/><G70/><T85/><AGARI ba="3,1" hai="6,9,13,60,61,62,77,79,85,90,92" m="56815" machi="85" ten="30,1100,0" yaku="8,1" doraHai="67" who="0" fromWho="0" sc="355,30,229,-8,239,-6,167,-6" /><INIT seed="2,0,0,3,0,10" ten="385,221,233,161" oya="2" hai0="90,30,61,102,81,119,24,16,68,109,133,73,36" hai1="11,6,7,33,129,8,52,37,103,15,132,55,45" hai2="80,2,114,104,111,94,121,135,110,96,47,3,51" hai3="18,20,75,32,101,48,86,82,125,58,38,85,134"/><V34/><F114/><W95/><G38/><T28/><D36/><U1/><E33/><V118/><F118/><W124/><G32/><T29/><D119/><U107/><E129/><V26/><F121/><W83/><G134/><T88/><D133/><U89/><E132/><V60/><F104/><W42/><G75/><T63/><D109/><N who="2" m="41482" /><F80/><W130/><G130/><T69/><D102/><U113/><E113/><V122/><F60/><W120/><G120/><T49/><D73/><U126/><E126/><V105/><F105/><W71/><G71/><T98/><D98/><U35/><E35/><V44/><F122/><W100/><G82/><T93/><D81/><U64/><E64/><V0/><F51/><W72/><G72/><T117/><D90/><U59/><E89/><N who="2" m="55375" /><F135/><W74/><G74/><T22/><D117/><U5/><E107/><V77/><F77/><N who="3" m="46319" /><G124/><T27/><D68/><U41/><E103/><V31/><AGARI ba="0,0" hai="0,2,3,26,31,34,44,47" m="55375,41482" machi="31" ten="40,3900,0" yaku="14,1,10,1" doraHai="10" who="2" fromWho="2" sc="385,-13,221,-13,233,39,161,-13" /><INIT seed="2,1,0,1,3,130" ten="372,208,272,148" oya="2" hai0="18,64,2,78,81,76,75,135,71,102,15,107,121" hai1="16,40,33,36,106,0,14,52,21,128,115,5,69" hai2="126,41,113,34,45,35,77,62,49,79,60,28,38" hai3="13,99,59,125,93,11,53,94,23,74,80,43,109"/><V55/><F113/><W131/><G131/><T100/><D121/><U91/><E106/><V22/><F126/><W20/><G125/><T92/><D2/><U4/><E69/><V82/><F77/><W124/><G109/><T3/><D3/><U112/><E33/><V10/><F10/><W119/><G119/><T118/><D107/><U129/><E36/><V110/><F110/><W97/><G124/><T12/><D118/><U114/><E40/><V8/><F22/><W48/><G74/><T89/><D76/><U132/><E132/><V57/><F8/><W27/><G80/><T123/><D135/><U90/><E128/><V87/><F28/><W54/><G43/><T86/><D123/><U117/><E117/><V61/><AGARI ba="1,0" hai="34,35,38,41,45,49,55,57,60,61,62,79,82,87" machi="61" ten="30,1500,0" yaku="0,1" doraHai="130" who="2" fromWho="2" sc="372,-6,208,-6,272,18,148,-6" /><INIT seed="2,2,0,2,5,40" ten="366,202,290,142" oya="2" hai0="26,124,61,33,48,24,52,32,43,131,2,134,129" hai1="35,19,108,47,11,95,7,93,130,122,92,123,60" hai2="59,65,6,21,1,101,20,53,109,91,98,70,118" hai3="90,8,94,113,107,111,116,38,12,71,36,121,100"/><V31/><F118/><W82/><G116/><T125/><D2/><U83/><E108/><V46/><F109/><W14/><G121/><N who="1" m="46090" /><E130/><N who="0" m="49673" /><D43/><U96/><E35/><N who="0" m="13385" /><D61/><U9/><E83/><V135/><F135/><W29/><G111/><T117/><D117/><U73/><E73/><V50/><F91/><W51/><G71/><T66/><D66/><U42/><E60/><N who="2" m="38047" /><F21/><W84/><G113/><T63/><D63/><U49/><E19/><V106/><F70/><W41/><G29/><T3/><D3/><N who="1" m="255" /><E11/><V128/><F128/><W126/><G126/><N who="0" m="48747" /><D134/><U76/><E76/><V56/><F1/><W99/><G107/><T69/><D69/><U79/><E79/><V72/><F106/><W104/><G104/><T75/><D75/><U112/><E112/><V25/><F72/><W4/><G36/><T37/><D37/><U115/><E115/><V17/><F6/><W119/><G38/><T30/><D30/><U27/><E27/><V54/><F17/><W58/><G119/><T114/><D114/><U0/><E0/><V16/><F31/><W67/><G4/><T68/><D68/><U132/><E132/><V97/><F101/><AGARI ba="2,0" hai="42,47,49,92,93,95,96,101" m="255,46090" machi="101" ten="30,2000,0" yaku="13,1,52,1" doraHai="40" who="1" fromWho="2" sc="366,0,202,26,290,-26,142,0" /><INIT seed="3,0,0,2,1,52" ten="366,228,264,142" oya="3" hai0="24,37,6,15,30,78,125,17,57,46,4,9,95" hai1="61,67,33,98,135,107,11,14,8,28,106,121,21" hai2="47,59,108,122,92,31,69,111,38,2,32,71,97" hai3="134,109,27,29,110,91,133,70,127,13,68,120,25"/><W56/><G120/><T54/><D125/><U0/><E121/><V81/><F122/><W35/><G127/><T36/><D78/><U102/><E135/><N who="3" m="51722" /><G91/><T3/><D46/><U114/><E114/><V43/><F2/><W60/><G13/><T100/><D95/><U65/><E107/><V88/><F81/><W80/><G80/><T83/><D100/><U19/><E0/><V112/><F112/><W72/><G27/><T96/><D96/><U86/><E86/><V58/><F71/><W119/><G72/><T45/><D45/><U16/><E19/><V79/><F69/><N who="3" m="26731" /><G119/><T20/><D83/><U62/><E33/><V22/><F32/><W132/><N who="3" m="51730" /><W34/><DORA hai="89" /><G34/><N who="0" m="20807" /><D4/><U87/><E87/><V90/><F90/><W64/><AGARI ba="0,0" hai="25,29,35,56,60,64,109,110" m="26731,51730" machi="64" ten="50,4800,0" yaku="20,1,52,1" doraHai="52,89" who="3" fromWho="3" sc="366,-16,228,-16,264,-16,142,48" /><INIT seed="3,1,0,4,2,35" ten="350,212,248,190" oya="3" hai0="84,105,58,130,90,127,55,42,32,0,67,56,53" hai1="129,12,101,38,43,117,2,48,50,79,11,73,108" hai2="15,16,36,80,110,5,78,29,115,114,4,120,88" hai3="59,89,96,61,31,116,124,45,92,77,18,28,121"/><W82/><G116/><T107/><D0/><U109/><E101/><V39/><F110/><N who="1" m="42601" /><E117/><V75/><F120/><W85/><G124/><T104/><D127/><U97/><E129/><V126/><F126/><W98/><G121/><T9/><D130/><U132/><E132/><V6/><F29/><W30/><G45/><T68/><D32/><U76/><E38/><V27/><F27/><W131/><G131/><T99/><D42/><U102/><E73/><V49/><F49/><N who="1" m="19049" /><E43/><V34/><F34/><W134/><G134/><T123/><D9/><U40/><E40/><V22/><REACH who="2" step="1"/><F88/><REACH who="2" ten="350,212,238,190" step="2"/><W65/><REACH who="3" step="1"/><G18/><REACH who="3" ten="350,212,238,180" step="2"/><T62/><D123/><U57/><E79/><V7/><N who="2" m="1024" /><DORA hai="21" /><V23/><F23/><W1/><G1/><T112/><D112/><AGARI ba="1,2" hai="15,16,22,36,39,75,78,80,112,114,115" m="1024" machi="112" ten="50,6400,0" yaku="1,1,54,1,53,1" doraHai="35,21" doraHaiUra="54,14" who="2" fromWho="0" sc="350,-67,212,0,238,87,180,0" owari="283,8.3,212,-18.8,325,42.5,180,-32.0" /></mjloggm>