<mjloggm ver="2.3"><GO type="225" lobby="0"/><UN n0="%E5%8D%A0%E3%81%84%E5%B8%AB%E8%A3%8F%E3%81%AA%E3%81%84%E3%81%97" n1="%79%75%72%69%6D%6F%67" n2="%EF%BC%AE%EF%BC%A1%EF%BC%AF%33%33%39" n3="%E3%83%94%E3%83%B3%E3%82%B5%E3%83%AD%E5%BA%97%E5%93%A1" dan="17,16,16,17" rate="2192.25,2133.83,2104.16,2162.23" sx="M,F,M,M"/><TAIKYOKU oya="0"/><INIT seed="0,0,0,2,2,81" ten="250,250,250,250" oya="0" hai0="30,111,21,106,41,104,87,44,73,123,8,94,99" hai1="134,71,126,11,89,33,38,97,86,79,69,114,25" hai2="48,100,39,102,83,108,52,96,22,32,127,62,68" hai3="46,124,93,70,28,26,135,75,107,101,98,63,110"/><T116/><D116/><U133/><E38/><V40/><F32/><W27/><G75/><T16/><D123/><U13/><E97/><V84/><F39/><W1/><G1/><T51/><D73/><U4/><E79/><V66/><F40/><W14/><G110/><T119/><D119/><U103/><E103/><V31/><F108/><W88/><G135/><N who="1" m="51722" /><E126/><V53/><F127/><W56/><G124/><T35/><D111/><U3/><E3/><V47/><F53/><W78/><G78/><T80/><D35/><U34/><E114/><V55/><F55/><W132/><G132/><T125/><D125/><U54/><E54/><V45/><F45/><W115/><G115/><T121/><D121/><U15/><E15/><V92/><F22/><W50/><G70/><N who="1" m="26634" /><E25/><V74/><F74/><W10/><G50/><T12/><D30/><U118/><E118/><V37/><F37/><W0/><G0/><T20/><D106/><U36/><E36/><V57/><F31/><W105/><G46/><T2/><D104/><U130/><E130/><V72/><F72/><W43/><G43/><T76/><D2/><U117/><E117/><V42/><F100/><AGARI ba="0,0" hai="8,12,16,20,21,41,44,51,76,80,87,94,99,100" machi="100" ten="30,11600,0" yaku="7,1,8,1,52,1,54,1" doraHai="81" who="0" fromWho="2" sc="250,116,250,0,250,-116,250,0" /><INIT seed="0,1,0,2,4,21" ten="366,250,134,250" oya="0" hai0="15,89,88,42,69,87,39,90,38,119,48,4,25" hai1="3,16,13,23,50,123,95,29,71,35,34,113,57" hai2="107,110,66,118,18,100,59,134,2,70,61,19,91" hai3="68,132,58,126,44,94,32,135,53,62,60,5,33"/><T121/><D119/><U41/><E71/><V99/><F2/><W109/><G5/><T102/><D69/><U43/><E123/><V6/><F6/><W24/><G109/><T78/><D121/><U108/><E3/><V114/><F114/><W67/><G126/><T128/><D128/><U103/><E108/><V11/><F110/><W46/><G94/><T98/><D38/><U116/><E116/><V97/><F118/><W86/><G86/><T84/><D39/><U131/><E131/><V104/><F11/><W73/><G73/><T36/><D36/><U22/><E35/><V0/><F0/><W12/><G12/><T8/><D78/><U81/><E34/><V54/><F134/><N who="3" m="51243" /><G33/><T93/><D25/><N who="1" m="16567" /><E81/><V79/><F79/><W9/><G9/><T106/><D106/><U75/><E75/><V130/><F130/><W96/><G96/><T120/><D120/><U1/><E1/><V37/><F37/><W56/><G68/><T55/><REACH who="0" step="1"/><D42/><REACH who="0" ten="356,250,134,250" step="2"/><U52/><E113/><V49/><REACH who="2" step="1"/><F91/><REACH who="2" ten="356,250,124,250" step="2"/><W111/><G111/><T7/><D7/><U76/><E76/><V105/><F105/><W72/><G72/><T51/><D51/><U47/><E47/><AGARI ba="1,2" hai="4,8,15,47,48,55,84,87,88,89,90,93,98,102" machi="47" ten="40,7700,0" yaku="1,1,8,1,54,1,53,0" doraHai="21" doraHaiUra="17" who="0" fromWho="1" sc="356,100,250,-80,124,0,250,0" /><INIT seed="0,2,0,5,2,89" ten="456,170,124,250" oya="0" hai0="11,115,27,99,54,63,58,55,100,47,45,34,71" hai1="117,81,104,46,3,61,18,127,114,73,43,80,19" hai2="129,53,26,4,62,50,67,17,123,29,96,14,1" hai3="116,107,98,41,90,103,0,70,88,101,119,78,51"/><T24/><D115/><U105/><E117/><V86/><F123/><W33/><G33/><T59/><D71/><U6/><E127/><V35/><F129/><W79/><G0/><T9/><D34/><U22/><E114/><V113/><F113/><W52/><G70/><T16/><D45/><U95/><E6/><V23/><F86/><W128/><G41/><T120/><D47/><U10/><E10/><V110/><F110/><W68/><G68/><T39/><D39/><U57/><E3/><V85/><F85/><W75/><G128/><T69/><D69/><U56/><E73/><V64/><F62/><W93/><G90/><T109/><D109/><U5/><E5/><V102/><F4/><W44/><G103/><T97/><D120/><U135/><E135/><V42/><F42/><W130/><G130/><T112/><D112/><U131/><E131/><V32/><F1/><W38/><G38/><T82/><D82/><U36/><E19/><V28/><F28/><W31/><G31/><T13/><D9/><U20/><E20/><V133/><F133/><W77/><REACH who="3" step="1"/><G75/><REACH who="3" ten="456,170,124,240" step="2"/><T122/><D122/><U25/><E105/><V94/><REACH who="2" step="1"/><F32/><REACH who="2" ten="456,170,114,240" step="2"/><W65/><G65/><T132/><D132/><U49/><E36/><V83/><F83/><W111/><G111/><T48/><D99/><AGARI ba="2,2" hai="44,51,52,77,78,79,88,93,98,99,101,107,116,119" machi="99" ten="40,8000,1" yaku="1,1,52,1,54,2,53,0" doraHai="89" doraHaiUra="60" who="3" fromWho="0" sc="456,-86,170,0,114,0,240,106" /><INIT seed="1,0,0,5,2,67" ten="370,170,114,346" oya="1" hai0="31,14,92,115,81,1,125,78,93,109,131,57,130" hai1="22,120,112,11,21,122,74,102,69,35,30,73,107" hai2="42,99,116,84,97,133,27,39,17,132,36,18,135" hai3="40,105,90,3,53,32,25,66,19,108,72,49,58"/><U48/><E112/><V77/><F116/><W33/><G3/><T63/><D1/><U2/><E107/><V104/><F42/><W114/><G114/><T16/><D115/><U128/><E102/><V0/><F0/><W95/><G105/><T103/><D31/><U26/><E48/><V7/><F7/><W89/><G72/><T46/><D46/><U54/><E54/><V59/><F59/><W52/><G108/><T94/><D109/><U29/><E69/><V110/><F110/><W117/><G117/><T6/><D6/><N who="1" m="1495" /><E73/><V37/><F104/><W86/><G66/><T56/><D125/><U121/><E74/><V62/><F62/><N who="3" m="36167" /><G40/><T8/><D103/><U47/><E47/><V100/><F100/><W126/><G33/><T129/><REACH who="0" step="1"/><D63/><REACH who="0" ten="360,170,114,346" step="2"/><U4/><E4/><V68/><F132/><W75/><G126/><T127/><D127/><U96/><E96/><V123/><F99/><N who="3" m="57839" /><G32/><T85/><AGARI ba="0,1" hai="8,14,16,56,57,78,81,85,92,93,94,129,130,131" machi="85" ten="40,8000,1" yaku="1,1,0,1,19,1,54,1,53,0" doraHai="67" doraHaiUra="119" who="0" fromWho="0" sc="360,90,170,-40,114,-20,346,-20" /><INIT seed="2,0,0,3,4,118" ten="450,130,94,326" oya="2" hai0="83,105,94,95,16,2,38,80,43,111,15,107,35" hai1="5,127,34,67,29,26,18,76,101,78,36,91,115" hai2="23,77,25,129,73,79,84,109,31,117,45,99,112" hai3="128,89,65,108,132,54,74,46,47,121,103,90,85"/><V104/><F117/><W1/><G74/><T131/><D2/><U119/><E115/><V12/><F112/><W61/><G1/><T97/><D35/><U124/><E36/><V3/><F3/><W57/><G108/><T20/><D111/><U96/><E91/><V68/><F68/><W32/><G32/><T122/><D122/><U69/><E5/><V64/><F64/><W33/><G33/><T114/><D114/><U28/><E18/><V21/><F73/><W41/><G128/><T58/><D95/><U116/><E28/><V98/><F109/><W81/><G132/><T10/><D131/><U30/><E30/><V113/><F113/><W92/><G121/><T106/><D58/><U13/><E13/><V56/><F104/><W134/><G103/><T53/><D53/><U87/><E119/><V102/><F102/><W135/><G54/><T52/><D52/><U120/><E116/><V48/><F56/><W125/><G125/><N who="1" m="48202" /><E87/><V82/><F79/><W49/><REACH who="3" step="1"/><G47/><REACH who="3" ten="450,130,94,316" step="2"/><T55/><D55/><U50/><E120/><V44/><F129/><W22/><G22/><T133/><D20/><U126/><E126/><V0/><F0/><W70/><G70/><T62/><D133/><U71/><E71/><V7/><F23/><W39/><G39/><T86/><D62/><N who="1" m="40183" /><E50/><V17/><F31/><W4/><G4/><T40/><D38/><U51/><E51/><V37/><F37/><W110/><G110/><T19/><D19/><U75/><E75/><V11/><F45/><W130/><G130/><T123/><D123/><U6/><E6/><V93/><F7/><RYUUKYOKU ba="0,1" sc="450,-15,130,15,94,-15,316,15" hai1="26,29,34,76,78,96,101" hai3="41,46,49,57,61,65,81,85,89,90,92,134,135" /><INIT seed="3,1,1,0,4,76" ten="435,145,79,331" oya="3" hai0="49,86,67,54,85,26,48,5,105,108,68,59,18" hai1="72,128,66,53,107,55,95,110,34,29,15,101,82" hai2="78,3,113,8,126,19,129,23,96,38,33,20,135" hai3="73,6,106,121,44,102,63,123,89,109,116,37,134"/><W35/><G116/><T100/><D108/><U12/><E110/><V16/><F38/><W111/><G89/><T10/><D68/><U122/><E128/><V62/><F62/><W57/><G57/><T87/><D67/><U24/><E122/><N who="3" m="46602" /><G63/><N who="0" m="36343" /><D105/><U97/><E95/><V83/><F113/><W98/><G134/><T9/><D5/><U14/><E66/><V7/><F129/><W88/><G88/><T103/><D9/><U117/><E117/><V4/><F135/><W36/><G36/><T77/><D77/><U120/><E120/><V93/><F33/><W115/><G115/><T2/><D2/><U22/><E34/><V84/><F7/><W60/><G60/><T69/><D69/><U56/><E56/><V79/><F79/><W130/><G130/><T90/><D90/><U127/><E127/><V118/><F118/><W80/><G6/><T28/><D103/><U39/><E39/><V81/><F126/><W133/><G133/><T70/><D70/><U119/><E119/><V11/><F83/><W21/><G35/><N who="0" m="20887" /><D100/><U91/><E72/><V46/><F46/><W0/><G0/><T94/><D94/><U114/><E114/><V74/><F74/><W47/><G21/><T17/><D10/><U61/><E61/><V104/><F104/><W52/><G47/><T25/><D17/><N who="2" m="6730" /><F11/><W50/><G37/><T43/><D43/><U27/><E27/><V58/><F58/><W99/><G99/><T31/><D18/><U71/><E71/><V131/><F131/><W124/><G124/><T30/><D25/><U45/><E45/><V13/><F3/><RYUUKYOKU ba="1,1" sc="435,0,145,0,79,0,331,0" hai0="30,31,48,49,85,86,87" hai1="12,14,15,22,24,29,53,55,82,91,97,101,107" hai2="4,8,13,20,23,78,81,84,93,96" hai3="44,50,52,73,80,98,102,106,109,111" /><INIT seed="3,2,1,5,2,97" ten="435,145,79,331" oya="3" hai0="4,6,79,38,20,5,124,19,11,39,50,77,101" hai1="65,66,37,128,46,47,71,10,60,25,119,41,99" hai2="54,123,109,111,105,122,32,83,18,120,76,112,80" hai3="130,30,2,8,113,70,43,133,59,51,116,94,87"/><W61/><G113/><T98/><D124/><U31/><E128/><V118/><F32/><W0/><G116/><T21/><D38/><U26/><E119/><V90/><F18/><W44/><G130/><T55/><D39/><U22/><E10/><V16/><F54/><W34/><G70/><T73/><D73/><U117/><E117/><V68/><F68/><W135/><G30/><T96/><D11/><U102/><E47/><V23/><F118/><W93/><G34/><T126/><D126/><U36/><E65/><V9/><F9/><W106/><G106/><T35/><D35/><U62/><E62/><V15/><F105/><W78/><G78/><N who="0" m="29707" /><D101/><U89/><E26/><V7/><F7/><N who="3" m="1127" /><G87/><T49/><D49/><U134/><E134/><N who="3" m="51210" /><G2/><T28/><D28/><U27/><E27/><V53/><F112/><W69/><G69/><T108/><D20/><U110/><E110/><N who="2" m="41995" /><F76/><W115/><G115/><T48/><D108/><U132/><E132/><V14/><F14/><W104/><G104/><T42/><D21/><U74/><E74/><V52/><F83/><W82/><G82/><T114/><D114/><U125/><E125/><V63/><F63/><W81/><G81/><T29/><D29/><U3/><E3/><V85/><AGARI ba="2,1" hai="15,16,23,52,53,80,85,90,120,122,123" m="41995" machi="85" ten="40,8000,1" yaku="13,1,14,1,54,2" doraHai="97" who="2" fromWho="2" sc="435,-22,145,-22,79,96,331,-42" owari="413,51.3,123,-37.7,175,-22.5,289,8.9" /></mjloggm>