<mjloggm ver="2.3"><GO type="225" lobby="0"/><UN n0="%E5%8D%A0%E3%81%84%E5%B8%AB%E8%A3%8F%E3%81%AA%E3%81%84%E3%81%97" n1="%E3%81%95%E3%81%8D%E3%81%9F%E3%81%BE%E6%9E%97%E6%AA%8E" n2="%E6%81%AC%E6%B7%A1%E5%AF%82%E5%AF%9E" n3="%E7%99%BD%E5%80%89%E5%AF%9B%E4%B9%8B" dan="17,16,16,16" rate="2264.57,2139.54,2117.65,2120.91" sx="M,M,F,M"/><TAIKYOKU oya="0"/><INIT seed="0,0,0,3,3,17" ten="250,250,250,250" oya="0" hai0="45,11,35,52,58,18,79,3,67,12,95,63,13" hai1="30,105,83,56,44,101,125,15,5,99,75,23,68" hai2="90,86,80,48,1,40,94,130,38,20,69,71,91" hai3="124,123,46,133,57,102,47,53,118,104,127,9,24"/><T109/><D35/><U43/><E68/><V78/><F1/><W117/><G102/><T26/><D3/><U82/><E125/><N who="3" m="48202" /><G104/><T121/><D121/><U92/><E105/><V50/><F91/><W103/><G103/><T120/><D120/><U21/><E75/><V27/><F38/><W112/><G9/><T37/><D109/><U32/><E32/><V116/><F130/><W22/><G123/><T110/><D110/><U73/><E73/><V10/><F10/><W88/><G88/><T31/><D79/><U134/><E134/><V42/><F71/><W65/><G65/><T96/><D12/><U49/><E56/><V85/><F69/><W60/><G112/><T115/><D115/><U122/><E122/><V119/><F119/><N who="3" m="45579" /><G133/><T135/><D135/><U77/><E30/><AGARI ba="0,0" hai="22,24,30,46,47,53,57,60" m="45579,48202" machi="30" ten="30,2000,0" yaku="18,1,52,1" doraHai="17" who="3" fromWho="1" sc="250,0,250,-20,250,0,250,20" /><INIT seed="1,0,0,2,4,40" ten="250,230,250,270" oya="1" hai0="109,68,78,130,2,28,63,81,89,100,77,92,51" hai1="72,36,74,66,64,65,128,31,131,120,54,6,71" hai2="70,49,87,21,46,127,121,123,12,61,113,33,19" hai3="114,56,102,122,106,133,103,9,41,111,98,48,116"/><U55/><E120/><V105/><F33/><W76/><G122/><T88/><D2/><U53/><E31/><V18/><F105/><W14/><G114/><T132/><D109/><U60/><E6/><V69/><F127/><W25/><G111/><T99/><D130/><N who="1" m="49707" /><E36/><V11/><F113/><W93/><G133/><T10/><D132/><U119/><E119/><V84/><F70/><W3/><G3/><T16/><D28/><U39/><E39/><V29/><F29/><W57/><G76/><T37/><D37/><U75/><AGARI ba="0,0" hai="53,54,55,60,64,65,66,71,72,74,75" m="49707" machi="75" ten="40,2100,0" yaku="19,1" doraHai="40" who="1" fromWho="1" sc="250,-7,230,21,250,-7,270,-7" /><INIT seed="1,1,0,1,2,121" ten="243,251,243,263" oya="1" hai0="101,122,4,64,51,18,31,74,95,50,100,3,110" hai1="128,6,91,114,83,11,15,23,105,115,112,27,123" hai2="70,132,44,126,57,17,2,76,111,33,12,87,118" hai3="92,5,9,78,73,34,94,19,25,77,45,65,36"/><U107/><E123/><V46/><F2/><W85/><G65/><T56/><D122/><U54/><E128/><V26/><F70/><W86/><G73/><T124/><D74/><U60/><E60/><V99/><F118/><W81/><G36/><T40/><D124/><U59/><E83/><N who="2" m="47591" /><F132/><W16/><G45/><T119/><D119/><U108/><E91/><V72/><F72/><W22/><G34/><T75/><D75/><U66/><E66/><V93/><F33/><W88/><G19/><T42/><D31/><U41/><E41/><V55/><F26/><W37/><G37/><T98/><D3/><U127/><E127/><V102/><F111/><W130/><G130/><T131/><D4/><U38/><E108/><V28/><F28/><W79/><G94/><T129/><D110/><U69/><E69/><V53/><F53/><W133/><G133/><T62/><D100/><U90/><E38/><V8/><F126/><W125/><G125/><T103/><D101/><U135/><E135/><V109/><F109/><W32/><G32/><T21/><D129/><U13/><E13/><AGARI ba="1,0" hai="5,9,13,16,22,25,77,78,79,81,85,86,88,92" machi="13" ten="30,7700,0" yaku="7,1,8,1,54,2" doraHai="121" who="3" fromWho="1" sc="243,0,251,-80,243,0,263,80" /><INIT seed="2,0,0,0,5,122" ten="243,171,243,343" oya="2" hai0="49,82,93,63,17,38,81,79,84,89,13,55,127" hai1="100,33,88,50,131,113,62,115,14,121,18,44,97" hai2="103,76,69,77,10,75,19,3,28,111,71,30,20" hai3="5,26,34,56,68,64,12,105,102,116,90,98,48"/><V60/><F103/><W4/><G116/><T74/><D38/><U91/><E131/><V46/><F76/><W41/><G90/><T39/><D39/><U54/><E121/><V29/><F77/><W104/><G104/><T21/><D127/><U106/><E33/><V132/><F75/><W99/><G99/><T85/><D63/><U53/><E115/><V67/><F132/><W92/><G92/><T72/><REACH who="0" step="1"/><D81/><REACH who="0" ten="233,171,243,343" step="2"/><U86/><E113/><V120/><F120/><W109/><G105/><T52/><D52/><N who="1" m="29767" /><E62/><V8/><F69/><W107/><G68/><T15/><D15/><U42/><E42/><V0/><F3/><W110/><G12/><T16/><D16/><U78/><E78/><V23/><F0/><W126/><G126/><T108/><D108/><U7/><E7/><V36/><F111/><W51/><G110/><T114/><D114/><U123/><E123/><V65/><F67/><W59/><G64/><T11/><D11/><N who="1" m="6495" /><E91/><V112/><F112/><W25/><G109/><T6/><D6/><U47/><E47/><AGARI ba="0,1" hai="13,17,21,47,49,55,72,74,79,82,84,85,89,93" machi="47" ten="30,2000,0" yaku="1,1,7,1,53,0" doraHai="122" doraHaiUra="130" who="0" fromWho="1" sc="233,30,171,-20,243,0,343,0" /><INIT seed="3,0,0,5,2,127" ten="263,151,243,343" oya="3" hai0="40,80,11,111,84,5,119,107,83,1,118,10,75" hai1="70,43,14,123,64,20,44,89,87,47,21,62,41" hai2="45,121,27,113,66,135,25,78,72,29,48,124,28" hai3="92,60,115,91,132,116,37,16,125,81,71,120,35"/><W24/><G37/><T67/><D111/><U95/><E123/><V57/><F72/><W94/><G120/><T102/><D67/><U17/><E47/><V79/><F121/><W59/><G71/><T114/><D114/><U90/><E44/><V117/><F117/><W6/><G6/><T74/><D40/><U129/><E129/><V105/><F105/><W77/><G94/><T30/><D30/><N who="2" m="11882" /><F135/><W34/><G125/><T103/><D5/><U99/><E21/><V53/><F113/><W131/><G116/><T93/><D1/><U108/><E108/><V96/><F124/><W65/><G35/><T8/><D93/><U52/><E70/><V110/><F96/><W76/><G92/><T38/><D38/><U42/><E64/><V128/><F128/><W122/><G91/><T82/><D84/><U26/><E14/><V12/><F12/><W104/><G65/><T88/><D88/><N who="1" m="55783" /><E87/><V2/><F2/><W36/><G131/><T85/><D85/><U97/><E97/><V3/><F110/><W86/><G36/><T130/><D130/><U18/><E18/><V23/><F3/><W101/><G86/><T100/><D107/><U7/><E7/><V58/><F66/><W68/><G104/><T22/><D22/><U98/><E98/><V33/><F33/><W32/><G34/><T4/><D4/><U51/><E51/><V69/><F69/><W31/><G68/><T109/><D109/><U55/><E55/><V133/><F23/><W13/><G32/><T112/><D112/><U106/><E106/><V0/><F0/><W54/><G115/><RYUUKYOKU ba="0,0" sc="263,15,151,15,243,-15,343,-15" hai0="8,10,11,74,75,80,82,83,100,102,103,118,119" hai1="17,20,26,41,42,43,52,62,89,90" owari="278,7.8,166,-33.4,228,-17.2,328,42.8" /></mjloggm>