<mjloggm ver="2.3"><GO type="225" lobby="0"/><UN n0="%72%69%6F%75%63%68%61%6E" n1="%E3%81%8B%E3%82%8F%E3%81%A1%E3%82%83%E3%82%93%35%38" n2="%E6%98%93%E5%88%A9%E8%96%A9%E4%BC%AF" n3="%E6%B7%91%E5%A5%B3%E3%81%AE%E5%97%9C%E3%81%BF" dan="16,16,17,16" rate="2128.61,2146.90,2195.48,2141.39" sx="M,M,F,M"/><TAIKYOKU oya="0"/><INIT seed="0,0,0,1,4,23" ten="250,250,250,250" oya="0" hai0="110,54,4,82,60,79,91,124,89,6,104,68,135" hai1="121,132,49,7,28,14,92,33,57,30,52,35,107" hai2="27,75,66,44,64,90,10,15,21,56,94,3,38" hai3="0,58,13,74,109,125,41,80,116,96,31,46,25"/><T97/><D124/><U118/><E107/><V24/><F75/><W69/><G69/><T112/><D112/><U45/><E121/><V1/><F38/><W119/><G0/><T39/><D135/><U101/><E118/><V42/><F3/><W93/><G109/><T51/><D39/><U128/><E35/><V40/><F1/><W43/><G125/><T19/><D110/><U8/><E128/><V48/><F42/><W103/><G13/><T22/><D91/><U84/><E132/><V63/><F64/><W98/><G43/><T12/><D68/><U131/><E131/><V20/><F21/><W55/><G96/><T9/><D60/><U73/><E73/><V26/><F20/><W123/><G123/><T72/><D9/><U50/><E33/><V114/><F114/><W16/><G16/><T126/><D126/><U65/><E65/><V70/><F70/><W29/><G29/><T102/><REACH who="0" step="1"/><D89/><REACH who="0" ten="240,250,250,250" step="2"/><N who="1" m="53287" /><E101/><V17/><F27/><W47/><G116/><T106/><D106/><U32/><E32/><V2/><F2/><W129/><G119/><T83/><D83/><U86/><E86/><AGARI ba="0,1" hai="10,15,17,24,26,40,44,48,56,63,66,86,90,94" machi="86" ten="30,7700,0" yaku="7,1,8,1,52,2" doraHai="23" who="2" fromWho="1" sc="240,0,250,-77,250,87,250,0" /><INIT seed="1,0,0,5,3,79" ten="240,173,337,250" oya="1" hai0="90,129,2,54,99,55,56,10,59,67,64,122,43" hai1="12,115,78,118,116,9,18,93,75,83,112,127,66" hai2="4,71,20,38,113,27,5,30,98,87,107,34,117" hai3="135,63,120,132,31,65,124,17,105,102,133,69,7"/><U106/><E66/><V29/><F117/><N who="1" m="45161" /><E18/><V25/><F38/><W74/><G120/><T81/><D129/><U52/><E52/><N who="0" m="20009" /><D2/><U109/><E12/><V44/><F113/><N who="1" m="43593" /><E9/><V50/><F71/><W24/><G17/><T108/><D108/><U128/><E106/><V104/><F104/><W76/><G7/><T94/><D122/><U8/><E8/><V97/><F107/><W40/><G40/><T70/><D70/><U84/><E128/><V100/><F5/><W37/><G37/><T53/><D43/><U131/><E131/><V88/><F4/><W15/><G15/><T48/><D59/><U130/><E130/><V123/><F30/><W45/><G45/><T47/><D10/><U77/><E109/><V95/><F29/><W111/><G111/><T16/><D16/><U11/><E11/><V42/><F42/><W60/><G31/><T134/><D134/><U62/><E62/><V21/><F44/><W58/><G24/><T110/><D110/><U49/><E49/><V1/><F50/><W26/><G26/><T13/><D13/><U61/><E61/><V51/><F51/><W125/><G60/><N who="0" m="37895" /><D67/><U91/><E77/><V126/><F27/><W22/><G69/><T0/><D0/><U103/><E103/><V35/><F100/><W32/><G32/><T6/><D6/><U89/><E89/><V119/><F34/><W28/><G63/><T36/><D36/><U82/><E127/><V80/><F35/><W121/><G125/><T72/><D72/><U14/><E14/><V33/><F119/><W86/><G124/><T101/><D101/><RYUUKYOKU ba="0,0" sc="240,15,173,15,337,-15,250,-15" hai0="47,48,53,81,90,94,99" hai1="75,78,82,83,84,91,93" /><INIT seed="1,1,0,3,3,38" ten="255,188,322,235" oya="1" hai0="128,105,89,83,16,33,69,115,28,127,58,84,102" hai1="107,2,39,31,70,78,98,47,54,101,1,86,124" hai2="45,6,52,62,123,92,122,97,67,94,43,17,119" hai3="99,44,9,76,131,73,51,95,132,111,80,79,41"/><U91/><E124/><V125/><F119/><W85/><G111/><T121/><D115/><U37/><E70/><V81/><F125/><W130/><G132/><T109/><D127/><U29/><E78/><V113/><F113/><W15/><G73/><T87/><D109/><U68/><E68/><V22/><F6/><W82/><G82/><T77/><D69/><U34/><E39/><V114/><F114/><W112/><G79/><T96/><D128/><U18/><E18/><V19/><F81/><W72/><G72/><T7/><D121/><U135/><E135/><V12/><F94/><W59/><G59/><T57/><D7/><U32/><E31/><V134/><F19/><W35/><G35/><T129/><D129/><U66/><E66/><V117/><F117/><W0/><G0/><T42/><D42/><U100/><E100/><V63/><F63/><W56/><G56/><T90/><D16/><U27/><E32/><V23/><F23/><W64/><G64/><T104/><D104/><U50/><REACH who="1" step="1"/><E37/><REACH who="1" ten="255,178,322,235" step="2"/><V126/><F134/><W116/><G112/><T75/><D28/><U106/><E106/><V133/><F133/><W26/><G116/><T55/><D33/><U118/><E118/><V13/><F126/><W88/><G26/><T11/><D77/><U71/><E71/><V4/><F67/><W5/><AGARI ba="1,1" hai="5,9,15,41,44,51,76,80,85,88,95,99,130,131" machi="5" ten="30,8000,1" yaku="0,1,25,2,52,1,54,1" doraHai="38" who="3" fromWho="3" sc="255,-21,178,-41,322,-21,235,93" /><INIT seed="2,0,0,0,5,79" ten="234,137,301,328" oya="2" hai0="109,52,134,103,61,48,106,36,5,100,96,59,105" hai1="102,110,135,75,123,8,9,90,31,7,62,119,111" hai2="32,4,24,42,26,55,65,81,20,122,97,93,118" hai3="44,17,86,72,12,112,46,74,129,43,101,38,82"/><V40/><F118/><W18/><G129/><T131/><D131/><U78/><E102/><V98/><F122/><W70/><G70/><T2/><D109/><N who="1" m="41483" /><E90/><V88/><F65/><W29/><G29/><T89/><D134/><U10/><E62/><V85/><F4/><W22/><G112/><T33/><D33/><U67/><E67/><V57/><F32/><W51/><G18/><T30/><D36/><U76/><E76/><N who="2" m="46247" /><F98/><W71/><G101/><T115/><D115/><U27/><E78/><V114/><F114/><W117/><G71/><T50/><D89/><U15/><E75/><V3/><F3/><W125/><G125/><T37/><D37/><U121/><E119/><V107/><F107/><W53/><G117/><T84/><D84/><U58/><E58/><V21/><F20/><W28/><G28/><T80/><D30/><U69/><E69/><V39/><F39/><W60/><G60/><T87/><D106/><U47/><E47/><V128/><F128/><W120/><G120/><N who="1" m="46154" /><E135/><V6/><F6/><W104/><G104/><T25/><D103/><U116/><E116/><V13/><F42/><W127/><G127/><T66/><D66/><U113/><E113/><V23/><F40/><W63/><G63/><T45/><D61/><U130/><E130/><V16/><BYE who="1" /><F57/><UN n1="%E3%81%8B%E3%82%8F%E3%81%A1%E3%82%83%E3%82%93%35%38" /><W1/><G1/><T77/><D59/><U49/><E49/><V14/><F55/><W95/><G95/><T126/><D48/><U133/><E133/><V108/><F108/><W11/><G43/><T124/><D25/><U91/><E91/><V83/><F83/><W92/><G51/><RYUUKYOKU ba="0,0" sc="234,10,137,10,301,10,328,-30" hai0="2,5,45,50,52,77,80,87,96,100,105,124,126" hai1="7,8,9,10,15,27,31" hai2="13,14,16,21,23,24,26,88,93,97" /><INIT seed="2,1,0,0,1,30" ten="244,147,311,298" oya="2" hai0="86,96,100,8,69,118,102,91,112,46,1,122,104" hai1="97,63,98,60,110,45,131,77,95,20,71,61,32" hai2="35,3,28,65,11,120,42,121,24,15,29,114,93" hai3="36,43,33,72,105,2,38,92,109,66,129,80,84"/><V88/><F114/><W54/><G2/><T87/><D122/><U116/><E116/><V18/><F42/><W39/><G105/><T94/><D112/><U81/><E110/><V31/><F65/><W76/><G109/><T115/><D115/><U34/><E71/><V85/><F29/><W7/><G129/><T58/><D69/><U62/><E131/><V55/><F31/><W123/><G123/><T117/><D46/><U126/><E126/><V6/><REACH who="2" step="1"/><F55/><REACH who="2" ten="244,147,301,298" step="2"/><W53/><G43/><T16/><D118/><U48/><N who="1" m="15360" /><DORA hai="10" /><U78/><E20/><AGARI ba="1,1" hai="3,6,11,15,18,20,24,28,35,85,88,93,120,121" machi="20" ten="30,18000,2" yaku="1,1,7,1,24,2,52,2,54,1,53,0" doraHai="30,10" doraHaiUra="64,52" who="2" fromWho="1" sc="244,0,147,-183,301,193,298,0" owari="244,-15.6,-36,-53.6,494,59.4,298,9.8" /></mjloggm>