<mjloggm ver="2.3"><GO type="225" lobby="0"/><UN n0="%E3%81%BE%E3%81%A8%E3%81%9F" n1="%E7%99%BD%E5%80%89%E5%AF%9B%E4%B9%8B" n2="%E9%A6%AC%E5%BC%95%E7%81%AB%33" n3="%E7%B4%94%E6%BD%94%E3%83%94%E3%83%A9%E3%83%8B%E3%82%A2" dan="16,16,16,16" rate="2116.78,2158.52,2149.11,2145.21" sx="M,M,M,M"/><TAIKYOKU oya="0"/><INIT seed="0,0,0,2,4,4" ten="250,250,250,250" oya="0" hai0="135,12,2,5,55,99,64,29,74,36,61,87,88" hai1="92,110,9,101,13,76,126,68,125,43,95,89,97" hai2="93,45,94,69,46,58,119,112,37,83,26,53,25" hai3="132,104,71,98,15,33,131,65,130,18,120,59,90"/><T10/><D74/><U121/><E68/><V67/><F112/><W106/><G71/><T129/><D36/><U111/><E43/><V86/><F119/><W134/><G33/><T79/><D129/><N who="3" m="49161" /><G120/><T73/><D73/><U17/><E76/><V24/><F67/><W31/><G31/><T50/><D2/><U44/><E44/><N who="2" m="17003" /><F37/><W21/><G90/><T66/><D29/><U128/><E121/><V91/><F69/><W77/><G77/><T124/><D61/><AGARI ba="0,0" hai="24,25,26,53,58,61,83,86,91,93,94" m="17003" machi="61" ten="30,1000,0" yaku="8,1" doraHai="4" who="2" fromWho="0" sc="250,-10,250,0,250,10,250,0" /><INIT seed="1,0,0,1,2,95" ten="240,250,260,250" oya="1" hai0="106,32,108,115,112,90,84,19,100,43,125,102,116" hai1="36,53,105,131,73,28,10,27,88,31,96,128,78" hai2="34,47,97,61,120,75,59,132,133,52,38,69,66" hai3="45,71,11,26,135,64,83,55,13,60,51,21,134"/><U24/><E36/><V80/><F120/><W14/><G83/><N who="0" m="49439" /><D32/><U110/><E110/><V0/><F34/><W94/><G94/><T92/><D19/><U30/><E78/><V123/><F123/><W5/><REACH who="3" step="1"/><G13/><REACH who="3" ten="240,250,260,240" step="2"/><T58/><D115/><U82/><E105/><V2/><F80/><W37/><G37/><T70/><D112/><U39/><E39/><V98/><F75/><W86/><G86/><T57/><D92/><N who="1" m="56327" /><E73/><V1/><F38/><W121/><G121/><T41/><D106/><U67/><E82/><V87/><F87/><W74/><G74/><T101/><D108/><U48/><E10/><V103/><F103/><W42/><G42/><T62/><D43/><U76/><E76/><V68/><F47/><W49/><G49/><T77/><D102/><U40/><E40/><V72/><F72/><W79/><G79/><T124/><D41/><U17/><E128/><V127/><F69/><W56/><G56/><N who="0" m="21611" /><D77/><U50/><E131/><V122/><F122/><W85/><G85/><T16/><D101/><U46/><E50/><V118/><F1/><W22/><G22/><T126/><D100/><U81/><E81/><V114/><F0/><W89/><G89/><T35/><D35/><U109/><E109/><V111/><F2/><W25/><G25/><N who="1" m="9802" /><E67/><V3/><F3/><W113/><G113/><T63/><D70/><U12/><E12/><V7/><F114/><W44/><G44/><T6/><D126/><U130/><E130/><V18/><F111/><W15/><G15/><T91/><D125/><U99/><E17/><AGARI ba="0,1" hai="5,11,14,17,21,26,45,51,55,60,64,71,134,135" machi="17" ten="40,1300,0" yaku="1,1,53,0" doraHai="95" doraHaiUra="104" who="3" fromWho="1" sc="240,0,250,-13,260,0,240,23" /><INIT seed="2,0,0,4,3,58" ten="240,237,260,263" oya="2" hai0="45,23,102,85,75,68,53,69,92,80,18,56,131" hai1="1,116,0,103,24,5,93,2,16,50,51,135,39" hai2="105,34,30,62,54,127,76,12,133,44,81,106,107" hai3="115,84,130,37,101,111,119,112,95,118,11,48,129"/><V22/><F127/><W31/><G37/><T9/><D45/><U27/><E39/><V123/><F123/><W96/><G48/><T57/><D57/><U83/><E116/><N who="3" m="44586" /><G31/><T14/><D131/><N who="3" m="50185" /><G11/><T52/><D75/><U110/><E110/><V94/><F133/><W15/><G15/><T89/><D53/><U98/><E135/><V43/><F34/><W71/><G71/><T88/><D102/><U63/><E5/><V20/><F30/><W79/><G111/><T73/><D73/><U10/><E83/><AGARI ba="0,0" hai="79,83,84,95,96,101,112,115" m="50185,44586" machi="83" ten="40,5200,0" yaku="19,1,34,2" doraHai="58" who="3" fromWho="1" sc="240,0,237,-52,260,0,263,52" /><INIT seed="3,0,0,1,1,0" ten="240,185,260,315" oya="3" hai0="46,96,91,70,61,57,118,15,18,90,89,109,20" hai1="134,84,87,8,123,126,98,102,56,65,104,68,129" hai2="115,44,19,33,135,45,131,73,21,36,86,103,101" hai3="112,35,50,105,47,34,97,49,71,29,7,64,77"/><W2/><G77/><T85/><D118/><U66/><E123/><V111/><F33/><W76/><G76/><T99/><D70/><U88/><E126/><V30/><F30/><W92/><G105/><T80/><D109/><U119/><E119/><V93/><F73/><W17/><G17/><T121/><D121/><U51/><E129/><V59/><F59/><W63/><G50/><T108/><D108/><U25/><E134/><V54/><F36/><W52/><G29/><T130/><D130/><U110/><E110/><V79/><F115/><W27/><G27/><T39/><D46/><U75/><E75/><V120/><F131/><W122/><G112/><T94/><D39/><U53/><E68/><V100/><F135/><W106/><G106/><T26/><D26/><U31/><E84/><V95/><F120/><W41/><G41/><T40/><D40/><U132/><E8/><V43/><F43/><W60/><G63/><T38/><D38/><U23/><REACH who="1" step="1"/><E132/><REACH who="1" ten="240,175,260,315" step="2"/><V78/><F86/><W10/><G122/><T13/><D99/><U42/><E42/><V133/><F111/><W58/><G71/><T16/><D96/><U117/><E117/><V55/><F133/><W12/><G97/><T3/><D3/><U124/><E124/><V22/><F78/><W83/><G2/><T37/><D37/><U67/><E67/><V127/><F79/><W32/><G64/><N who="0" m="38959" /><D80/><AGARI ba="0,1" hai="23,25,31,51,53,56,65,66,80,87,88,98,102,104" machi="80" ten="30,3900,0" yaku="1,1,7,1,54,1,53,0" doraHai="0" doraHaiUra="116" who="1" fromWho="0" sc="240,-39,175,49,260,0,315,0" owari="201,-29.9,224,-17.6,260,6.0,315,41.5" /></mjloggm>