<mjloggm ver="2.3"><GO type="225" lobby="0"/><UN n0="%E3%83%81%E3%83%A7%E3%83%99%E3%83%83%E3%82%AF" n1="%72%65%6E%6B%75%6E" n2="%E8%81%B7%E6%A5%AD%E3%80%81%E9%A2%A8%32" n3="%E3%82%B3%E3%83%90%E3%83%AC%E3%82%A4" dan="16,17,16,16" rate="2124.42,2236.04,2161.77,2146.68" sx="M,M,M,M"/><TAIKYOKU oya="0"/><INIT seed="0,0,0,5,4,55" ten="250,250,250,250" oya="0" hai0="58,22,112,40,122,53,56,114,62,60,37,49,83" hai1="27,54,132,38,30,19,46,115,134,31,65,89,41" hai2="127,97,102,118,66,26,92,73,45,105,21,106,12" hai3="91,5,75,8,32,67,130,76,131,64,104,42,68"/><T48/><D83/><U129/><E129/><N who="3" m="49162" /><G104/><T94/><D94/><U20/><E115/><N who="0" m="44073" /><D22/><U133/><E65/><V88/><F127/><W18/><G32/><T57/><D122/><U51/><REACH who="1" step="1"/><E89/><REACH who="1" ten="250,240,250,250" step="2"/><V135/><F88/><W63/><G91/><T25/><D25/><U116/><E116/><V61/><F26/><W86/><G67/><N who="0" m="39303" /><D57/><AGARI ba="0,1" hai="19,20,27,30,31,38,41,46,51,54,57,132,133,134" machi="57" ten="40,8000,1" yaku="1,1,20,1,52,1,53,1" doraHai="55" doraHaiUra="47" who="1" fromWho="0" sc="250,-80,240,90,250,0,250,0" /><INIT seed="1,0,0,2,1,114" ten="170,330,250,250" oya="1" hai0="39,122,28,7,105,14,94,49,57,134,101,127,82" hai1="25,126,78,73,91,99,81,75,135,89,124,96,40" hai2="38,98,79,29,102,2,65,47,74,21,31,54,32" hai3="20,36,37,76,56,68,4,1,88,119,22,12,48"/><U85/><E40/><V52/><F2/><W116/><G68/><T3/><D28/><U92/><E25/><V5/><F32/><W130/><G76/><T53/><D3/><U51/><E51/><N who="2" m="28799" /><F74/><N who="1" m="28169" /><E135/><V24/><F38/><W33/><G33/><T41/><D82/><U77/><E99/><V70/><F79/><AGARI ba="0,0" hai="77,78,79,81,85,89,91,92,96,124,126" m="28169" machi="79" ten="30,2900,0" yaku="34,2" doraHai="114" who="1" fromWho="2" sc="170,0,330,29,250,-29,250,0" /><INIT seed="1,1,0,0,0,80" ten="170,359,221,250" oya="1" hai0="135,123,104,134,100,24,45,39,48,97,14,124,55" hai1="129,107,132,36,20,10,29,2,87,56,33,67,53" hai2="108,59,11,35,118,93,103,105,74,44,1,121,17" hai3="13,117,49,40,43,16,127,85,58,7,72,90,98"/><U111/><E36/><V113/><F118/><W109/><G72/><T122/><D39/><U61/><E107/><V8/><F121/><N who="0" m="46090" /><D14/><U86/><E132/><N who="0" m="50729" /><D24/><N who="1" m="16519" /><E33/><V94/><F108/><W50/><G117/><T26/><D26/><U81/><E2/><V41/><F35/><W5/><G109/><T22/><D22/><U68/><E68/><V92/><F74/><W3/><G3/><T57/><D124/><U95/><E111/><V73/><F73/><W102/><G127/><T76/><D76/><N who="1" m="46375" /><E129/><V32/><F32/><W4/><G98/><T47/><AGARI ba="1,0" hai="45,47,48,55,57,97,100,104" m="50729,46090" machi="47" ten="40,2700,0" yaku="13,1,20,1" doraHai="80" who="0" fromWho="0" sc="170,30,359,-14,221,-8,250,-8" /><INIT seed="2,0,0,1,5,57" ten="200,345,213,242" oya="2" hai0="45,119,132,40,55,60,37,64,76,81,126,95,25" hai1="134,33,103,2,100,27,122,7,71,6,44,9,133" hai2="89,102,73,77,123,70,51,82,0,36,8,97,111" hai3="21,49,74,92,41,86,118,114,88,93,26,61,1"/><V83/><F123/><W131/><G1/><T18/><D132/><N who="1" m="50795" /><E122/><V72/><F36/><W67/><G74/><T3/><D3/><U50/><E71/><V116/><F116/><W110/><G118/><T47/><D126/><U11/><E11/><V43/><F70/><W104/><G104/><T87/><D119/><U125/><E125/><V10/><F111/><W63/><G110/><T108/><D108/><U130/><E6/><V54/><F43/><W128/><G114/><T12/><D25/><U80/><E80/><V19/><F0/><W135/><G67/><T56/><D95/><U79/><E79/><V112/><F112/><W124/><G124/><T16/><D12/><U129/><E27/><V105/><F19/><W121/><G121/><T31/><D31/><U75/><E33/><V4/><F4/><W14/><G14/><T46/><D46/><U68/><E75/><V38/><F38/><W106/><G106/><T101/><D101/><N who="1" m="38987" /><E68/><V53/><F53/><AGARI ba="0,0" hai="2,7,9,44,50,53,129,130" m="38987,50795" machi="53" ten="30,1000,0" yaku="20,1" doraHai="57" who="1" fromWho="2" sc="200,0,345,10,213,-10,242,0" /><INIT seed="3,0,0,1,1,77" ten="200,355,203,242" oya="3" hai0="10,34,22,13,2,16,75,87,53,135,81,134,9" hai1="14,30,68,113,11,93,62,133,6,129,114,107,25" hai2="26,5,112,116,95,98,130,44,29,55,101,60,121" hai3="37,109,97,12,17,63,131,24,45,127,54,20,76"/><W78/><G131/><T49/><D75/><U46/><E107/><V106/><F116/><W18/><G127/><T74/><D74/><U61/><E129/><V64/><F130/><W103/><G109/><T23/><D34/><U21/><E68/><N who="2" m="41991" /><F112/><W67/><G54/><T65/><D65/><U72/><E72/><V102/><F121/><W59/><G45/><N who="0" m="27823" /><D9/><U28/><E28/><V79/><F102/><W27/><G37/><T40/><D40/><U58/><E133/><N who="0" m="50697" /><D2/><U108/><E108/><V111/><F111/><W42/><G42/><T39/><D39/><U125/><E125/><V117/><F117/><W66/><G66/><T119/><D119/><U32/><E46/><V4/><F79/><AGARI ba="0,0" hai="10,13,16,22,23,79,81,87" m="50697,27823" machi="79" ten="30,3900,0" yaku="20,1,52,1,54,1" doraHai="77" who="0" fromWho="2" sc="200,39,355,0,203,-39,242,0" owari="239,-16.1,355,45.5,164,-33.6,242,4.2" /></mjloggm>