<mjloggm ver="2.3"><GO type="225" lobby="0"/><UN n0="%33%74%72%65%65" n1="%E6%B7%91%E5%A5%B3%E3%81%AE%E5%97%9C%E3%81%BF" n2="%E4%BF%BA%E3%81%A8%E5%A6%96%E5%A4%A2" n3="%77%72%77%72%77%72%77%72" dan="16,16,16,17" rate="2155.04,2106.44,2132.59,2171.66" sx="F,M,F,M"/><TAIKYOKU oya="0"/><INIT seed="0,0,0,5,5,25" ten="250,250,250,250" oya="0" hai0="15,7,96,62,85,77,26,29,83,43,95,54,105" hai1="0,59,98,94,21,40,123,11,17,110,49,126,101" hai2="67,81,130,91,127,74,78,53,124,87,57,97,61" hai3="133,70,6,100,108,48,118,16,22,86,45,132,134"/><T63/><D105/><U71/><E71/><V66/><F130/><W9/><G118/><T5/><D43/><U39/><E123/><V64/><REACH who="2" step="1"/><F97/><REACH who="2" ten="250,250,240,250" step="2"/><W117/><G117/><T72/><D72/><U24/><E98/><V38/><F38/><W109/><G70/><T47/><D63/><U68/><E39/><V73/><F73/><W20/><G100/><T34/><D15/><U41/><E101/><V120/><F120/><W104/><G86/><T10/><D10/><U113/><E68/><V50/><F50/><W119/><G119/><T19/><D96/><U23/><E49/><V55/><F55/><W80/><G48/><T75/><D75/><U69/><E69/><V46/><F46/><W12/><G45/><T30/><D47/><U103/><E103/><V35/><F35/><W82/><G104/><T58/><D34/><U88/><E11/><V13/><F13/><N who="3" m="9231" /><G22/><N who="0" m="13663" /><D95/><AGARI ba="0,1" hai="53,57,61,64,66,67,74,78,81,87,91,95,124,127" machi="95" ten="40,1300,0" yaku="1,1,53,0" doraHai="25" doraHaiUra="3" who="2" fromWho="0" sc="250,-13,250,0,240,23,250,0" /><INIT seed="1,0,0,3,5,134" ten="237,250,263,250" oya="1" hai0="4,115,13,23,86,113,104,85,92,60,61,51,33" hai1="50,90,111,14,118,99,42,12,15,95,121,30,96" hai2="55,34,114,133,40,77,53,71,120,21,38,112,64" hai3="45,8,57,78,122,100,18,135,81,127,125,109,69"/><U105/><E118/><V35/><F77/><W29/><G69/><T66/><D104/><U94/><E121/><V16/><F120/><W130/><G122/><T41/><D33/><U103/><E111/><V59/><F133/><W27/><G135/><T124/><D115/><N who="2" m="44074" /><F64/><W26/><G109/><T84/><D113/><U68/><E68/><V28/><F71/><W17/><G100/><T67/><D124/><N who="3" m="47689" /><G130/><T98/><D41/><U46/><E105/><V54/><F59/><W22/><G57/><T10/><D51/><U32/><E32/><V31/><F35/><N who="3" m="20919" /><G45/><T74/><D74/><U75/><E75/><V52/><N who="2" m="13312" /><DORA hai="65" /><V131/><F131/><W123/><G123/><T70/><D70/><U88/><REACH who="1" step="1"/><E30/><REACH who="1" ten="237,240,263,250" step="2"/><V128/><F128/><W36/><G36/><T39/><D39/><U58/><E58/><V79/><F34/><W117/><G117/><T110/><D110/><U37/><E37/><V20/><F31/><N who="3" m="17911" /><G8/><T43/><D10/><U93/><E93/><V107/><F28/><W62/><G62/><T47/><D61/><U108/><E108/><V48/><F38/><W73/><AGARI ba="0,1" hai="17,18,73,78,81" m="17911,20919,47689" machi="73" ten="30,7900,0" yaku="18,1,52,3" doraHai="134,65" who="3" fromWho="3" sc="237,-20,240,-39,263,-20,250,89" /><INIT seed="2,0,0,4,2,16" ten="217,201,243,339" oya="2" hai0="122,9,113,4,52,93,87,72,118,66,65,12,89" hai1="117,49,96,21,79,134,11,114,36,71,3,67,95" hai2="133,27,15,98,110,30,34,101,19,108,74,28,17" hai3="131,25,7,8,22,35,68,61,38,126,112,84,32"/><V119/><F119/><W2/><G38/><T116/><D122/><U62/><E114/><V10/><F74/><W39/><G39/><T58/><D113/><U47/><E117/><N who="0" m="45161" /><D72/><U86/><E134/><V13/><F133/><W91/><G112/><T55/><D55/><U43/><E36/><V48/><F48/><AGARI ba="0,0" hai="4,9,12,48,52,58,65,66,87,89,93" m="45161" machi="48" ten="30,2000,0" yaku="12,1,54,1" doraHai="16" who="0" fromWho="2" sc="217,20,201,0,243,-20,339,0" /><INIT seed="3,0,0,4,0,129" ten="237,201,223,339" oya="3" hai0="133,81,121,56,4,37,111,22,50,83,13,107,47" hai1="68,18,53,20,114,116,58,119,108,104,19,51,31" hai2="74,69,7,109,91,54,28,48,5,70,117,32,85" hai3="90,106,40,75,39,76,110,1,64,80,124,15,2"/><W96/><G124/><T88/><D121/><U73/><E114/><V72/><F117/><W103/><G110/><T82/><D111/><U127/><E127/><V38/><F38/><W123/><G123/><T62/><D107/><U135/><E108/><V77/><F109/><W97/><G15/><T26/><D37/><U17/><E73/><V132/><F132/><W93/><G64/><N who="0" m="38983" /><D133/><U101/><E68/><V105/><F105/><W30/><G30/><N who="0" m="17751" /><D13/><U42/><E135/><V35/><F35/><W134/><G134/><T79/><D4/><U29/><E42/><V23/><F32/><W94/><G106/><T92/><D79/><U25/><REACH who="1" step="1"/><E31/><REACH who="1" ten="237,191,223,339" step="2"/><V120/><F72/><W8/><G40/><N who="0" m="24935" /><D81/><U122/><E122/><V57/><F28/><W113/><G113/><T95/><D95/><U87/><E87/><AGARI ba="0,1" hai="82,83,87,88,92" m="24935,17751,38983" machi="87" ten="30,2000,0" yaku="8,1,54,1" doraHai="129" who="0" fromWho="1" sc="237,30,191,-20,223,0,339,0" owari="267,6.7,171,-32.9,223,-17.7,339,43.9" /></mjloggm>