<mjloggm ver="2.3"><GO type="225" lobby="0"/><UN n0="%E3%81%BE%E3%81%A8%E3%81%9F" n1="%E6%A1%9C%E8%8A%B1%E9%96%83%E3%80%85" n2="%E9%A6%AC%E5%BC%95%E7%81%AB%33" n3="%E6%97%A5%E6%9B%9C%E6%97%A5%E3%82%88%E3%82%8A%E3%81%AE%E4%BD%BF%E8%80%85" dan="16,17,16,17" rate="2084.78,2267.92,2103.67,2244.27" sx="M,M,M,M"/><TAIKYOKU oya="0"/><INIT seed="0,0,0,3,5,77" ten="250,250,250,250" oya="0" hai0="54,7,38,133,59,45,43,57,49,40,135,65,118" hai1="84,4,105,126,107,3,95,55,81,17,23,8,123" hai2="44,6,73,102,97,92,63,125,25,132,47,24,66" hai3="36,50,98,94,51,32,76,19,27,28,103,130,62"/><T91/><D118/><U61/><E123/><V39/><F125/><W117/><G117/><T52/><D7/><U64/><E126/><V104/><F132/><N who="0" m="50762" /><D91/><U71/><E95/><V33/><F73/><W111/><G36/><T112/><D112/><U86/><E55/><N who="0" m="21033" /><D65/><U14/><REACH who="1" step="1"/><E86/><REACH who="1" ten="250,240,250,250" step="2"/><V110/><F110/><W80/><G111/><T129/><D129/><U74/><E74/><V37/><F92/><W108/><G130/><T116/><D116/><U113/><E113/><V70/><F104/><W58/><G108/><T68/><D68/><U56/><E56/><N who="0" m="21577" /><D43/><U78/><AGARI ba="0,1" hai="3,4,8,14,17,23,61,64,71,78,81,84,105,107" machi="78" ten="20,8000,1" yaku="1,1,0,1,7,1,52,1,53,1" doraHai="77" doraHaiUra="2" who="1" fromWho="1" sc="250,-40,240,90,250,-20,250,-20" /><INIT seed="1,0,0,1,4,118" ten="210,330,230,230" oya="1" hai0="125,45,21,134,2,75,26,12,62,38,34,49,128" hai1="17,112,72,114,57,98,48,20,22,127,97,10,109" hai2="105,56,119,126,130,117,14,32,67,50,76,13,5" hai3="52,110,23,74,37,35,43,85,65,63,64,53,99"/><U59/><E72/><V42/><F105/><W135/><G74/><T93/><D75/><U90/><E127/><V131/><F126/><W116/><G35/><T78/><D38/><U16/><E48/><V115/><F32/><W96/><G37/><T33/><D2/><U51/><E51/><V28/><F28/><W120/><G43/><T9/><D78/><U6/><E10/><N who="2" m="4303" /><F76/><W60/><G85/><T36/><D36/><U113/><E6/><V24/><F24/><W40/><G40/><T107/><D107/><U82/><E90/><V104/><F104/><W106/><G106/><T124/><D33/><U108/><REACH who="1" step="1"/><E113/><REACH who="1" ten="210,320,230,230" step="2"/><V41/><F115/><W46/><G63/><T27/><D49/><U84/><E84/><V73/><F73/><W121/><G60/><T3/><D124/><U44/><E44/><V31/><F42/><W102/><G46/><T91/><D45/><U132/><E132/><V86/><F86/><W122/><G135/><T4/><D125/><U100/><E100/><V1/><F41/><W83/><G102/><T55/><D134/><U54/><E54/><V58/><F119/><W11/><G116/><T18/><D55/><U61/><E61/><V47/><F117/><W89/><G53/><T7/><D62/><U133/><E133/><V39/><F39/><W92/><G52/><T68/><D4/><U71/><E71/><V69/><F69/><W123/><G123/><T95/><D68/><U30/><E30/><V70/><F70/><W8/><G122/><T111/><D7/><U87/><E87/><V77/><F47/><W101/><G121/><RYUUKYOKU ba="0,1" sc="210,-10,320,30,230,-10,230,-10" hai1="16,17,20,22,57,59,82,97,98,108,109,112,114" /><INIT seed="1,1,1,3,1,62" ten="200,350,220,220" oya="1" hai0="98,39,36,130,86,21,93,111,23,48,125,70,44" hai1="20,112,73,110,15,27,66,118,28,71,122,133,104" hai2="25,50,95,79,56,42,102,94,67,103,127,38,119" hai3="2,12,5,116,132,49,124,3,82,0,92,78,54"/><U32/><RYUUKYOKU type="yao9" ba="1,1" sc="200,0,350,0,220,0,220,0" hai1="15,20,27,28,32,66,71,73,104,110,112,118,122,133" /><INIT seed="1,2,1,1,4,17" ten="200,350,220,220" oya="1" hai0="133,70,88,15,87,64,69,56,106,103,31,89,74" hai1="93,119,121,94,71,45,34,43,132,134,21,67,110" hai2="80,12,84,129,131,37,50,82,5,86,55,33,115" hai3="90,66,116,102,35,20,41,117,79,81,3,19,57"/><U25/><E119/><N who="3" m="45642" /><G35/><T73/><D133/><N who="1" m="51307" /><E34/><V2/><F37/><W118/><N who="3" m="45650" /><W124/><DORA hai="23" /><G124/><T42/><D42/><U38/><E110/><V9/><F115/><W24/><G3/><T91/><D87/><N who="2" m="33322" /><F2/><W58/><G102/><T76/><D31/><N who="1" m="17839" /><E121/><V126/><F126/><W47/><G90/><T92/><D91/><U98/><E98/><V111/><F111/><W22/><G66/><T63/><D89/><U128/><E128/><N who="2" m="49227" /><F33/><W112/><G22/><T99/><D76/><U53/><E53/><V59/><AGARI ba="2,1" hai="5,9,12,50,55,59,80,82" m="49227,33322" machi="59" ten="30,1100,0" yaku="19,1" doraHai="17,23" who="2" fromWho="2" sc="200,-5,350,-7,220,27,220,-5" /><INIT seed="2,0,0,3,0,105" ten="195,343,247,215" oya="2" hai0="84,40,65,85,79,55,109,0,89,90,44,33,5" hai1="43,75,46,101,129,92,22,13,32,91,41,15,134" hai2="82,45,104,103,133,28,78,119,70,63,117,72,106" hai3="130,88,74,17,20,25,56,37,115,96,59,80,77"/><V111/><F45/><W51/><G130/><T76/><D33/><U135/><E75/><N who="2" m="43359" /><F28/><W116/><G116/><N who="2" m="44617" /><F63/><W132/><G132/><T47/><D109/><U9/><E22/><V126/><F70/><W97/><G115/><T14/><D0/><U86/><E15/><V8/><F8/><W48/><G37/><T49/><D65/><U38/><E43/><V114/><F114/><W11/><G11/><T122/><D122/><U118/><E32/><V87/><F133/><N who="1" m="50697" /><E129/><V100/><F126/><W35/><G35/><T107/><D107/><N who="2" m="41002" /><F111/><W99/><G56/><T58/><D44/><U71/><E71/><V57/><F57/><W64/><G64/><T26/><D14/><U12/><E118/><V6/><F6/><W68/><G68/><T42/><D5/><U113/><E113/><V125/><F125/><W98/><G59/><T61/><D40/><U24/><E24/><V69/><F69/><W27/><G27/><T29/><D26/><U112/><E112/><V110/><F110/><W1/><G1/><T95/><REACH who="0" step="1"/><D29/><REACH who="0" ten="185,343,247,215" step="2"/><U66/><E66/><V124/><F124/><W31/><G31/><T19/><D19/><N who="1" m="8591" /><E13/><V34/><F34/><W131/><G131/><T10/><D10/><U36/><E38/><V39/><F39/><W120/><G120/><T3/><D3/><U121/><E121/><V50/><F50/><W52/><G52/><T108/><D108/><U16/><E16/><V127/><F127/><W21/><G21/><T23/><D23/><U62/><E62/><V73/><F87/><W81/><N who="3" m="24576" /><DORA hai="54" /><W7/><G7/><T53/><D53/><RYUUKYOKU ba="0,1" sc="185,0,343,0,247,0,215,0" hai0="42,47,49,55,58,61,76,79,84,85,89,90,95" hai1="36,41,46,86,91,92,101" hai2="72,73,100,103" hai3="17,20,25,48,51,74,77,80,81,88" /><INIT seed="2,1,1,3,1,102" ten="185,343,247,215" oya="2" hai0="37,66,5,48,20,19,72,121,32,31,60,85,18" hai1="106,2,51,17,108,58,83,42,35,77,8,117,94" hai2="44,128,103,84,114,116,57,89,80,30,124,24,135" hai3="132,67,28,56,131,88,82,25,127,95,6,50,107"/><V29/><F114/><W12/><G107/><T4/><D37/><U99/><E106/><V68/><F116/><W14/><G127/><T3/><D72/><U79/><E117/><V119/><F119/><W64/><G82/><T115/><D115/><U7/><E108/><V74/><F68/><W46/><G131/><T11/><D121/><U9/><E35/><V40/><F124/><W90/><G132/><T0/><D48/><U41/><E79/><V54/><F128/><W104/><G104/><T93/><D32/><U81/><E81/><V96/><F74/><W122/><G122/><T39/><D39/><U47/><E58/><V125/><F125/><W27/><G90/><T21/><D31/><U15/><E41/><V91/><F91/><W73/><G73/><T123/><D85/><N who="1" m="48367" /><E2/><V22/><F135/><W38/><G38/><T86/><D123/><U16/><E9/><V23/><F40/><N who="3" m="24903" /><G56/><N who="0" m="37127" /><D11/><U112/><E112/><V76/><F44/><W71/><G71/><T101/><D3/><U63/><E63/><N who="2" m="36279" /><F76/><W65/><G28/><N who="2" m="10857" /><F24/><N who="3" m="9291" /><G6/><N who="0" m="2667" /><D0/><U34/><E34/><V129/><F129/><W105/><G105/><T118/><D118/><U36/><E36/><V120/><F120/><W1/><G1/><T126/><D126/><U113/><E113/><V55/><F55/><W92/><G88/><AGARI ba="1,1" hai="7,8,15,16,17,42,47,51,88,94,99" m="48367" machi="88" ten="30,7700,0" yaku="25,1,8,1,54,2" doraHai="102" who="1" fromWho="3" sc="185,0,343,90,247,0,215,-80" /><INIT seed="3,0,0,2,2,135" ten="185,433,247,135" oya="3" hai0="20,17,111,37,102,67,52,9,47,106,93,113,90" hai1="116,3,1,63,83,14,58,79,13,129,55,119,18" hai2="122,32,92,56,118,19,80,60,117,57,120,127,125" hai3="62,78,29,109,85,0,44,131,49,11,86,103,31"/><W76/><G0/><T134/><D134/><U25/><E25/><V7/><F32/><W101/><G62/><T50/><D37/><U98/><E98/><V112/><F7/><W77/><G11/><T96/><D111/><U68/><E68/><V75/><F92/><W28/><G109/><T91/><D113/><U35/><E35/><V70/><F80/><W8/><G8/><T16/><D67/><U48/><E129/><V69/><F75/><W38/><G38/><T89/><D106/><U130/><E48/><V100/><F100/><N who="3" m="38475" /><G131/><T41/><D9/><N who="1" m="6447" /><E14/><V39/><F39/><W74/><G74/><T87/><D41/><AGARI ba="0,0" hai="28,29,31,41,44,49,76,77,78,85,86" m="38475" machi="41" ten="30,1500,0" yaku="8,1" doraHai="135" who="3" fromWho="0" sc="185,-15,433,0,247,0,135,15" /><INIT seed="3,1,0,4,0,24" ten="170,433,247,150" oya="3" hai0="13,77,131,82,97,23,132,95,71,31,27,36,117" hai1="11,63,54,48,98,81,41,45,87,38,118,110,22" hai2="42,9,78,73,18,51,107,61,39,49,30,105,10" hai3="99,85,91,100,62,89,70,47,35,94,111,20,68"/><W80/><G35/><T124/><D117/><U32/><E32/><V79/><F61/><W19/><G111/><T60/><D36/><U121/><E121/><V6/><F18/><W101/><G47/><T67/><D132/><U102/><E118/><V21/><F21/><W74/><G74/><T84/><D131/><U126/><E126/><V106/><F106/><W15/><G70/><T25/><D13/><U128/><E128/><V96/><F96/><W125/><G125/><T65/><D65/><U37/><E22/><V104/><F104/><W134/><REACH who="3" step="1"/><G134/><REACH who="3" ten="170,433,247,140" step="2"/><T56/><D124/><U69/><E110/><V129/><F129/><W64/><AGARI ba="1,1" hai="15,19,20,62,64,68,80,85,89,91,94,99,100,101" machi="64" ten="30,6000,0" yaku="1,1,2,1,0,1,53,0" doraHai="24" doraHaiUra="122" who="3" fromWho="3" sc="170,-21,433,-21,247,-21,140,73" /><INIT seed="3,2,0,5,2,89" ten="149,412,226,213" oya="3" hai0="64,80,2,47,131,3,68,106,15,69,45,71,97" hai1="88,49,90,4,28,58,59,66,114,35,31,84,123" hai2="99,78,109,55,21,20,34,103,65,73,98,7,63" hai3="117,105,32,50,10,57,101,46,70,1,25,23,12"/><W96/><G117/><T100/><D131/><U37/><E37/><V8/><F34/><W134/><G70/><T82/><D15/><U43/><E114/><V26/><F109/><W29/><G134/><T125/><D64/><U39/><E39/><V53/><F78/><W95/><G57/><T116/><D116/><U130/><E123/><V76/><F76/><W91/><G1/><T56/><D56/><U54/><E130/><V119/><F73/><W72/><G72/><T79/><D125/><U113/><E113/><V126/><F20/><W120/><G120/><T67/><D67/><U9/><E43/><V38/><F38/><W83/><G83/><T94/><D106/><U41/><E41/><V36/><F36/><W16/><G32/><T22/><D22/><U5/><E90/><V61/><F21/><W127/><G127/><T115/><D115/><U108/><E108/><V110/><F103/><W44/><G50/><T40/><D40/><U135/><E135/><V104/><F63/><W27/><G27/><T60/><D60/><N who="1" m="38175" /><E35/><V24/><F110/><W6/><G6/><N who="1" m="2666" /><E9/><V107/><F107/><W85/><AGARI ba="2,0" hai="10,12,16,23,25,29,44,46,85,91,95,96,101,105" machi="85" ten="20,7800,0" yaku="0,1,7,1,52,1,54,1" doraHai="89" who="3" fromWho="3" sc="149,-28,412,-28,226,-28,213,84" /><INIT seed="3,3,0,4,4,121" ten="121,384,198,297" oya="3" hai0="53,72,69,49,134,86,133,7,87,17,51,3,79" hai1="54,125,80,62,46,115,25,122,37,93,111,32,19" hai2="99,56,15,124,44,84,55,39,82,22,50,47,20" hai3="0,35,74,88,101,81,13,131,107,105,118,65,83"/><W23/><G35/><T5/><D69/><U68/><E111/><V26/><F124/><W38/><G0/><T95/><D72/><U9/><E122/><V8/><F99/><W27/><G38/><T30/><D30/><U77/><E115/><V96/><F96/><W78/><G118/><T24/><D79/><U104/><E104/><V97/><F97/><W100/><G65/><T73/><D73/><U41/><E93/><V89/><F39/><W94/><G13/><T43/><D95/><U128/><E125/><V2/><F2/><W61/><G61/><T98/><D3/><U31/><E128/><V10/><F10/><W85/><G131/><T36/><D98/><U126/><E126/><V21/><REACH who="2" step="1"/><F26/><REACH who="2" ten="121,384,188,297" step="2"/><W123/><G123/><T130/><D36/><U106/><E9/><V28/><F28/><W135/><G135/><T116/><D130/><U132/><E132/><V18/><AGARI ba="3,1" hai="8,15,18,20,21,22,44,47,50,55,56,82,84,89" machi="18" ten="30,4000,0" yaku="1,1,0,1,8,1,53,0" doraHai="121" doraHaiUra="64" who="2" fromWho="2" sc="121,-13,384,-13,188,59,297,-23" owari="108,-39.2,371,47.1,247,-15.3,274,7.4" /></mjloggm>