<mjloggm ver="2.3"><GO type="225" lobby="0"/><UN n0="%E3%83%96%E3%83%83%E3%83%91%E3%82%AA%E3%83%96%E3%83%81%E3%82%AD%E3%83%B3" n1="%E3%81%A0%E3%81%8A" n2="%E3%81%A4%E3%81%A3%E3%81%B1%E3%82%8A%E3%83%9D%E3%83%BC%E3%83%AB" n3="%E9%A6%AC%E5%BC%95%E7%81%AB%33" dan="16,17,17,16" rate="2156.25,2059.63,2139.22,2116.99" sx="M,M,M,M"/><TAIKYOKU oya="0"/><INIT seed="0,0,0,1,2,75" ten="250,250,250,250" oya="0" hai0="51,35,84,74,25,113,97,99,131,58,85,108,50" hai1="122,6,69,112,89,72,109,83,80,127,17,106,68" hai2="18,61,115,111,128,14,76,103,45,96,36,46,119" hai3="28,77,71,42,56,117,118,82,47,98,134,93,63"/><T129/><D113/><U30/><E122/><V102/><F115/><W20/><G71/><T40/><D74/><U91/><E106/><V110/><F128/><N who="0" m="49226" /><D40/><U44/><E6/><V105/><F119/><W130/><G130/><T60/><D35/><U90/><E30/><V62/><F103/><W121/><G134/><T21/><D108/><N who="2" m="41514" /><F76/><W11/><G121/><T38/><D38/><U24/><E127/><V86/><F86/><N who="0" m="33386" /><D99/><U54/><E72/><V125/><F125/><W39/><G11/><T67/><D97/><U2/><E112/><V73/><F73/><W55/><G77/><T0/><D0/><U95/><E2/><V104/><F104/><W3/><G3/><T78/><D78/><U49/><E109/><V12/><F36/><W52/><G82/><T101/><D101/><U65/><E83/><V1/><F1/><W13/><G55/><T66/><D66/><U15/><E65/><V27/><F96/><W135/><G135/><T114/><D114/><U9/><E80/><V19/><F102/><W88/><REACH who="3" step="1"/><G13/><REACH who="3" ten="250,250,250,240" step="2"/><T79/><D79/><U33/><E15/><V53/><F12/><W92/><G92/><T59/><D59/><U43/><E95/><V94/><F94/><W37/><G37/><T29/><AGARI ba="0,1" hai="21,25,29,50,51,58,60,67" m="33386,49226" machi="29" ten="30,1500,0" yaku="19,1" doraHai="75" who="0" fromWho="0" sc="250,25,250,-5,250,-5,240,-5" /><INIT seed="0,1,0,0,0,130" ten="275,245,245,235" oya="0" hai0="58,131,82,74,26,44,118,112,22,18,70,110,68" hai1="40,69,12,21,48,10,25,123,95,107,81,113,46" hai2="90,41,6,73,36,76,47,125,13,99,119,106,43" hai3="3,5,124,75,64,11,35,57,52,111,94,24,101"/><T63/><D112/><U104/><E123/><V62/><F125/><W128/><G124/><T49/><D118/><U114/><E69/><V56/><F119/><W126/><G126/><T1/><D1/><U105/><E95/><V93/><F41/><W120/><G128/><T60/><D131/><U38/><E81/><V55/><F106/><W37/><G111/><T34/><D34/><U133/><E38/><V129/><F129/><W29/><G75/><T45/><D45/><U42/><E42/><V127/><F127/><W78/><G78/><T116/><D116/><U132/><E114/><V54/><F76/><W98/><G64/><T2/><D2/><U71/><E71/><V7/><F73/><W86/><G86/><T14/><D26/><U92/><E92/><V32/><F32/><W17/><G17/><T134/><D82/><U121/><E121/><V83/><F83/><W67/><G67/><T20/><D20/><U77/><E77/><V66/><REACH who="2" step="1"/><F13/><REACH who="2" ten="275,245,235,235" step="2"/><W115/><G115/><T4/><D14/><U0/><E113/><V103/><F103/><W31/><G120/><T8/><D74/><U28/><REACH who="1" step="1"/><E0/><REACH who="1" ten="275,235,235,235" step="2"/><V30/><F30/><W109/><G31/><T117/><D117/><U65/><E65/><V59/><F59/><W84/><G109/><T79/><D58/><U72/><E72/><V97/><F97/><W23/><G37/><T135/><D70/><U89/><E89/><V19/><F19/><AGARI ba="1,2" hai="10,12,19,21,25,28,40,46,48,104,105,107,132,133" machi="19" ten="40,5200,0" yaku="1,1,52,2,53,0" doraHai="130" doraHaiUra="61" who="1" fromWho="2" sc="275,0,235,75,235,-55,235,0" /><INIT seed="1,0,0,2,0,111" ten="275,310,180,235" oya="1" hai0="23,102,13,82,17,9,120,49,125,100,51,3,89" hai1="105,24,21,11,15,117,44,14,33,65,92,18,109" hai2="119,67,20,127,98,22,38,80,16,76,4,30,113" hai3="95,99,112,124,116,106,84,73,129,108,8,6,70"/><U79/><E105/><V85/><F119/><W83/><G70/><T90/><D125/><U26/><E117/><V72/><F38/><W57/><G116/><T135/><D135/><U77/><E109/><V94/><F127/><W93/><G108/><T27/><D3/><U132/><E132/><V43/><F43/><W50/><G124/><T123/><D123/><U131/><E131/><V32/><F4/><W42/><G73/><T96/><D120/><U55/><E65/><V40/><F40/><W41/><G112/><T68/><D68/><U10/><E92/><V134/><F134/><W107/><G57/><T118/><D118/><U75/><E33/><V110/><F110/><W115/><G115/><T69/><D69/><U64/><E64/><V52/><F67/><W133/><G95/><T103/><D96/><U45/><E75/><V114/><F72/><W59/><G59/><T61/><D61/><U58/><E45/><V35/><F22/><W54/><G54/><T63/><D63/><U5/><E26/><V34/><F30/><W60/><G60/><T87/><REACH who="0" step="1"/><D90/><REACH who="0" ten="265,310,180,235" step="2"/><U53/><E77/><V81/><F81/><W7/><G99/><T12/><D12/><U19/><E79/><V37/><F37/><W128/><G83/><T62/><D62/><U74/><E14/><V121/><F121/><W0/><G133/><T97/><D97/><U91/><E15/><N who="2" m="9247" /><F114/><W71/><G129/><T122/><D122/><U25/><E24/><V2/><F113/><W104/><G128/><T29/><AGARI ba="0,1" hai="9,13,17,23,27,29,49,51,82,87,89,100,102,103" machi="29" ten="30,4000,0" yaku="1,1,0,1,8,1,53,0" doraHai="111" doraHaiUra="88" who="0" fromWho="0" sc="265,50,310,-20,180,-10,235,-10" /><INIT seed="2,0,0,1,0,40" ten="315,290,170,225" oya="2" hai0="79,98,129,50,45,81,33,112,78,46,10,38,20" hai1="99,70,121,22,63,115,21,67,101,120,123,53,59" hai2="60,116,84,37,25,128,122,66,5,36,17,76,68" hai3="47,31,32,51,12,110,49,111,23,52,56,71,90"/><V114/><F114/><W57/><G71/><T95/><D33/><U105/><REACH who="1" step="1"/><E115/><REACH who="1" ten="315,280,170,225" step="2"/><V2/><F116/><W124/><G111/><T42/><D112/><U109/><E109/><V3/><F122/><W83/><G110/><T48/><D129/><U34/><E34/><V133/><F128/><W30/><G32/><T26/><D10/><U119/><E119/><V28/><F133/><W35/><G35/><T100/><D38/><U14/><E14/><V113/><F113/><W94/><G12/><T9/><D9/><U62/><AGARI ba="0,1" hai="21,22,53,59,62,63,67,70,99,101,105,120,121,123" machi="62" ten="40,8000,1" yaku="21,2,0,1,13,1,53,0" doraHai="40" doraHaiUra="125" who="1" fromWho="1" sc="315,-20,280,90,170,-40,225,-20" /><INIT seed="3,0,0,0,3,54" ten="295,370,130,205" oya="3" hai0="95,7,53,21,61,55,80,27,47,4,70,86,117" hai1="13,19,8,92,105,97,128,46,62,98,58,118,119" hai2="67,75,124,3,111,94,79,125,17,129,15,130,49" hai3="113,5,123,132,25,59,65,72,121,18,43,6,37"/><W126/><G113/><T115/><D117/><N who="1" m="44555" /><E128/><N who="2" m="49259" /><F3/><W2/><G72/><T108/><D95/><U89/><E46/><V83/><F15/><W0/><G43/><T103/><D103/><U84/><E105/><V64/><F17/><W100/><G18/><T116/><D108/><U114/><E114/><V28/><F28/><W127/><G25/><T74/><D74/><U69/><E69/><V102/><F49/><W78/><G78/><T40/><D115/><U23/><E8/><V29/><F29/><W85/><G85/><T60/><D116/><U135/><E135/><V34/><F64/><AGARI ba="0,0" hai="13,19,23,58,62,64,84,89,92,97,98" m="44555" machi="64" ten="30,2000,0" yaku="12,1,52,1" doraHai="54" who="1" fromWho="2" sc="295,0,370,20,130,-20,205,0" owari="295,9.5,390,49.0,110,-39.0,205,-19.5" /></mjloggm>