<mjloggm ver="2.3"><GO type="225" lobby="0"/><UN n0="%6C%65%74%69%74%62%65" n1="%E6%98%93%E5%88%A9%E8%96%A9%E4%BC%AF" n2="%43%68%65" n3="%E4%BF%BA%E3%81%A8%E5%A6%96%E5%A4%A2" dan="16,17,16,16" rate="2086.65,2198.42,2207.46,2236.16" sx="M,F,M,F"/><TAIKYOKU oya="0"/><INIT seed="0,0,0,0,2,49" ten="250,250,250,250" oya="0" hai0="50,66,76,73,47,124,121,12,81,134,114,0,109" hai1="13,68,67,60,53,7,119,117,48,51,79,34,131" hai2="88,100,86,69,28,78,92,58,57,31,72,120,3" hai3="17,59,21,35,122,98,4,123,135,129,20,99,126"/><T38/><D121/><N who="3" m="46089" /><G35/><T16/><D114/><U125/><E34/><V37/><F120/><W132/><G4/><T133/><D0/><U42/><E131/><V14/><F3/><W85/><G129/><T77/><D38/><U93/><E125/><V94/><F69/><W23/><G126/><T36/><D36/><U15/><E79/><V30/><F37/><W118/><G118/><T96/><D124/><U11/><E15/><V8/><F72/><W27/><G85/><T40/><D76/><U110/><E110/><V91/><F100/><W95/><G59/><T82/><D82/><U115/><E115/><V106/><F106/><W116/><G116/><T89/><D66/><U10/><E10/><V61/><F78/><W19/><G27/><T84/><D96/><N who="3" m="36905" /><G95/><N who="2" m="36393" /><F86/><W70/><G70/><T105/><D105/><U56/><REACH who="1" step="1"/><E93/><REACH who="1" ten="250,240,250,250" step="2"/><V80/><F80/><W111/><G111/><T54/><D109/><U25/><E25/><V26/><F26/><W74/><G74/><T90/><D73/><U107/><E107/><V103/><F103/><W127/><G127/><T18/><D77/><U5/><E5/><N who="2" m="3343" /><F57/><W39/><G39/><T87/><D89/><U29/><E29/><V22/><F22/><W112/><G112/><T24/><D90/><U102/><E102/><V9/><F9/><W1/><G1/><T104/><D104/><U97/><E97/><V71/><F71/><W44/><G44/><AGARI ba="0,1" hai="7,11,13,42,44,48,51,53,56,60,67,68,117,119" machi="44" ten="40,5200,0" yaku="1,1,52,1,53,1" doraHai="49" doraHaiUra="63" who="1" fromWho="3" sc="250,0,240,62,250,0,250,-52" /><INIT seed="1,0,0,5,5,134" ten="250,302,250,198" oya="1" hai0="6,119,1,83,68,29,27,23,71,48,87,17,85" hai1="78,11,108,45,125,51,110,54,112,115,122,114,95" hai2="5,113,47,49,33,63,31,61,55,132,99,91,105" hai3="40,121,72,93,14,43,131,79,13,82,30,22,76"/><U65/><E122/><V41/><F132/><W89/><G121/><T96/><D119/><U21/><E78/><V123/><F123/><W102/><G131/><T116/><D116/><U88/><E125/><V104/><F5/><W101/><G76/><T26/><D96/><U126/><E126/><V39/><F105/><W4/><G102/><T120/><D120/><U118/><E118/><V16/><F113/><W81/><G101/><T28/><D48/><U35/><E35/><V67/><F104/><W10/><G81/><T2/><D6/><U53/><E65/><V20/><F31/><W56/><G56/><T57/><D57/><U42/><E21/><V34/><F91/><W37/><G37/><T60/><D17/><U38/><E11/><V44/><F99/><W124/><G124/><T127/><D127/><U100/><E100/><V103/><F103/><W77/><G79/><T135/><D135/><U73/><E73/><V24/><REACH who="2" step="1"/><F63/><REACH who="2" ten="250,302,240,198" step="2"/><W111/><G30/><T7/><D60/><U74/><E114/><V109/><F109/><W15/><G111/><T84/><D7/><U128/><E112/><V0/><F0/><W107/><G107/><T98/><D98/><U86/><E115/><V18/><F18/><W9/><G4/><T106/><D106/><U50/><E110/><V59/><AGARI ba="0,1" hai="16,20,24,33,34,39,41,44,47,49,55,59,61,67" machi="59" ten="20,5200,0" yaku="1,1,0,1,7,1,54,1,53,0" doraHai="134" doraHaiUra="32" who="2" fromWho="2" sc="250,-13,302,-26,240,62,198,-13" /><INIT seed="2,0,0,3,2,119" ten="237,276,302,185" oya="2" hai0="110,105,37,113,55,77,127,39,49,57,40,73,79" hai1="106,131,100,86,96,4,72,2,94,92,21,16,122" hai2="118,74,101,84,112,99,65,41,13,63,115,104,6" hai3="109,80,34,108,130,102,38,123,43,76,120,50,89"/><V42/><F118/><W29/><G38/><T88/><D113/><U81/><E131/><V52/><F74/><W45/><G130/><T98/><D110/><N who="3" m="42601" /><G89/><T23/><D127/><U126/><E126/><V5/><F115/><W128/><G102/><T124/><D124/><U30/><E30/><V91/><F112/><W18/><G18/><T70/><D70/><U33/><E33/><V9/><F6/><W132/><G128/><T20/><D73/><U56/><E72/><V12/><F12/><W1/><G1/><T114/><D37/><U47/><E47/><V3/><F52/><W68/><G68/><T27/><D77/><U129/><E56/><V36/><F3/><W19/><G19/><T44/><D79/><U59/><E59/><V121/><F121/><N who="3" m="46667" /><G132/><T93/><D114/><U53/><E129/><V117/><F117/><W7/><G7/><T71/><D71/><U22/><E4/><V107/><F36/><W54/><G29/><T135/><D135/><U103/><E16/><V46/><F5/><W25/><G25/><T51/><D27/><U31/><E31/><V95/><F101/><W26/><G26/><T62/><D39/><U116/><E103/><V87/><F91/><W134/><G134/><T60/><D88/><U111/><E2/><V78/><F78/><W125/><G125/><T75/><D75/><U85/><E111/><V133/><F133/><W64/><G64/><T90/><D105/><U67/><E116/><V24/><F107/><W14/><G14/><T17/><D17/><U48/><E122/><V28/><F104/><W15/><G15/><RYUUKYOKU ba="0,0" sc="237,30,276,-10,302,-10,185,-10" hai0="20,23,40,44,49,51,55,57,60,62,90,93,98" /><INIT seed="3,1,0,5,3,134" ten="267,266,292,175" oya="3" hai0="131,36,12,5,77,43,85,73,69,28,50,121,54" hai1="3,4,47,123,49,58,30,8,135,114,132,118,61" hai2="6,86,27,39,74,83,129,2,91,120,93,22,52" hai3="104,78,82,20,84,105,32,0,87,25,48,107,24"/><W71/><G71/><T117/><D121/><U98/><E114/><V62/><F39/><W55/><G0/><T89/><D117/><U56/><E118/><V67/><F120/><W64/><G64/><T45/><D69/><U79/><E79/><V10/><F129/><W63/><G63/><T124/><D28/><U128/><E128/><V33/><F33/><W65/><G65/><T103/><D103/><U66/><E30/><V68/><F52/><W96/><G32/><T97/><D73/><U59/><E98/><V125/><F125/><W115/><G115/><T92/><D124/><U75/><E75/><V46/><F46/><W95/><G84/><T126/><D126/><U106/><E106/><V109/><F109/><W90/><REACH who="3" step="1"/><G20/><REACH who="3" ten="267,266,292,165" step="2"/><T14/><D131/><U99/><E123/><V34/><F34/><W21/><G21/><T1/><D1/><U116/><E116/><V80/><F74/><W18/><G18/><AGARI ba="1,1" hai="2,6,10,18,22,27,62,67,68,80,83,86,91,93" machi="18" ten="30,1000,0" yaku="7,1" doraHai="134" who="2" fromWho="3" sc="267,0,266,0,292,23,165,-13" owari="267,6.7,266,-13.4,315,41.5,152,-34.8" /></mjloggm>