<mjloggm ver="2.3"><GO type="225" lobby="0"/><UN n0="%E6%98%93%E5%88%A9%E8%96%A9%E4%BC%AF" n1="%E4%B8%89%E5%88%86%E5%B0%8F%E5%83%A7" n2="%E3%81%BD%E3%81%A1%E3%81%9F%E3%81%93%E3%82%84" n3="%E3%81%AF%E3%82%88%E3%81%8A%E3%81%98%E3%81%95%E3%82%93" dan="17,16,17,17" rate="2131.48,2068.06,2254.18,2142.70" sx="F,M,M,M"/><TAIKYOKU oya="0"/><INIT seed="0,0,0,2,4,74" ten="250,250,250,250" oya="0" hai0="116,49,89,17,63,20,95,128,4,93,103,82,40" hai1="8,3,28,107,42,34,24,57,78,102,123,99,21" hai2="22,38,83,127,85,31,55,117,131,105,1,33,13" hai3="122,9,132,81,2,59,26,35,12,18,112,77,23"/><T69/><D116/><U27/><E123/><V125/><F131/><W101/><G112/><T44/><D128/><U46/><E57/><V79/><F117/><W52/><G132/><T15/><D69/><U53/><E53/><V5/><F105/><W10/><G122/><T62/><D4/><U0/><E8/><N who="2" m="2095" /><F38/><W71/><G71/><T75/><D103/><U88/><E88/><V129/><F55/><W25/><G101/><T50/><D50/><U70/><E78/><V111/><F111/><W92/><G92/><N who="0" m="35403" /><D75/><U6/><E6/><V29/><F129/><W97/><G97/><T115/><D115/><U113/><E70/><V41/><F41/><W104/><G104/><T121/><D121/><U72/><E72/><V118/><F118/><W126/><G126/><N who="2" m="48137" /><F33/><W68/><G68/><T43/><D43/><U84/><E84/><AGARI ba="0,0" hai="15,17,20,40,44,49,62,63,82,84,89" m="35403" machi="84" ten="30,1500,0" yaku="8,1" doraHai="74" who="0" fromWho="1" sc="250,15,250,-15,250,0,250,0" /><INIT seed="0,1,0,0,1,129" ten="265,235,250,250" oya="0" hai0="34,48,133,40,96,22,13,11,2,76,64,105,20" hai1="87,75,43,46,6,36,131,1,37,120,112,16,38" hai2="90,35,111,58,30,134,7,47,108,19,39,26,102" hai3="91,98,69,89,81,126,104,88,77,60,132,18,29"/><T82/><D34/><U68/><E120/><V70/><F70/><W130/><G130/><T73/><D64/><U41/><E131/><V100/><F134/><W122/><G29/><T17/><D133/><U44/><E68/><V107/><F7/><W32/><G132/><T62/><D62/><U106/><E112/><V4/><F4/><W123/><G32/><T80/><D80/><U24/><E106/><V86/><F58/><W84/><G18/><T85/><D73/><U10/><E75/><V94/><F19/><W8/><G8/><T78/><D78/><U121/><E87/><V116/><F116/><W33/><G33/><T72/><D72/><U115/><E115/><V50/><F39/><W63/><G69/><T99/><D2/><U61/><E61/><V79/><F79/><W109/><G109/><N who="2" m="42057" /><F107/><W27/><G27/><T12/><D105/><U31/><E121/><N who="3" m="46090" /><G126/><T103/><D103/><AGARI ba="1,0" hai="60,63,77,81,84,88,89,91,98,103,104" m="46090" machi="103" ten="30,2000,0" yaku="13,1,54,1" doraHai="129" who="3" fromWho="0" sc="265,-23,235,0,250,0,250,23" /><INIT seed="1,0,0,3,1,42" ten="242,235,250,273" oya="1" hai0="65,49,83,24,63,48,69,95,56,114,59,54,94" hai1="111,108,125,81,110,3,104,68,20,14,78,117,135" hai2="34,46,27,22,58,134,0,109,124,112,39,73,40" hai3="107,62,37,96,106,76,38,35,23,17,132,71,89"/><U43/><E117/><V47/><F109/><W91/><G35/><T84/><D114/><U60/><E3/><V9/><F112/><W87/><G132/><T121/><D121/><U36/><E104/><V79/><F134/><W13/><G76/><T131/><D131/><U18/><E135/><V133/><F133/><W2/><G2/><T88/><REACH who="0" step="1"/><D24/><REACH who="0" ten="232,235,250,273" step="2"/><U119/><E119/><V92/><F27/><W99/><G107/><T66/><D66/><N who="1" m="41031" /><E125/><V21/><F124/><W100/><G106/><T128/><D128/><U64/><E64/><V93/><F34/><W86/><G37/><T29/><D29/><U1/><E1/><V12/><F0/><W26/><G38/><T67/><D67/><U123/><E123/><V105/><F105/><W4/><G26/><T74/><D74/><N who="1" m="43223" /><E36/><V7/><F73/><W52/><G13/><T30/><D30/><U5/><E43/><V6/><F40/><W77/><G71/><T82/><D82/><U33/><E33/><V16/><F39/><W85/><G77/><T31/><D31/><U126/><E126/><V118/><F118/><W53/><G53/><AGARI ba="0,1" hai="48,49,53,54,56,59,63,65,69,83,84,88,94,95" machi="53" ten="40,5200,0" yaku="1,1,9,1,54,1,53,0" doraHai="42" doraHaiUra="32" who="0" fromWho="3" sc="232,62,235,0,250,0,273,-52" /><INIT seed="2,0,0,0,4,126" ten="294,235,250,221" oya="2" hai0="25,98,121,47,36,64,105,117,38,114,34,19,68" hai1="48,62,7,128,99,133,49,95,21,110,134,56,42" hai2="131,101,115,28,50,93,59,17,118,76,31,94,70" hai3="29,45,61,51,74,72,57,132,87,90,104,2,5"/><V23/><F115/><W69/><G104/><T97/><D19/><U130/><E7/><V33/><F118/><W91/><G132/><N who="1" m="50794" /><E21/><V41/><F70/><W84/><G69/><T3/><D98/><U9/><E9/><V103/><F33/><W102/><G102/><N who="2" m="38921" /><F76/><W52/><G29/><N who="2" m="11337" /><F131/><N who="1" m="50217" /><E110/><V43/><F59/><W79/><G2/><T75/><D3/><U111/><E111/><V80/><F80/><W108/><G108/><T107/><D25/><U24/><E24/><N who="2" m="14447" /><F41/><W58/><G5/><T106/><D34/><U67/><E42/><V32/><F32/><W96/><G74/><T12/><D75/><U89/><AGARI ba="0,0" hai="48,49,56,62,67,89,95,99" m="50217,50794" machi="89" ten="30,8000,1" yaku="20,1,19,1,52,3" doraHai="126" who="1" fromWho="1" sc="294,-20,235,80,250,-40,221,-20" /><INIT seed="3,0,0,5,2,0" ten="274,315,210,201" oya="3" hai0="60,81,54,52,61,64,5,97,77,96,56,24,112" hai1="4,11,73,102,90,91,119,95,135,116,103,70,58" hai2="25,62,65,26,100,33,50,129,57,32,115,107,49" hai3="6,88,114,28,76,53,122,126,43,105,27,67,94"/><W93/><G114/><T30/><D112/><U35/><E70/><V117/><F115/><W42/><G122/><T120/><D120/><U12/><E35/><V14/><F117/><N who="1" m="45129" /><E73/><V111/><F111/><W41/><G105/><T9/><D81/><U113/><E135/><V118/><F118/><W59/><G126/><T17/><D17/><U130/><E130/><V86/><F129/><W7/><G93/><T110/><D77/><U87/><E113/><V104/><F33/><W79/><G67/><T8/><D8/><U74/><E74/><V133/><F133/><W124/><G124/><T45/><D45/><U20/><E20/><V128/><F128/><W48/><G79/><T80/><D80/><N who="1" m="49511" /><E58/><V18/><F32/><W85/><G76/><T21/><D110/><U51/><E51/><V38/><F50/><W121/><G121/><T101/><D61/><U39/><E39/><V10/><F38/><W36/><G36/><T71/><D71/><U106/><E106/><V29/><F49/><W82/><G82/><T16/><D30/><U132/><E132/><V89/><F104/><W19/><G28/><T68/><D68/><U98/><AGARI ba="0,0" hai="4,11,12,91,95,98,102,103" m="49511,45129" machi="98" ten="30,2000,0" yaku="12,1,52,1" doraHai="0" who="1" fromWho="1" sc="274,-5,315,20,210,-5,201,-10" owari="269,6.9,335,43.5,205,-19.5,191,-30.9" /></mjloggm>