<mjloggm ver="2.3"><GO type="225" lobby="0"/><UN n0="%E4%B8%89%E5%88%86%E5%B0%8F%E5%83%A7" n1="%E6%97%A5%E6%9B%9C%E6%97%A5%E3%82%88%E3%82%8A%E3%81%AE%E4%BD%BF%E8%80%85" n2="%E6%A1%9C%E6%B2%A2%E5%A2%A8" n3="%E3%81%AF%E3%82%88%E3%81%8A%E3%81%98%E3%81%95%E3%82%93" dan="16,16,17,17" rate="2037.84,2133.50,2188.68,2135.61" sx="M,M,F,M"/><TAIKYOKU oya="0"/><INIT seed="0,0,0,5,0,130" ten="250,250,250,250" oya="0" hai0="41,128,50,108,28,36,72,89,27,135,57,110,88" hai1="120,19,23,0,115,103,48,91,77,52,60,20,9" hai2="79,21,121,46,3,66,101,58,43,93,18,54,61" hai3="117,133,134,64,16,107,71,39,124,102,87,111,63"/><T1/><D1/><U76/><E120/><V92/><F121/><W53/><G117/><T55/><D128/><U22/><E115/><V32/><F32/><W6/><G39/><T31/><D72/><U13/><E103/><V62/><F3/><W98/><G111/><N who="0" m="42539" /><D135/><N who="3" m="51721" /><G124/><T86/><D86/><U78/><E60/><V75/><F101/><W129/><G129/><T127/><D127/><U114/><E114/><V8/><F8/><W82/><G6/><T106/><D106/><U35/><E35/><V69/><F79/><N who="3" m="46559" /><G53/><T25/><D36/><U118/><E118/><V26/><F75/><W122/><G122/><T38/><D38/><AGARI ba="0,0" hai="18,21,26,38,43,46,54,58,61,62,66,69,92,93" machi="38" ten="30,1000,0" yaku="7,1" doraHai="130" who="2" fromWho="0" sc="250,-10,250,0,250,10,250,0" /><INIT seed="1,0,0,4,4,64" ten="240,250,260,250" oya="1" hai0="62,118,65,89,12,125,92,52,1,97,128,85,29" hai1="58,117,27,11,50,71,30,86,7,56,87,60,28" hai2="113,31,40,45,77,78,84,69,119,18,123,126,82" hai3="43,70,2,72,20,133,109,37,90,39,53,76,91"/><U80/><E117/><V44/><F119/><W81/><G109/><T55/><D1/><U135/><E135/><V131/><F123/><W124/><G133/><T38/><D38/><U98/><E98/><V121/><F121/><W33/><G33/><T99/><D125/><U17/><E71/><V10/><F31/><W13/><G124/><T130/><D118/><U57/><E50/><V4/><F126/><W127/><G127/><T110/><D110/><U22/><E60/><V93/><F69/><W8/><G70/><N who="0" m="42295" /><D12/><N who="1" m="5247" /><E86/><V14/><F131/><N who="0" m="50218" /><D29/><U108/><E108/><V48/><F113/><W61/><G39/><T67/><D67/><U6/><E6/><V32/><F45/><W107/><G2/><T134/><D134/><U34/><E34/><V96/><F32/><W114/><G114/><T120/><D120/><U41/><E41/><V74/><F74/><W24/><G43/><T26/><D26/><U21/><E21/><V83/><F4/><W9/><G37/><T104/><D104/><U129/><E129/><V5/><F5/><N who="3" m="3215" /><G9/><T73/><D73/><U15/><E27/><V102/><REACH who="2" step="1"/><F83/><REACH who="2" ten="240,250,250,250" step="2"/><W112/><G112/><T106/><D106/><U68/><E68/><V25/><F25/><W46/><G107/><T59/><D55/><U105/><E105/><V63/><F63/><AGARI ba="0,1" hai="52,59,63,85,89,92,97,99" m="50218,42295" machi="63" ten="30,3900,0" yaku="19,1,52,1,54,1" doraHai="64" who="0" fromWho="2" sc="240,49,250,0,250,-39,250,0" /><INIT seed="2,0,0,1,0,50" ten="289,250,211,250" oya="2" hai0="130,104,114,43,128,116,45,33,68,23,115,17,69" hai1="98,77,16,2,25,11,78,55,101,133,74,76,66" hai2="117,53,105,51,109,14,22,113,82,121,59,124,62" hai3="79,37,102,13,119,42,56,61,15,87,3,108,92"/><V84/><F113/><N who="0" m="43018" /><D33/><U46/><E133/><V111/><F117/><W27/><G108/><N who="2" m="41545" /><F105/><W35/><G3/><T118/><D104/><U120/><E120/><V28/><F121/><W54/><G119/><N who="0" m="45611" /><D23/><U58/><E66/><V18/><F28/><W71/><G71/><N who="0" m="27211" /><D17/><U60/><E2/><V41/><F124/><W26/><G35/><T107/><D107/><U129/><E129/><V122/><F122/><W64/><G27/><T47/><D47/><U90/><E46/><N who="2" m="26063" /><F84/><W89/><G87/><T106/><D106/><U75/><E75/><V44/><F44/><W100/><G26/><T94/><D94/><U31/><E74/><V5/><F5/><W125/><G92/><T34/><D34/><U67/><E31/><V91/><F91/><W4/><G100/><T86/><D86/><U24/><E90/><V93/><F93/><W30/><G102/><T126/><D126/><U135/><E101/><V132/><F82/><W83/><G30/><T112/><N who="0" m="43026" /><T134/><DORA hai="70" /><D134/><AGARI ba="0,0" hai="14,18,22,53,59,62,132,134" m="26063,41545" machi="134" ten="30,5800,0" yaku="14,1,10,1,52,1" doraHai="50,70" who="2" fromWho="0" sc="289,-58,250,0,211,58,250,0" /><INIT seed="2,1,0,4,1,88" ten="231,250,269,250" oya="2" hai0="89,8,4,135,114,122,81,60,55,105,10,53,108" hai1="133,124,69,106,59,52,18,58,50,110,37,32,49" hai2="109,11,61,33,125,107,94,36,42,66,92,101,102" hai3="3,116,65,103,70,2,129,13,73,119,27,39,100"/><V64/><F33/><W90/><G73/><T91/><D122/><U34/><E106/><V80/><F107/><W123/><G123/><T126/><D114/><U31/><E69/><V16/><F125/><W19/><G39/><T68/><D126/><U46/><E37/><V29/><F109/><W117/><G129/><T72/><D105/><U26/><E124/><V71/><F29/><W30/><G90/><T79/><D108/><U41/><E110/><V22/><F11/><W47/><G47/><T113/><D113/><U76/><E133/><V98/><F66/><W9/><G70/><T134/><D68/><U75/><E18/><V24/><F80/><W112/><G65/><T43/><D43/><U0/><E0/><N who="3" m="42" /><G103/><T96/><D60/><U84/><E75/><V128/><F128/><W127/><G100/><T21/><D21/><U45/><REACH who="1" step="1"/><E34/><REACH who="1" ten="231,240,269,250" step="2"/><V6/><F6/><W7/><G127/><T111/><D111/><U78/><E78/><V118/><F36/><W74/><G74/><T57/><D4/><U25/><E25/><V97/><F118/><W28/><G112/><T40/><D135/><U115/><E115/><V87/><F42/><W5/><G30/><T17/><D40/><U121/><E121/><V131/><F131/><W93/><G28/><T62/><D134/><U63/><E63/><V14/><F24/><W15/><G27/><T85/><D72/><U120/><E120/><V23/><F23/><N who="3" m="11759" /><G5/><T56/><D79/><U51/><E51/><V54/><F54/><W77/><G77/><T1/><D62/><U99/><E99/><V35/><F35/><RYUUKYOKU ba="1,1" sc="231,-30,240,10,269,10,250,10" hai1="26,31,32,41,45,46,49,50,52,58,59,76,84" hai2="14,16,22,61,64,71,87,92,94,97,98,101,102" hai3="7,9,15,93,116,117,119" /><INIT seed="2,2,1,1,0,38" ten="201,250,279,260" oya="2" hai0="13,8,6,106,91,108,85,113,0,30,93,51,100" hai1="135,20,14,56,62,46,35,111,98,133,45,118,39" hai2="26,105,37,48,84,9,7,120,55,82,102,22,31" hai3="11,80,112,78,66,59,67,110,33,25,73,16,54"/><V47/><F120/><W12/><G110/><T19/><D113/><U63/><E118/><V65/><F65/><W131/><G112/><T52/><D108/><U69/><E35/><V61/><F61/><W32/><G131/><T15/><D30/><U74/><E74/><V95/><F105/><W121/><G121/><T94/><D106/><U79/><E79/><V27/><F37/><W119/><G119/><T40/><D40/><N who="1" m="22687" /><E98/><N who="2" m="59743" /><F27/><W103/><G103/><T64/><D64/><N who="1" m="41111" /><E14/><N who="2" m="5439" /><F84/><W10/><G33/><T68/><D68/><U87/><E87/><V115/><F115/><W34/><G32/><T77/><D77/><U114/><E114/><V18/><F82/><W109/><G109/><T43/><D43/><U125/><E111/><V128/><F128/><W4/><G34/><T60/><D60/><U97/><E97/><V92/><F92/><W75/><G73/><T5/><D0/><U132/><E20/><V86/><F86/><W107/><G107/><T29/><D29/><AGARI ba="2,1" hai="18,22,26,29,31,47,48,55" m="5439,59743" machi="29" ten="30,1500,0" yaku="8,1" doraHai="38" who="2" fromWho="0" sc="201,-21,250,0,279,31,260,0" /><INIT seed="2,3,0,5,2,17" ten="180,250,310,260" oya="2" hai0="114,86,88,10,128,115,18,6,127,71,133,74,65" hai1="75,60,22,135,47,101,28,105,79,3,30,67,95" hai2="36,5,100,34,85,130,55,123,81,126,94,98,39" hai3="11,104,54,29,68,15,93,38,48,106,109,70,37"/><V80/><F34/><W12/><G109/><T122/><D122/><U52/><E105/><V16/><F123/><W13/><G29/><T9/><D74/><U73/><E3/><V102/><F5/><W45/><G11/><T119/><D127/><U92/><E135/><V66/><F126/><W31/><G31/><T25/><D133/><U78/><E75/><V49/><F66/><W99/><G104/><T42/><D128/><U27/><E73/><V72/><F102/><W116/><G116/><T7/><D119/><U91/><E30/><V40/><F40/><W97/><G97/><T8/><D42/><U26/><E26/><V23/><F72/><W35/><G106/><T20/><D65/><U90/><E101/><V129/><F81/><W108/><G35/><T57/><D57/><N who="1" m="34855" /><E47/><V43/><F43/><W2/><G2/><T120/><D71/><U0/><E0/><V4/><F4/><W117/><G108/><T56/><D120/><U69/><E67/><V125/><F125/><W87/><G87/><T19/><D56/><U132/><E69/><V124/><F124/><W53/><G54/><T51/><D51/><U1/><E1/><V61/><F49/><W111/><G111/><T62/><D62/><U33/><E33/><V77/><F130/><W89/><G117/><T121/><D121/><U41/><E41/><V21/><F129/><W134/><G134/><T76/><D76/><N who="1" m="29227" /><E132/><V112/><F77/><W84/><G70/><T64/><D64/><U63/><E63/><V131/><F131/><W46/><G68/><T14/><D114/><U82/><E91/><RYUUKYOKU ba="3,0" sc="180,-10,250,30,310,-10,260,-10" hai1="22,27,28,82,90,92,95" /><INIT seed="3,4,0,5,2,59" ten="170,280,300,250" oya="3" hai0="57,29,56,108,4,93,112,99,2,97,26,84,89" hai1="46,77,131,5,54,9,63,128,44,52,120,51,126" hai2="37,115,122,21,12,42,130,8,65,102,69,118,80" hai3="67,36,127,82,48,31,113,25,45,41,116,106,1"/><W91/><G113/><T98/><D108/><U135/><E120/><V81/><F115/><W78/><G116/><T70/><D70/><U61/><E77/><V104/><F118/><W90/><G127/><T62/><D112/><U64/><E126/><V121/><F130/><N who="1" m="49705" /><E135/><V110/><F110/><W96/><G1/><T6/><D57/><N who="1" m="36911" /><E63/><N who="2" m="40127" /><F21/><W58/><G106/><T124/><D2/><N who="1" m="183" /><E46/><N who="2" m="23887" /><F102/><W30/><G96/><T19/><D19/><U68/><E68/><V79/><F79/><W125/><G31/><T92/><D92/><U117/><E117/><V119/><F104/><W49/><G36/><T47/><D47/><U107/><E107/><V85/><F85/><W71/><G71/><T11/><D11/><U23/><E23/><V95/><F95/><W22/><G125/><T34/><REACH who="0" step="1"/><D124/><REACH who="0" ten="160,280,300,250" step="2"/><U60/><E60/><V94/><F94/><W133/><G58/><T0/><D0/><U73/><E73/><V100/><F119/><W88/><G133/><T111/><D111/><U76/><E76/><V83/><F122/><W28/><G28/><T72/><D72/><U123/><E123/><V50/><F121/><W14/><G78/><T35/><D35/><U10/><E10/><V101/><F8/><W74/><G74/><T43/><D43/><AGARI ba="4,1" hai="43,44,51,52,54" m="183,36911,49705" machi="43" ten="30,3900,0" yaku="19,1,52,1,54,1" doraHai="59" who="1" fromWho="0" sc="160,-51,280,61,300,0,250,0" owari="109,-39.1,341,44.1,300,10.0,250,-15.0" /></mjloggm>