<mjloggm ver="2.3"><GO type="225" lobby="0"/><UN n0="%E5%8D%A0%E3%81%84%E5%B8%AB%E8%A3%8F%E3%81%AA%E3%81%84%E3%81%97" n1="%E4%BF%BA%E3%81%A8%E5%A6%96%E5%A4%A2" n2="%E7%99%BD%E5%80%89%E5%AF%9B%E4%B9%8B" n3="%77%72%77%72%77%72%77%72" dan="17,16,16,16" rate="2244.14,2144.17,2153.76,2118.11" sx="M,F,M,M"/><TAIKYOKU oya="0"/><INIT seed="0,0,0,4,0,11" ten="250,250,250,250" oya="0" hai0="81,58,43,30,59,1,38,82,46,28,120,52,5" hai1="55,115,118,51,110,84,94,21,26,17,92,64,4" hai2="97,37,85,78,45,23,133,100,47,63,60,14,18" hai3="22,106,31,93,134,86,54,57,126,89,83,74,42"/><T48/><D120/><U8/><E118/><V25/><F133/><W132/><G106/><T122/><D122/><U44/><E110/><V32/><F32/><W128/><G42/><T90/><D1/><U80/><E64/><V96/><F25/><N who="3" m="16823" /><G126/><T12/><D59/><U102/><E102/><V76/><F37/><W62/><G74/><T19/><D5/><U0/><REACH who="1" step="1"/><E115/><REACH who="1" ten="250,240,250,250" step="2"/><V6/><F100/><W79/><G132/><T13/><D81/><U71/><E71/><V135/><F135/><W66/><G134/><T127/><D127/><U20/><E20/><V40/><F23/><W50/><G128/><T121/><D121/><U72/><E72/><V77/><F77/><AGARI ba="0,1" hai="0,4,8,17,21,26,44,51,55,77,80,84,92,94" machi="77" ten="30,2000,0" yaku="1,1,7,1,53,0" doraHai="11" doraHaiUra="98" who="1" fromWho="2" sc="250,0,240,30,250,-20,250,0" /><INIT seed="1,0,0,1,5,71" ten="250,270,230,250" oya="1" hai0="61,28,132,90,48,77,58,0,44,36,88,94,124" hai1="11,55,106,78,115,87,105,5,102,40,117,9,12" hai2="10,97,33,101,66,4,75,84,114,89,85,8,126" hai3="23,123,120,15,96,109,72,67,68,103,17,47,27"/><U125/><E115/><V133/><F75/><W52/><G72/><T51/><D0/><U111/><E117/><V32/><F114/><W135/><G109/><T13/><D132/><U65/><E125/><V21/><F126/><W92/><G135/><T62/><D124/><U19/><E111/><V53/><F133/><W3/><G3/><T42/><D77/><U130/><E130/><V25/><F66/><W7/><G68/><T81/><D28/><U6/><E102/><V60/><F53/><W91/><G67/><T49/><D81/><U119/><E119/><V45/><F60/><W38/><G103/><T1/><D1/><U50/><E65/><V18/><F45/><W37/><G7/><T59/><D62/><U70/><E70/><V104/><F84/><W74/><G74/><T30/><D30/><U29/><E29/><V39/><F39/><W69/><G69/><T134/><D134/><U110/><E40/><V93/><REACH who="2" step="1"/><F4/><REACH who="2" ten="250,270,220,250" step="2"/><W129/><G129/><T73/><D73/><U2/><E5/><V14/><F14/><W46/><G52/><N who="0" m="33991" /><D13/><U56/><E110/><V34/><AGARI ba="0,1" hai="8,10,18,21,25,32,33,34,85,89,93,97,101,104" machi="34" ten="30,2000,0" yaku="1,1,0,1,53,0" doraHai="71" doraHaiUra="112" who="2" fromWho="2" sc="250,-5,270,-10,220,30,250,-5" /><INIT seed="2,0,0,1,5,126" ten="245,260,250,245" oya="2" hai0="35,10,58,52,78,59,82,27,30,38,39,3,22" hai1="28,49,36,71,128,70,34,13,124,83,102,8,135" hai2="90,1,77,73,104,31,109,75,25,108,37,100,79" hai3="26,113,86,88,21,9,64,6,110,40,44,106,41"/><V98/><F37/><W60/><G106/><T85/><D35/><U125/><E36/><V95/><F1/><W89/><G110/><N who="2" m="42601" /><F25/><W132/><G132/><T11/><D59/><U127/><E135/><V97/><F31/><W19/><G113/><T121/><D121/><U114/><E114/><V130/><F130/><W134/><G134/><T116/><D116/><U68/><E102/><V99/><F99/><W120/><G120/><T46/><D3/><U65/><E49/><V111/><N who="2" m="42609" /><V33/><DORA hai="122" /><F33/><W5/><G89/><T20/><D38/><U76/><E28/><V17/><F17/><W47/><G47/><T61/><D46/><U15/><E15/><V24/><F24/><W2/><G44/><T42/><D39/><U80/><E34/><V105/><F105/><W94/><REACH who="3" step="1"/><G5/><REACH who="3" ten="245,260,250,235" step="2"/><T18/><D42/><U0/><E127/><V12/><F12/><AGARI ba="0,1" hai="10,11,12,18,20,22,27,30,52,58,61,78,82,85" machi="12" ten="30,3900,0" yaku="7,1,8,1,54,1" doraHai="126,122" who="0" fromWho="2" sc="245,49,260,0,250,-39,235,0" /><INIT seed="3,0,0,4,5,16" ten="294,260,211,235" oya="3" hai0="15,31,12,128,114,135,94,119,38,0,100,89,133" hai1="118,9,61,56,32,26,103,110,130,30,3,29,92" hai2="39,64,72,112,48,44,68,28,126,132,58,2,85" hai3="79,120,34,47,4,18,122,127,60,6,65,93,71"/><W97/><G127/><T113/><D119/><U105/><E105/><V43/><F72/><W55/><G34/><T33/><D0/><U83/><E110/><V104/><F2/><W115/><G115/><N who="0" m="44043" /><D38/><U74/><E130/><V86/><F104/><W13/><G79/><T69/><D69/><U96/><E118/><V36/><F112/><W87/><G87/><N who="0" m="52543" /><D100/><U81/><E74/><V24/><F126/><W116/><G116/><T84/><D84/><U77/><E77/><V10/><F10/><W21/><G122/><T108/><D108/><U91/><E91/><V23/><F132/><N who="0" m="50762" /><D128/><U102/><E102/><V17/><F36/><W14/><G120/><T59/><D59/><U95/><E95/><V101/><F101/><W7/><G93/><T109/><D109/><U22/><E3/><V82/><F82/><W20/><G97/><T70/><D70/><U54/><E9/><V73/><F73/><W1/><G1/><T42/><D42/><U88/><E103/><V131/><F131/><W57/><G47/><T27/><AGARI ba="0,0" hai="12,15,27,31,33" m="50762,52543,44043" machi="27" ten="40,2700,0" yaku="11,1,20,1" doraHai="16" who="0" fromWho="0" sc="294,27,260,-7,211,-7,235,-13" owari="321,42.1,253,5.3,204,-29.6,222,-17.8" /></mjloggm>