<mjloggm ver="2.3"><GO type="225" lobby="0"/><UN n0="%E5%A4%8F%E9%88%B4%E9%88%B4%E5%A4%8F" n1="%E6%81%A5%E6%99%92%E3%81%97" n2="%E5%8D%A0%E3%81%84%E5%B8%AB%E8%A3%8F%E3%81%AA%E3%81%84%E3%81%97" n3="%77%72%77%72%77%72%77%72" dan="16,17,17,17" rate="2158.42,2194.78,2249.62,2111.15" sx="F,M,M,M"/><TAIKYOKU oya="0"/><INIT seed="0,0,0,1,2,41" ten="250,250,250,250" oya="0" hai0="62,44,122,18,113,109,58,93,9,35,89,12,133" hai1="52,91,26,99,30,56,27,71,54,22,2,47,95" hai2="76,14,75,100,129,105,5,90,13,15,73,111,110" hai3="16,43,28,20,17,38,55,6,117,119,19,67,112"/><T66/><D113/><U21/><E2/><V96/><F129/><W85/><G67/><T37/><D122/><U45/><E71/><V120/><F120/><W7/><G55/><N who="1" m="21034" /><E56/><V97/><F76/><W48/><G38/><T80/><D109/><N who="2" m="41482" /><F5/><N who="3" m="1547" /><G85/><T32/><D133/><U82/><E82/><V40/><F40/><W79/><G79/><T114/><D114/><U84/><E84/><V92/><AGARI ba="0,0" hai="13,14,15,73,75,90,92,96,97,100,105" m="41482" machi="92" ten="40,1500,0" yaku="14,1" doraHai="41" who="2" fromWho="2" sc="250,-7,250,-4,250,15,250,-4" /><INIT seed="1,0,0,3,5,113" ten="243,246,265,246" oya="1" hai0="20,18,108,118,87,95,40,53,74,34,123,56,135" hai1="117,127,19,85,50,14,98,24,66,8,94,93,33" hai2="72,9,133,92,4,51,52,45,107,61,120,7,65" hai3="110,43,109,104,41,29,2,82,55,10,106,15,73"/><U112/><E112/><V77/><F107/><W28/><G2/><T122/><D74/><U64/><E127/><V42/><F120/><N who="0" m="46122" /><D108/><N who="3" m="41577" /><G55/><T13/><D135/><U27/><E117/><V68/><F133/><W16/><G104/><T70/><D34/><U126/><E126/><V131/><F131/><W60/><G106/><T119/><D40/><N who="3" m="15433" /><G60/><N who="0" m="35855" /><D70/><U5/><E50/><V38/><F92/><W89/><G89/><AGARI ba="0,0" hai="13,18,20,87,89,95,118,119" m="35855,46122" machi="89" ten="30,3900,0" yaku="13,1,52,2" doraHai="113" who="0" fromWho="3" sc="243,39,246,0,265,0,246,-39" /><INIT seed="2,0,0,4,1,51" ten="282,246,265,207" oya="2" hai0="132,6,28,83,131,95,66,73,119,46,103,107,41" hai1="1,67,2,39,37,134,8,31,49,18,59,55,47" hai2="54,76,102,129,120,99,72,7,11,9,19,116,110" hai3="124,135,114,68,43,42,130,0,60,17,122,29,104"/><V20/><F116/><W71/><G122/><T87/><D119/><U75/><E75/><V34/><F120/><W121/><G121/><T90/><D132/><U10/><E134/><V21/><F34/><W101/><G135/><T79/><D131/><U63/><E31/><V25/><F129/><W74/><G130/><T61/><D6/><U26/><E26/><V105/><F110/><W77/><G74/><T96/><D28/><U4/><REACH who="1" step="1"/><E18/><REACH who="1" ten="282,236,265,207" step="2"/><V125/><F19/><W123/><G17/><T109/><D109/><U86/><E86/><V23/><F25/><W128/><G29/><T94/><D46/><U15/><E15/><V133/><F72/><W35/><G123/><T88/><D41/><U58/><E58/><V89/><F133/><W36/><G42/><T92/><REACH who="0" step="1"/><D87/><REACH who="0" ten="272,236,265,207" step="2"/><U84/><E84/><V33/><F7/><AGARI ba="0,2" hai="1,2,4,7,8,10,37,39,47,49,55,59,63,67" machi="7" ten="40,5200,0" yaku="1,1,9,1,52,1,53,0" doraHai="51" doraHaiUra="85" who="1" fromWho="2" sc="272,0,236,72,265,-52,207,0" /><INIT seed="3,0,0,3,4,22" ten="272,308,213,207" oya="3" hai0="63,49,116,81,114,112,31,85,100,107,36,122,47" hai1="39,40,41,71,83,121,64,115,35,70,68,59,6" hai2="0,60,9,7,109,88,27,96,123,129,76,3,133" hai3="34,104,44,87,93,118,89,120,108,67,125,134,13"/><W105/><G118/><T1/><D116/><U23/><E35/><V69/><F109/><W45/><G120/><T62/><D122/><U26/><E121/><V25/><F123/><W51/><G108/><T73/><D73/><U21/><E115/><N who="0" m="44073" /><D36/><U19/><E39/><V110/><F110/><W126/><G34/><T30/><D1/><U2/><E83/><V75/><F0/><W4/><G134/><T38/><D38/><U18/><E59/><V124/><F133/><W56/><G44/><T46/><D46/><U29/><E64/><V90/><F75/><W135/><G135/><T37/><D37/><U17/><REACH who="1" step="1"/><E23/><REACH who="1" ten="272,298,213,207" step="2"/><V78/><F69/><W61/><G126/><T77/><D47/><U14/><E14/><V24/><F124/><W86/><G125/><T127/><D81/><U53/><E53/><V43/><F3/><W103/><G103/><T57/><D100/><U12/><E12/><V130/><F130/><W113/><G113/><T131/><D127/><U28/><E28/><V10/><F129/><W16/><G4/><T33/><D30/><U80/><E80/><V84/><F7/><W5/><G5/><T55/><D31/><U92/><E92/><V128/><F128/><W20/><REACH who="3" step="1"/><G87/><REACH who="3" ten="272,298,213,197" step="2"/><T74/><D85/><U97/><E97/><V32/><F96/><W119/><G119/><T15/><D131/><U79/><E79/><V95/><F32/><W52/><AGARI ba="0,2" hai="13,16,20,45,51,52,56,61,67,86,89,93,104,105" machi="52" ten="20,18000,2" yaku="1,1,0,1,7,1,54,2,53,1" doraHai="22" doraHaiUra="42" who="3" fromWho="3" sc="272,-60,298,-60,213,-60,197,200" owari="212,-18.8,238,3.8,153,-34.7,397,49.7" /></mjloggm>