<mjloggm ver="2.3"><GO type="225" lobby="0"/><UN n0="%E3%83%96%E3%83%83%E3%83%91%E3%82%AA%E3%83%96%E3%83%81%E3%82%AD%E3%83%B3" n1="%E3%81%AF%E3%82%88%E3%81%8A%E3%81%98%E3%81%95%E3%82%93" n2="%E3%81%BF%E3%81%BF%E3%81%9A" n3="%E3%83%A9%E3%83%BC%E3%83%A1%E3%83%B3%E4%BA%94%E9%83%8E" dan="16,16,17,16" rate="2218.86,2199.10,2180.57,2105.88" sx="M,M,M,M"/><TAIKYOKU oya="0"/><INIT seed="0,0,0,4,2,83" ten="250,250,250,250" oya="0" hai0="28,65,128,42,106,118,111,40,116,76,61,107,78" hai1="132,82,5,44,57,126,39,101,53,85,18,74,67" hai2="31,55,48,10,29,109,79,91,12,133,24,66,52" hai3="2,115,73,63,49,56,105,8,84,7,17,33,23"/><T11/><D28/><U62/><E126/><V90/><F109/><W27/><G115/><T103/><D11/><U87/><E132/><V69/><F133/><W113/><G113/><T38/><D38/><U130/><E130/><V110/><F110/><W104/><G73/><T64/><D111/><U127/><E127/><V122/><F122/><W129/><G129/><T93/><D128/><U86/><E5/><V112/><F112/><W89/><G49/><T21/><D21/><U14/><E101/><V47/><F79/><W37/><G33/><T123/><D103/><U26/><E74/><V59/><F66/><W119/><G37/><T72/><D72/><U43/><E26/><V0/><F69/><W131/><G119/><T45/><D123/><U19/><E82/><V3/><F3/><W6/><G6/><T81/><D81/><U71/><REACH who="1" step="1"/><E14/><REACH who="1" ten="250,240,250,250" step="2"/><V92/><F0/><W117/><G131/><T20/><D116/><U100/><E100/><V94/><F24/><W16/><G117/><T88/><D118/><U32/><E32/><V30/><F94/><W68/><G27/><T60/><D93/><U34/><E34/><V46/><F92/><W96/><G7/><T77/><D106/><U4/><E4/><N who="2" m="3143" /><F46/><W95/><G105/><T134/><D45/><U13/><E13/><V120/><F120/><W58/><G104/><T108/><D107/><U124/><E124/><V121/><F121/><W9/><G2/><T15/><D134/><U54/><E54/><V51/><AGARI ba="0,1" hai="29,30,31,47,48,51,52,55,59,90,91" m="3143" machi="51" ten="30,2000,0" yaku="8,1,54,1" doraHai="83" who="2" fromWho="2" sc="250,-10,240,-5,250,30,250,-5" /><INIT seed="1,0,0,2,0,65" ten="240,235,280,245" oya="1" hai0="64,46,42,129,120,63,38,122,131,60,91,43,58" hai1="133,118,79,41,40,126,100,7,135,35,39,127,62" hai2="83,73,37,61,72,90,51,112,86,85,80,20,74" hai3="124,3,99,13,57,47,30,134,0,5,98,115,88"/><U104/><E118/><V106/><F37/><W45/><G115/><T110/><D110/><U4/><E35/><V96/><F112/><W94/><G30/><T29/><D29/><U78/><E62/><V11/><F51/><W15/><G124/><N who="1" m="47658" /><E100/><V54/><F11/><N who="3" m="4335" /><G0/><T1/><D1/><U108/><E104/><V69/><F20/><W34/><G3/><T44/><D91/><U22/><E22/><V24/><F24/><W17/><G34/><T116/><D63/><U59/><E59/><V128/><F54/><W92/><G57/><T55/><D64/><U10/><E108/><V75/><F61/><W82/><G134/><N who="1" m="51210" /><E39/><V50/><F50/><W109/><G109/><T18/><D116/><U33/><E33/><V48/><F48/><W113/><G113/><T105/><D105/><U6/><E10/><V87/><F69/><W9/><G82/><T28/><D28/><U102/><E102/><AGARI ba="0,0" hai="9,15,17,45,47,88,92,94,98,99,102" m="4335" machi="102" ten="30,2000,0" yaku="8,1,54,1" doraHai="65" who="3" fromWho="1" sc="240,0,235,-20,280,0,245,20" /><INIT seed="2,0,0,0,1,15" ten="240,215,280,265" oya="2" hai0="20,70,86,83,11,34,41,104,66,91,4,30,50" hai1="114,58,47,51,135,32,89,7,133,122,46,73,75" hai2="125,17,109,5,57,40,127,2,87,113,111,53,14" hai3="61,123,110,9,99,19,98,92,77,18,59,102,10"/><V0/><F40/><W82/><G123/><T42/><D104/><U29/><E114/><V85/><F113/><W95/><G110/><N who="2" m="41993" /><F5/><W65/><G9/><T80/><D34/><U23/><E32/><V120/><F120/><W116/><G10/><T112/><D112/><U44/><E122/><V97/><F97/><W105/><G116/><T81/><D70/><U60/><E7/><V13/><F13/><W108/><G108/><T33/><D33/><U3/><E3/><N who="2" m="1067" /><F85/><N who="3" m="48335" /><G105/><T52/><D66/><U78/><E51/><N who="2" m="30911" /><F87/><W43/><G43/><N who="0" m="16395" /><D4/><U28/><E89/><AGARI ba="0,0" hai="18,19,59,61,65,89,92,95,98,99,102" m="48335" machi="89" ten="30,3900,0" yaku="8,1,52,2" doraHai="15" who="3" fromWho="1" sc="240,0,215,-39,280,0,265,39" /><INIT seed="3,0,0,0,2,85" ten="240,176,280,304" oya="3" hai0="23,96,114,113,38,86,125,111,77,126,67,29,39" hai1="99,127,34,64,129,90,12,93,87,88,94,81,98" hai2="26,118,50,101,74,48,100,55,66,107,133,59,8" hai3="7,89,22,52,76,110,73,62,18,115,63,21,28"/><W13/><G115/><N who="0" m="44043" /><D67/><U108/><E34/><V51/><F118/><W80/><G110/><T4/><D4/><U128/><E108/><V97/><F74/><W95/><G7/><T69/><D69/><U83/><E64/><V6/><F133/><W54/><G63/><T2/><D2/><U14/><REACH who="1" step="1"/><E87/><REACH who="1" ten="240,166,280,304" step="2"/><V56/><F66/><W122/><G122/><T37/><D111/><U58/><E58/><V36/><F59/><W68/><G68/><T27/><D96/><U10/><E10/><V31/><F101/><W104/><G22/><T47/><D47/><U41/><E41/><V109/><F109/><W49/><G21/><T42/><D42/><U3/><E3/><V72/><F72/><W11/><G73/><T102/><D102/><U82/><E82/><AGARI ba="0,1" hai="23,27,29,37,38,39,77,82,86,125,126" m="44043" machi="82" ten="40,1300,0" yaku="11,1" doraHai="85" who="0" fromWho="1" sc="240,23,166,-13,280,0,304,0" owari="263,-13.7,153,-34.7,280,8.0,304,40.4" /></mjloggm>