<mjloggm ver="2.3"><GO type="225" lobby="0"/><UN n0="%E3%83%81%E3%83%83%E3%82%BF%E3%82%BD%E3%83%BC" n1="%E5%B8%86%E7%AB%8B%E5%A4%8F%E8%A1%A3" n2="%72%65%6E%6B%75%6E" n3="%E3%82%A4%E3%82%AD%E3%83%AA" dan="16,17,17,16" rate="2187.88,2182.59,2187.47,2046.99" sx="F,M,M,M"/><TAIKYOKU oya="0"/><INIT seed="0,0,0,2,0,106" ten="250,250,250,250" oya="0" hai0="118,107,128,70,135,50,81,45,17,4,8,16,103" hai1="24,43,65,123,92,59,23,115,36,53,25,55,76" hai2="13,0,112,117,130,86,51,125,131,1,132,108,134" hai3="78,105,56,18,64,82,29,58,121,52,72,69,15"/><T129/><D118/><U133/><E133/><N who="2" m="51307" /><F86/><W48/><G105/><T66/><D135/><U83/><E123/><V57/><F57/><W61/><G121/><T90/><D103/><U3/><E3/><N who="2" m="1099" /><F51/><W74/><G29/><T110/><D107/><U119/><E25/><V20/><F117/><W39/><G39/><T102/><D102/><U79/><E115/><V101/><F101/><W63/><G72/><T77/><D90/><U41/><E119/><V11/><F112/><W22/><REACH who="3" step="1"/><G63/><REACH who="3" ten="250,250,250,240" step="2"/><T32/><D110/><U84/><E36/><V44/><F108/><W49/><G49/><T73/><D32/><U54/><E92/><V67/><F125/><W31/><G31/><T100/><D50/><U27/><E79/><V109/><F109/><W26/><G26/><T104/><D77/><U75/><E75/><V37/><F37/><W46/><AGARI ba="0,1" hai="15,18,22,46,48,52,56,58,61,64,69,74,78,82" machi="46" ten="20,8000,1" yaku="1,1,0,1,7,1,52,1,54,1,53,0" doraHai="106" doraHaiUra="21" who="3" fromWho="3" sc="250,-40,250,-20,250,-20,240,90" /><INIT seed="1,0,0,0,4,13" ten="210,230,230,330" oya="1" hai0="91,35,122,6,2,126,34,78,27,134,81,96,82" hai1="30,32,37,79,33,64,57,66,128,23,24,121,65" hai2="75,120,41,39,59,119,25,18,67,100,95,5,130" hai3="61,70,55,112,9,125,84,71,14,45,16,17,26"/><U8/><E128/><V106/><F75/><W0/><G112/><T99/><D122/><U42/><E121/><V56/><F106/><W90/><G0/><T20/><D126/><U131/><E131/><V74/><F74/><W62/><G125/><T15/><D134/><U76/><E57/><V68/><F119/><W58/><G45/><T52/><D2/><U117/><E117/><V12/><F39/><W105/><G105/><T43/><D43/><U132/><E132/><V97/><F41/><W110/><G110/><T40/><D40/><U53/><E53/><V72/><F72/><W135/><G135/><T7/><D15/><U10/><E42/><V111/><F111/><W48/><G70/><T87/><D52/><U129/><E37/><V113/><F113/><W86/><G71/><T29/><D34/><U109/><E109/><V104/><F104/><W22/><G84/><N who="0" m="50575" /><D35/><U123/><E123/><V107/><F107/><W103/><G103/><T44/><D44/><U94/><E129/><V1/><F1/><W31/><G31/><T38/><D38/><U101/><E33/><V51/><F130/><W3/><G3/><T124/><D124/><U133/><E32/><V47/><F25/><W102/><G102/><T73/><D73/><U60/><E60/><N who="2" m="40039" /><F5/><AGARI ba="0,0" hai="5,6,7,20,27,29,78,82,87,96,99" m="50575" machi="5" ten="30,1000,0" yaku="8,1" doraHai="13" who="0" fromWho="2" sc="210,10,230,0,230,-10,330,0" /><INIT seed="2,0,0,2,2,83" ten="220,230,220,330" oya="2" hai0="58,99,92,96,23,43,75,71,19,84,65,81,108" hai1="31,34,21,25,78,85,72,27,39,52,48,11,106" hai2="33,10,93,125,101,26,50,117,1,127,129,35,6" hai3="98,56,88,135,14,37,36,102,133,32,95,89,132"/><V2/><F117/><W123/><G123/><T120/><D108/><U126/><E39/><N who="3" m="14922" /><G32/><N who="2" m="12361" /><F101/><W24/><G24/><T91/><D71/><U46/><E126/><N who="2" m="48139" /><F50/><W80/><G80/><T115/><D115/><U29/><E72/><V79/><F79/><W54/><G14/><T131/><D131/><U116/><E116/><V12/><F93/><W67/><G67/><T74/><D120/><U104/><E78/><V110/><F110/><W94/><G95/><T4/><D43/><U13/><REACH who="1" step="1"/><E85/><REACH who="1" ten="220,220,220,330" step="2"/><V55/><F129/><W60/><AGARI ba="0,1" hai="54,56,60,88,89,94,98,102,132,133,135" m="14922" machi="60" ten="40,2700,0" yaku="20,1,54,1" doraHai="83" who="3" fromWho="3" sc="220,-7,220,-7,220,-13,330,37" /><INIT seed="3,0,0,2,4,42" ten="213,213,207,367" oya="3" hai0="75,14,31,8,69,26,44,61,100,57,27,7,81" hai1="35,134,124,126,99,93,18,119,118,67,97,105,47" hai2="113,20,72,40,133,5,2,29,36,89,95,13,91" hai3="28,135,101,83,60,77,48,54,96,84,56,127,63"/><W125/><G28/><T30/><D69/><U68/><E134/><V109/><F72/><W4/><G4/><T121/><D121/><U78/><E35/><V87/><F113/><W65/><G135/><T0/><D0/><U74/><E47/><V15/><F133/><W11/><G11/><T43/><D100/><N who="1" m="62607" /><E18/><N who="2" m="10335" /><F2/><W110/><G110/><T80/><D30/><U102/><E67/><V94/><F109/><W19/><G19/><T17/><D7/><U103/><E103/><V129/><F36/><W45/><REACH who="3" step="1"/><G63/><REACH who="3" ten="213,213,207,357" step="2"/><T64/><D31/><U38/><E119/><V66/><F29/><W106/><AGARI ba="0,1" hai="45,48,54,56,60,65,77,83,84,96,101,106,125,127" machi="106" ten="30,12000,1" yaku="1,1,2,1,0,1,52,1,53,1" doraHai="42" doraHaiUra="62" who="3" fromWho="3" sc="213,-40,213,-40,207,-40,357,130" owari="173,-2.7,173,-22.7,167,-33.3,487,58.7" /></mjloggm>