<mjloggm ver="2.3"><GO type="225" lobby="0"/><UN n0="%72%61%6B%33" n1="%E3%83%96%E3%83%83%E3%83%91%E3%82%AA%E3%83%96%E3%83%81%E3%82%AD%E3%83%B3" n2="%E3%81%BF%E3%81%BF%E3%81%9A" n3="%E5%B6%BA%E4%B8%8A%E5%92%B2" dan="16,16,18,16" rate="2080.76,2183.48,2256.04,2111.59" sx="M,M,M,F"/><TAIKYOKU oya="0"/><INIT seed="0,0,0,0,5,92" ten="250,250,250,250" oya="0" hai0="111,36,115,54,77,39,19,123,108,135,2,5,22" hai1="90,53,82,84,11,110,78,94,112,47,57,103,80" hai2="132,40,67,68,45,60,109,97,93,127,33,17,14" hai3="63,116,133,55,12,46,72,4,62,29,69,81,37"/><T117/><D115/><U49/><E110/><N who="0" m="42025" /><D117/><U25/><E112/><V30/><F109/><W70/><G116/><T113/><D113/><U88/><E25/><V73/><F73/><W59/><G133/><T42/><D123/><U13/><E82/><V3/><F132/><W98/><G29/><T129/><D135/><U16/><REACH who="1" step="1"/><E47/><REACH who="1" ten="250,240,250,250" step="2"/><V27/><F127/><W65/><G81/><T96/><D129/><U50/><E50/><V10/><F3/><W125/><G125/><T126/><D126/><U1/><E1/><V6/><F45/><W121/><G46/><T99/><D2/><U130/><E130/><V48/><F48/><W106/><G121/><T23/><D36/><U95/><E95/><V58/><F40/><W0/><G0/><T26/><D42/><U107/><E107/><V7/><REACH who="2" step="1"/><F68/><REACH who="2" ten="250,240,240,250" step="2"/><W100/><G69/><T51/><D51/><U105/><E105/><V28/><F28/><W24/><G37/><T21/><D39/><U56/><E56/><V104/><F104/><W124/><G124/><T9/><D26/><U34/><E34/><V122/><F122/><W41/><G41/><T79/><D79/><U114/><E114/><V38/><F38/><W61/><G70/><T118/><D77/><U83/><E83/><V86/><F86/><W87/><G87/><T20/><D118/><U32/><E32/><V76/><F76/><W101/><G106/><T134/><D134/><U75/><E75/><V35/><F35/><W52/><G72/><T119/><D119/><U43/><E43/><V120/><F120/><W128/><G128/><T66/><D5/><RYUUKYOKU ba="0,2" sc="250,-15,240,15,240,15,250,-15" hai1="11,13,16,49,53,57,78,80,84,88,90,94,103" hai2="6,7,10,14,17,27,30,33,58,60,67,93,97" /><INIT seed="1,1,2,2,4,48" ten="235,255,255,235" oya="1" hai0="21,43,93,18,69,56,103,51,41,104,32,46,62" hai1="8,77,79,91,4,55,37,94,130,25,49,20,9" hai2="15,119,59,78,1,106,63,71,2,113,125,14,29" hai3="36,82,120,129,34,123,133,67,84,90,75,57,102"/><U101/><E37/><V52/><F119/><W128/><G36/><T35/><D104/><U61/><E130/><N who="3" m="50282" /><G34/><T85/><D69/><U134/><E134/><V6/><F106/><W65/><G133/><T99/><D85/><U112/><E61/><V109/><F109/><W58/><G102/><T118/><D118/><U0/><E101/><V27/><F125/><W60/><G75/><T80/><D80/><U50/><E50/><V53/><F71/><N who="3" m="42407" /><G67/><T124/><D124/><U44/><E9/><V89/><F78/><W107/><G107/><T39/><D43/><U28/><REACH who="1" step="1"/><E112/><REACH who="1" ten="235,245,255,235" step="2"/><V114/><F113/><W121/><AGARI ba="1,3" hai="57,58,82,84,90,120,121,123" m="42407,50282" machi="121" ten="40,1500,0" yaku="19,1" doraHai="48" who="3" fromWho="3" sc="235,-5,245,-8,255,-5,235,48" /><INIT seed="2,0,0,5,0,17" ten="230,237,250,283" oya="2" hai0="54,109,23,102,1,32,134,61,83,25,34,128,70" hai1="29,88,62,40,44,77,74,126,48,39,117,13,133" hai2="127,75,80,59,45,122,18,129,12,91,57,42,125" hai3="103,101,55,119,113,50,98,116,89,7,97,66,73"/><V120/><F129/><W20/><G73/><T96/><D128/><U68/><E117/><V14/><F91/><W35/><G35/><T65/><D109/><U108/><E108/><V72/><F80/><W19/><G7/><T132/><D1/><U31/><E126/><V60/><F45/><W46/><G113/><T27/><D54/><U99/><E133/><N who="0" m="51305" /><D27/><U3/><E3/><V0/><F0/><W2/><G2/><T86/><D86/><U79/><E39/><V69/><F18/><W107/><G66/><T106/><D83/><U93/><E74/><V9/><F60/><W16/><G89/><T94/><D106/><U43/><E68/><V123/><F69/><W11/><G11/><T41/><D41/><N who="1" m="15947" /><E13/><V90/><F123/><W121/><G121/><T49/><D49/><U114/><E62/><V118/><F42/><W104/><G19/><AGARI ba="0,0" hai="19,23,25,32,34,61,65,70,94,96,102" m="51305" machi="19" ten="30,2000,0" yaku="20,1,52,1" doraHai="17" who="0" fromWho="3" sc="230,20,237,0,250,0,283,-20" /><INIT seed="3,0,0,4,5,110" ten="250,237,250,263" oya="3" hai0="65,113,18,97,39,30,7,57,0,48,37,3,122" hai1="4,6,9,56,8,26,135,125,10,40,132,23,36" hai2="84,58,107,60,128,2,108,103,134,78,15,82,68" hai3="24,87,53,31,69,5,62,72,98,115,17,118,19"/><W81/><G118/><T102/><D122/><U86/><E36/><V79/><F2/><W116/><G116/><T29/><D18/><N who="1" m="12663" /><E40/><V106/><F108/><W77/><G5/><N who="1" m="2154" /><E56/><V105/><F128/><W99/><G72/><T92/><D48/><U42/><E86/><V21/><F134/><N who="1" m="51241" /><E42/><V109/><F109/><W35/><G69/><T121/><D39/><U124/><AGARI ba="0,0" hai="8,9,10,124,125" m="51241,2154,12663" machi="124" ten="40,5200,0" yaku="20,1,34,2" doraHai="110" who="1" fromWho="1" sc="250,-13,237,52,250,-13,263,-26" /><INIT seed="4,0,0,3,1,100" ten="237,289,237,237" oya="0" hai0="1,126,5,9,121,102,80,69,94,66,119,43,109" hai1="104,130,34,112,53,84,97,47,26,107,67,86,49" hai2="65,10,8,12,18,27,92,82,50,23,57,48,56" hai3="118,132,115,128,110,7,46,35,75,4,73,103,106"/><T36/><D119/><U90/><E130/><V22/><F82/><W52/><G110/><T108/><D121/><U124/><E124/><V72/><F72/><W28/><G118/><T122/><D122/><U88/><E112/><V62/><F92/><W37/><G115/><T63/><D126/><U0/><E0/><V117/><F117/><W55/><G128/><T11/><D94/><U83/><E97/><V133/><F133/><W98/><G132/><T24/><D24/><U96/><E96/><V38/><F38/><W2/><G55/><T78/><D11/><N who="2" m="4138" /><F57/><W39/><G2/><T76/><D102/><U6/><E6/><V61/><F62/><W64/><G4/><T131/><D131/><U77/><E67/><V32/><F32/><W29/><G7/><T125/><D125/><U44/><E77/><V134/><F134/><W95/><G95/><T3/><D3/><U99/><E99/><V25/><F12/><W91/><G91/><T30/><D30/><AGARI ba="0,0" hai="18,22,23,25,27,30,48,50,56,61,65" m="4138" machi="30" ten="30,1000,0" yaku="8,1" doraHai="100" who="2" fromWho="0" sc="237,-10,289,0,237,10,237,0" /><INIT seed="5,0,0,3,4,106" ten="227,289,247,237" oya="1" hai0="51,2,25,94,72,57,113,24,96,89,8,13,10" hai1="55,58,93,88,114,54,39,105,128,36,117,4,123" hai2="61,15,9,104,31,79,21,14,20,50,27,71,131" hai3="129,92,101,30,46,65,70,121,120,95,119,98,77"/><U52/><E117/><V53/><F104/><W118/><G30/><T59/><D113/><U130/><E123/><N who="3" m="47178" /><G46/><T135/><D135/><U44/><E114/><V16/><F131/><N who="1" m="50217" /><E105/><V38/><F38/><N who="1" m="14377" /><E4/><V91/><F79/><W3/><G129/><T68/><D68/><U99/><E44/><V81/><F71/><W35/><G3/><T97/><D2/><U125/><E125/><V133/><F61/><AGARI ba="0,0" hai="52,54,55,58,61,88,93,99" m="14377,50217" machi="61" ten="30,5800,0" yaku="19,1,54,2" doraHai="106" who="1" fromWho="2" sc="227,0,289,58,247,-58,237,0" owari="227,-17.3,347,44.7,189,-31.1,237,3.7" /></mjloggm>