<mjloggm ver="2.3"><GO type="225" lobby="0"/><UN n0="%E3%81%8B%E3%82%8F%E3%81%A1%E3%82%83%E3%82%93%35%38" n1="%E6%97%A5%E6%9B%9C%E6%97%A5%E3%82%88%E3%82%8A%E3%81%AE%E4%BD%BF%E8%80%85" n2="%E5%B0%8F%E9%B3%A5%E9%81%8A%E7%B7%B4%E7%84%A1%32%31%E6%AD%B3" n3="%E3%81%BF%E3%81%BF%E3%81%9A" dan="16,17,17,17" rate="2164.75,2188.54,2221.77,2191.39" sx="M,M,F,M"/><TAIKYOKU oya="0"/><INIT seed="0,0,0,0,1,53" ten="250,250,250,250" oya="0" hai0="45,41,125,10,100,115,34,134,81,109,88,51,79" hai1="20,67,127,9,47,131,132,46,49,36,6,82,133" hai2="96,126,63,112,50,86,78,108,120,30,76,16,97" hai3="72,110,58,84,93,104,113,54,5,71,118,24,0"/><T44/><D115/><U130/><E82/><V26/><F112/><W4/><G113/><T111/><D34/><U129/><E20/><N who="2" m="13575" /><F120/><W40/><G118/><T23/><D100/><U62/><E36/><V116/><F108/><N who="0" m="41546" /><D134/><N who="1" m="51819" /><E49/><V60/><F126/><W114/><G71/><T99/><D125/><U33/><E33/><V77/><F30/><W12/><G72/><T85/><D23/><U55/><E55/><V135/><F135/><W80/><G104/><T22/><D22/><U18/><E18/><V98/><F116/><W117/><G117/><T13/><D45/><U25/><E25/><V95/><F86/><W122/><G24/><T11/><D13/><N who="1" m="5303" /><E127/><V92/><F50/><W94/><G114/><T68/><D68/><AGARI ba="0,0" hai="46,47,62,67,68,129,130,131" m="5303,51819" machi="68" ten="40,2600,0" yaku="19,1,20,1" doraHai="53" who="1" fromWho="0" sc="250,-26,250,26,250,0,250,0" /><INIT seed="1,0,0,3,2,85" ten="224,276,250,250" oya="1" hai0="11,125,29,22,122,4,12,61,54,62,58,45,77" hai1="40,28,98,6,82,33,32,50,104,72,118,25,83" hai2="35,46,39,126,52,3,123,31,113,8,95,128,49" hai3="57,13,0,63,94,120,55,67,59,19,79,37,124"/><U69/><E118/><V60/><F123/><W70/><G0/><T101/><D125/><U34/><E6/><V20/><F126/><W81/><G124/><T97/><D122/><U24/><E69/><V65/><F128/><W84/><G120/><T100/><D77/><U17/><E17/><V131/><F131/><W121/><G121/><T102/><D45/><U115/><E115/><V27/><F113/><W1/><G1/><T105/><REACH who="0" step="1"/><D62/><REACH who="0" ten="214,276,250,250" step="2"/><U56/><E72/><V112/><F112/><W71/><G37/><T119/><D119/><U15/><E50/><V74/><F39/><W116/><G116/><T64/><D64/><U134/><E134/><V129/><F129/><W26/><G67/><T43/><D43/><U42/><E40/><V109/><F60/><W9/><G57/><T127/><D127/><U23/><E56/><V117/><F65/><W47/><G47/><T110/><D110/><U51/><E51/><V5/><F109/><W38/><G38/><T16/><D16/><U80/><E42/><V66/><F117/><W10/><G71/><T99/><D99/><U135/><E135/><V7/><F66/><W130/><G70/><T48/><D48/><U78/><E78/><V68/><F68/><W91/><G130/><T96/><D96/><U88/><E98/><V103/><F5/><W93/><G79/><T36/><D36/><U76/><E76/><V132/><F132/><W41/><G41/><T114/><D114/><U92/><E28/><V30/><F31/><W75/><G63/><T106/><D106/><U87/><E104/><V44/><F30/><RYUUKYOKU ba="0,1" sc="214,15,276,15,250,-15,250,-15" hai0="4,11,12,22,29,54,58,61,97,100,101,102,105" hai1="15,23,24,25,32,33,34,80,82,83,87,88,92" /><INIT seed="1,1,1,2,3,75" ten="229,291,235,235" oya="1" hai0="46,95,60,50,36,90,69,92,108,66,1,120,91" hai1="128,64,135,79,49,26,17,73,126,82,55,39,34" hai2="125,18,115,74,70,83,113,25,101,2,132,130,0" hai3="6,31,129,76,54,63,84,102,21,121,43,111,37"/><U123/><E123/><V35/><F130/><W11/><G121/><T57/><D120/><U131/><E39/><V56/><F132/><W85/><G37/><T112/><D112/><N who="2" m="43082" /><F70/><W99/><G43/><T51/><D1/><U59/><E135/><V106/><F56/><N who="3" m="35223" /><G111/><T105/><D105/><U87/><E126/><V67/><F67/><W77/><G129/><N who="1" m="49738" /><E64/><V114/><F18/><W103/><G11/><T12/><D108/><U96/><E96/><N who="2" m="61735" /><F125/><W118/><G6/><T19/><D69/><U45/><E59/><V29/><N who="2" m="43090" /><V30/><DORA hai="110" /><F29/><W32/><G118/><T122/><D122/><U89/><E17/><V5/><F5/><W78/><G32/><T44/><D19/><U13/><E13/><V22/><F22/><W133/><G133/><T107/><D12/><U65/><E65/><V40/><F40/><W23/><G23/><T16/><D16/><U20/><E20/><V109/><F109/><W97/><G97/><T15/><D15/><U80/><E34/><V27/><F25/><AGARI ba="1,1" hai="25,26,45,49,55,73,79,80,82,87,89" m="49738" machi="25" ten="30,2900,0" yaku="19,1,52,1" doraHai="75,110" who="1" fromWho="2" sc="229,0,291,42,235,-32,235,0" /><INIT seed="1,2,0,3,1,79" ten="229,333,203,235" oya="1" hai0="4,12,91,114,50,115,33,9,23,61,84,97,86" hai1="65,58,17,8,41,51,95,0,69,45,96,122,130" hai2="28,102,110,120,99,75,57,82,88,78,62,30,63" hai3="132,26,20,46,103,27,90,104,7,118,44,113,48"/><U92/><E122/><V80/><F120/><W74/><G113/><T64/><D33/><U10/><E130/><V77/><F110/><W128/><G128/><T60/><D115/><U2/><E69/><V111/><F111/><W73/><G132/><T32/><D32/><U55/><E65/><V5/><F5/><W125/><G125/><T105/><D114/><U85/><E0/><V117/><F117/><W18/><G7/><T59/><D105/><U87/><E2/><V39/><F39/><W72/><G118/><T35/><D35/><U25/><E95/><V40/><F40/><W123/><G123/><T43/><D23/><U68/><E68/><V121/><F121/><W124/><G124/><T38/><D38/><U129/><E129/><V36/><F36/><W52/><G90/><T126/><D126/><U98/><E98/><V49/><F49/><W67/><G67/><T83/><D61/><U3/><E3/><V42/><F42/><W11/><G11/><T1/><D1/><U135/><E135/><V70/><F70/><W37/><G37/><T29/><D29/><U16/><E25/><V93/><F102/><W94/><G104/><T106/><D86/><N who="1" m="32779" /><E8/><V24/><F24/><W56/><REACH who="3" step="1"/><G26/><REACH who="3" ten="229,333,203,225" step="2"/><T31/><D106/><U22/><E10/><V19/><F19/><W76/><G76/><N who="0" m="46183" /><D31/><U100/><E17/><V131/><F131/><W71/><G71/><T89/><D97/><AGARI ba="2,1" hai="18,20,27,44,46,48,52,56,72,73,74,94,97,103" machi="97" ten="40,5200,0" yaku="1,1,54,1,53,1" doraHai="79" doraHaiUra="15" who="3" fromWho="0" sc="229,-58,333,0,203,0,225,68" /><INIT seed="2,0,0,1,1,37" ten="171,333,203,293" oya="2" hai0="57,30,127,34,62,19,45,5,81,39,96,15,88" hai1="27,82,133,65,44,7,25,50,84,125,83,21,47" hai2="36,92,98,106,12,53,121,66,129,11,104,54,63" hai3="132,107,130,117,109,32,52,9,101,94,85,61,51"/><V41/><F121/><W73/><G117/><T31/><D127/><U56/><E125/><V119/><F119/><W90/><G32/><T69/><D69/><U87/><E7/><V135/><F135/><W17/><G73/><T111/><D111/><U131/><E131/><V128/><F54/><W75/><G75/><T79/><D5/><U113/><E113/><V67/><F53/><W93/><G109/><T110/><D110/><U13/><E13/><V123/><F123/><W6/><G107/><T89/><D34/><U29/><E27/><V49/><F36/><W118/><G118/><T16/><D39/><U3/><E3/><V4/><F92/><W72/><G72/><T20/><D19/><U116/><E133/><V8/><F8/><W10/><G130/><N who="2" m="50281" /><F98/><N who="3" m="59599" /><G132/><T2/><D45/><U60/><E116/><V80/><F80/><N who="1" m="30761" /><E47/><N who="2" m="25839" /><F67/><W55/><G6/><T59/><D2/><U18/><E29/><N who="0" m="10761" /><D96/><U58/><E58/><AGARI ba="0,0" hai="4,11,12,58,63,66,104,106" m="25839,50281" machi="58" ten="30,2900,0" yaku="19,1,52,1" doraHai="37" who="2" fromWho="1" sc="171,0,333,-29,203,29,293,0" /><INIT seed="2,1,0,4,4,2" ten="171,304,232,293" oya="2" hai0="83,100,126,71,68,36,78,97,59,103,3,51,99" hai1="9,60,113,114,57,107,69,43,122,81,112,27,24" hai2="90,111,102,80,5,127,72,47,70,25,37,75,41" hai3="104,48,46,125,77,85,121,8,11,17,84,35,82"/><V124/><F70/><W15/><G121/><T4/><D36/><U33/><E107/><V117/><F117/><W65/><G125/><N who="2" m="48201" /><F102/><W53/><G104/><T62/><D126/><U93/><E69/><V61/><F61/><W101/><G35/><T20/><D51/><U14/><E122/><V26/><F111/><W133/><G133/><T54/><D20/><U40/><E60/><V106/><F106/><W31/><G101/><T42/><D42/><U66/><E66/><V120/><F120/><W123/><G123/><T129/><D129/><U12/><E114/><V49/><F37/><W23/><G65/><T79/><D99/><U135/><E135/><V118/><F118/><W119/><G119/><T98/><D98/><U10/><E113/><V1/><F90/><W28/><G85/><T50/><D100/><U29/><E112/><V22/><F80/><W45/><G45/><T0/><D79/><U89/><E81/><V87/><F87/><W108/><G108/><T115/><D115/><U7/><E57/><V116/><F116/><W132/><G132/><T86/><D62/><U34/><E89/><V13/><F1/><W96/><G96/><T73/><D0/><U19/><E93/><V38/><F38/><W52/><G53/><T110/><D110/><U58/><E58/><V109/><F109/><W63/><G63/><T105/><REACH who="0" step="1"/><D86/><REACH who="0" ten="161,304,232,293" step="2"/><U91/><E91/><V18/><F26/><W94/><G77/><T21/><D21/><U131/><E131/><V67/><F67/><W130/><G130/><T64/><D64/><U95/><E27/><V134/><F134/><RYUUKYOKU ba="1,1" sc="161,15,304,-15,232,15,293,-15" hai0="3,4,50,54,59,68,71,73,78,83,97,103,105" hai2="5,13,18,22,25,41,47,49,72,75" /><INIT seed="2,2,1,0,0,83" ten="176,289,247,278" oya="2" hai0="54,14,25,30,126,56,39,120,41,37,63,19,42" hai1="44,6,84,96,8,40,29,15,85,13,103,92,7" hai2="134,35,2,90,9,59,93,81,115,52,48,70,51" hai3="71,130,104,112,101,16,17,26,50,74,133,49,65"/><V1/><F115/><W109/><G74/><T32/><D120/><U3/><E29/><V11/><F70/><W58/><G112/><T79/><D126/><U23/><E3/><V10/><F35/><W22/><G109/><T0/><D0/><U31/><E31/><V88/><F134/><W66/><G133/><T128/><D128/><U110/><E110/><V33/><F33/><W82/><G130/><T117/><D117/><U12/><E23/><V43/><F43/><W111/><G111/><T36/><REACH who="0" step="1"/><D79/><REACH who="0" ten="166,289,247,278" step="2"/><U86/><REACH who="1" step="1"/><E8/><AGARI ba="2,2" hai="8,14,19,25,30,32,36,37,39,41,42,54,56,63" machi="8" ten="40,2600,0" yaku="1,1,2,1,53,0" doraHai="83" doraHaiUra="98" who="0" fromWho="1" sc="166,52,289,-32,247,0,278,0" /><INIT seed="3,0,0,0,2,93" ten="218,257,247,278" oya="3" hai0="82,46,72,86,9,22,12,7,54,25,108,53,94" hai1="18,43,85,116,4,110,27,41,75,65,123,133,83" hai2="80,26,1,17,8,117,30,109,91,61,73,37,125" hai3="132,50,107,11,129,89,96,127,10,0,74,130,128"/><W118/><G118/><T33/><D108/><U135/><E123/><V23/><F109/><W16/><G127/><T57/><D33/><U70/><E75/><V2/><F117/><W69/><G132/><N who="1" m="50762" /><E4/><V51/><F37/><W101/><G74/><T67/><D72/><U58/><E70/><V34/><F125/><W29/><G69/><T35/><D35/><U6/><E6/><V3/><F51/><W95/><G0/><T105/><D105/><U39/><E39/><V66/><F91/><W126/><G126/><T97/><D46/><U20/><E110/><V119/><F119/><W79/><G29/><N who="0" m="17591" /><D67/><U124/><E124/><V49/><F49/><W121/><G79/><N who="0" m="46431" /><D57/><U92/><E116/><V81/><F73/><W115/><G115/><T84/><D84/><U88/><E65/><V14/><REACH who="2" step="1"/><F34/><REACH who="2" ten="218,257,237,278" step="2"/><W47/><G121/><T99/><D99/><N who="1" m="57735" /><E58/><AGARI ba="0,1" hai="1,2,3,8,14,17,23,26,30,58,61,66,80,81" machi="58" ten="40,1300,0" yaku="1,1,53,0" doraHai="93" doraHaiUra="28" who="2" fromWho="1" sc="218,0,257,-13,237,23,278,0" /><INIT seed="4,0,0,0,5,2" ten="218,244,260,278" oya="0" hai0="55,6,90,12,117,63,57,102,17,75,121,78,30" hai1="47,23,28,52,26,33,35,89,20,5,29,108,44" hai2="34,103,112,119,50,21,80,37,115,134,133,114,36" hai3="73,0,125,81,40,97,98,45,130,72,27,85,84"/><T113/><D121/><U16/><E108/><V74/><F34/><W22/><G0/><T76/><D117/><U48/><E5/><V31/><F103/><W99/><G125/><T19/><D113/><U25/><E16/><N who="0" m="6217" /><D75/><U59/><REACH who="1" step="1"/><E89/><REACH who="1" ten="218,234,260,278" step="2"/><V131/><F119/><W106/><G27/><T124/><D124/><U41/><E41/><V129/><F31/><W120/><G40/><T24/><D102/><U7/><E7/><V95/><F131/><W96/><G130/><T61/><D90/><U83/><E83/><V32/><F129/><W13/><G81/><T56/><D30/><U4/><E4/><V94/><F80/><W43/><G43/><T86/><D24/><U64/><E64/><V18/><F114/><W118/><G118/><T53/><D86/><U51/><E51/><V82/><F50/><W111/><G84/><T79/><D79/><U1/><E1/><V132/><F82/><W126/><G85/><T91/><D91/><U128/><E128/><V104/><F112/><W9/><G126/><T88/><D88/><U93/><E93/><V70/><F115/><W38/><G72/><T58/><D58/><U87/><E87/><V54/><F74/><W14/><G73/><T15/><D15/><U42/><E42/><V67/><F133/><W77/><G77/><T8/><AGARI ba="0,1" hai="6,8,12,53,55,56,57,61,63,76,78" m="6217" machi="8" ten="30,6000,0" yaku="8,1,52,1,54,1" doraHai="2" who="0" fromWho="0" sc="218,70,234,-20,260,-20,278,-20" /><INIT seed="4,1,0,0,0,112" ten="288,214,240,258" oya="0" hai0="120,56,130,45,128,91,134,8,40,13,94,0,110" hai1="3,25,71,54,59,19,118,70,84,12,44,111,9" hai2="23,20,51,52,123,133,68,104,74,60,16,95,1" hai3="47,28,32,49,100,33,26,48,35,81,114,73,31"/><T129/><D134/><U80/><E111/><V124/><F123/><W30/><G114/><T29/><D120/><U92/><E3/><V93/><F104/><W62/><G100/><T107/><D107/><U125/><E125/><V21/><F74/><W22/><G62/><T63/><D110/><U122/><E122/><V34/><F34/><W88/><G73/><T96/><D29/><U76/><E118/><V90/><F95/><W50/><G47/><T10/><D13/><U39/><E25/><V132/><F1/><W89/><G81/><T79/><D79/><U67/><E67/><V27/><F124/><W75/><G75/><T42/><D0/><U41/><REACH who="1" step="1"/><E92/><REACH who="1" ten="288,204,240,258" step="2"/><V87/><F132/><W18/><AGARI ba="1,1" hai="18,22,26,28,30,31,32,33,35,48,49,50,88,89" machi="18" ten="40,8000,1" yaku="0,1,29,2,54,1" doraHai="112" who="3" fromWho="3" sc="288,-41,204,-21,240,-21,258,93" owari="247,4.7,183,-31.7,219,-18.1,351,45.1" /></mjloggm>