<mjloggm ver="2.3"><GO type="225" lobby="0"/><UN n0="%EF%BC%AE%EF%BC%A1%EF%BC%AF%33%33%39" n1="%E7%9A%AE%E3%80%85" n2="%E3%81%8B%E3%82%8F%E3%81%A1%E3%82%83%E3%82%93%35%38" n3="%E6%81%A5%E6%99%92%E3%81%97" dan="16,16,16,16" rate="2105.15,2159.26,2131.19,2091.01" sx="M,F,M,M"/><TAIKYOKU oya="0"/><INIT seed="0,0,0,1,3,102" ten="250,250,250,250" oya="0" hai0="71,62,98,46,130,65,63,38,6,78,66,70,9" hai1="89,75,67,128,48,57,36,111,30,21,126,64,87" hai2="17,24,74,20,99,101,72,45,52,54,132,68,94" hai3="125,4,55,120,16,2,69,76,82,18,27,97,34"/><T118/><D118/><U108/><E75/><V81/><F132/><W26/><G69/><T124/><D78/><U56/><E36/><V115/><F115/><W41/><G41/><T106/><D130/><U11/><E128/><V15/><F68/><W13/><G125/><T44/><D124/><U88/><E126/><V50/><F81/><W51/><G120/><T96/><D38/><U8/><E21/><V114/><F114/><W90/><G2/><T109/><D109/><U10/><E30/><V49/><REACH who="2" step="1"/><F24/><REACH who="2" ten="250,250,240,250" step="2"/><W61/><G27/><T133/><D133/><U42/><E111/><V129/><F129/><W14/><G26/><T47/><REACH who="0" step="1"/><D106/><REACH who="0" ten="240,250,240,250" step="2"/><U19/><E108/><V110/><F110/><W117/><G117/><T31/><D31/><U119/><E119/><V25/><F25/><W22/><G34/><T113/><D113/><U77/><E77/><V122/><F122/><W83/><G76/><T93/><D93/><U73/><E73/><V58/><AGARI ba="0,2" hai="15,17,20,45,49,50,52,54,58,72,74,94,99,101" machi="58" ten="20,5200,0" yaku="1,1,0,1,7,1,54,1,53,0" doraHai="102" doraHaiUra="59" who="2" fromWho="2" sc="240,-26,250,-13,240,72,250,-13" /><INIT seed="1,0,0,0,0,39" ten="214,237,312,237" oya="1" hai0="118,49,59,61,109,116,50,73,5,86,112,82,67" hai1="81,71,119,24,124,64,9,92,135,1,77,100,128" hai2="43,3,96,19,121,97,115,34,79,17,105,69,87" hai3="16,38,65,15,58,52,101,21,47,95,12,53,41"/><U13/><E119/><V84/><F121/><W85/><G12/><T127/><D73/><U37/><E37/><V111/><F69/><W122/><G122/><T132/><D112/><U134/><E1/><V123/><F34/><W75/><G75/><T110/><D5/><U63/><E124/><V113/><F3/><W8/><G8/><T45/><D86/><U57/><E128/><V36/><F123/><W54/><G65/><T133/><D82/><U68/><E24/><V28/><F28/><W56/><REACH who="3" step="1"/><G85/><REACH who="3" ten="214,237,312,227" step="2"/><T35/><D127/><U23/><E9/><V125/><F84/><W107/><G107/><T22/><D35/><U14/><E14/><V44/><F105/><W117/><G117/><N who="0" m="45163" /><D22/><U90/><E23/><V93/><F125/><W130/><G130/><T0/><D0/><U114/><E13/><V91/><F113/><W7/><G7/><T33/><D33/><U80/><E114/><V66/><F115/><W26/><G26/><T31/><D31/><U108/><E64/><V131/><F66/><W78/><G78/><T62/><D67/><U6/><E6/><V30/><F131/><W51/><G51/><T20/><D20/><U25/><E25/><V104/><F30/><W4/><G4/><T27/><D27/><U48/><E77/><V74/><F74/><W120/><G120/><T55/><D50/><U70/><E48/><V129/><F79/><W94/><G94/><T103/><D62/><U40/><E63/><V10/><F129/><W89/><G89/><T46/><D103/><U32/><E90/><N who="2" m="53471" /><F104/><W60/><G60/><T83/><D61/><RYUUKYOKU ba="0,1" sc="214,-10,237,-10,312,-10,227,30" hai3="15,16,21,38,41,47,52,53,54,56,58,95,101" /><INIT seed="2,1,1,2,2,20" ten="204,227,302,257" oya="2" hai0="24,3,4,120,41,47,53,79,6,98,97,30,134" hai1="93,18,54,118,124,128,96,61,55,32,68,48,52" hai2="22,108,129,126,105,62,92,90,44,107,19,112,106" hai3="49,89,66,7,70,73,8,65,80,58,10,111,122"/><V135/><F112/><W103/><G122/><T64/><D120/><U12/><E118/><V43/><F129/><W51/><G111/><T23/><D64/><U102/><E128/><V123/><F123/><W94/><G70/><T28/><D134/><U131/><E131/><V114/><F114/><W127/><G127/><T1/><D53/><U78/><E32/><V27/><F135/><W115/><G115/><T83/><D30/><U75/><E124/><V15/><F126/><W91/><G103/><T77/><D3/><U45/><E78/><V40/><F108/><W46/><G73/><T113/><D113/><U81/><E81/><V85/><F62/><W74/><G74/><T76/><D83/><U17/><E75/><V100/><F100/><W132/><G80/><T42/><D1/><U121/><E121/><V63/><F63/><W35/><G35/><T34/><D34/><U26/><E68/><V86/><F86/><W25/><G132/><T119/><D119/><U67/><E67/><V109/><F109/><W84/><G91/><T104/><D104/><U117/><E117/><V82/><F82/><W95/><G95/><T31/><D31/><U116/><E116/><V130/><F130/><W88/><G89/><T37/><REACH who="0" step="1"/><D42/><REACH who="0" ten="194,227,302,257" step="2"/><U69/><E69/><V2/><F2/><W16/><G66/><T101/><D101/><U50/><E61/><V133/><F133/><W21/><G65/><T29/><D29/><U125/><E125/><V33/><F43/><N who="3" m="24799" /><G7/><AGARI ba="1,2" hai="4,6,7,23,24,28,37,41,47,76,77,79,97,98" machi="7" ten="40,2600,0" yaku="1,1,52,1,53,0" doraHai="20" doraHaiUra="13" who="0" fromWho="3" sc="194,49,227,0,302,0,257,-29" /><INIT seed="3,0,0,3,2,29" ten="243,227,302,228" oya="3" hai0="64,99,94,77,2,132,49,67,95,62,107,23,74" hai1="31,128,22,43,96,6,9,16,76,100,115,104,57" hai2="50,36,38,129,42,122,60,75,72,105,85,82,134" hai3="97,56,27,4,11,0,28,123,40,120,93,65,19"/><W51/><G19/><T18/><D2/><U130/><E115/><V12/><F105/><W33/><G40/><T58/><D132/><U32/><E76/><V70/><F50/><W69/><G69/><T48/><D107/><U20/><E43/><V121/><F134/><W81/><G81/><T133/><D133/><U71/><E71/><V80/><F129/><N who="1" m="49769" /><E57/><V89/><F12/><W88/><REACH who="3" step="1"/><G51/><REACH who="3" ten="243,227,302,218" step="2"/><T30/><D49/><U102/><E102/><V87/><F42/><W24/><G24/><T66/><D48/><U118/><E118/><V112/><F112/><W37/><G37/><T63/><D18/><U34/><E31/><V125/><F36/><W84/><G84/><T86/><D86/><U15/><E22/><V3/><F38/><W101/><G101/><T17/><D30/><U8/><E8/><V116/><F116/><W5/><G5/><T109/><D23/><U55/><E55/><V47/><F85/><W35/><G35/><T106/><D17/><U117/><E117/><V61/><F70/><W46/><G46/><T59/><D66/><U25/><AGARI ba="0,1" hai="6,9,15,16,20,25,32,34,96,100,104" m="49769" machi="25" ten="30,7900,0" yaku="19,1,52,2,54,1" doraHai="29" who="1" fromWho="1" sc="243,-20,227,89,302,-20,218,-39" owari="223,-17.7,316,41.6,282,8.2,179,-32.1" /></mjloggm>