<mjloggm ver="2.3"><GO type="225" lobby="0"/><UN n0="%E3%83%96%E3%83%83%E3%83%91%E3%82%AA%E3%83%96%E3%83%81%E3%82%AD%E3%83%B3" n1="%E3%83%94%E3%83%B3%E3%82%B5%E3%83%AD%E5%BA%97%E5%93%A1" n2="%E9%B7%B9%E5%80%89%E6%9D%8F%E9%88%B4" n3="%41%6F%54" dan="16,17,16,16" rate="2125.46,2177.62,2133.39,2100.85" sx="M,M,F,M"/><TAIKYOKU oya="0"/><INIT seed="0,0,0,2,0,50" ten="250,250,250,250" oya="0" hai0="6,134,123,14,78,46,115,106,112,70,4,2,53" hai1="20,81,25,18,39,65,63,35,77,98,72,9,67" hai2="84,17,114,124,97,102,88,37,122,43,68,80,79" hai3="60,21,32,41,57,8,38,100,19,89,40,45,99"/><T27/><D123/><U110/><E39/><V111/><F122/><W71/><G32/><T76/><D106/><U131/><E110/><V125/><F114/><W52/><G41/><T13/><D70/><U49/><E131/><V108/><F68/><W26/><G71/><T12/><D2/><U15/><E35/><V109/><F17/><W90/><REACH who="3" step="1"/><G8/><REACH who="3" ten="250,250,250,240" step="2"/><T129/><D115/><U132/><E132/><V24/><F24/><W16/><G16/><T92/><D112/><U48/><E25/><V126/><F43/><W135/><G135/><T56/><D134/><U104/><E9/><V64/><F37/><W62/><G62/><N who="0" m="36111" /><D27/><U51/><REACH who="1" step="1"/><E63/><REACH who="1" ten="250,240,250,240" step="2"/><V133/><F133/><W5/><G5/><T10/><D4/><U121/><E121/><V0/><F0/><W28/><G28/><T96/><D10/><U66/><E66/><V61/><F64/><W83/><G83/><T82/><D6/><U85/><E85/><V128/><F61/><W93/><AGARI ba="0,2" hai="19,21,26,38,40,45,52,57,60,89,90,93,99,100" machi="93" ten="20,8000,1" yaku="1,1,0,1,7,1,52,1,54,1,53,0" doraHai="50" doraHaiUra="117" who="3" fromWho="3" sc="250,-40,240,-20,250,-20,240,100" /><INIT seed="1,0,0,3,2,89" ten="210,220,230,340" oya="1" hai0="79,59,43,4,18,127,128,96,104,56,135,31,66" hai1="21,34,40,125,71,51,14,102,2,120,23,24,68" hai2="7,99,39,47,33,12,84,8,126,48,85,83,105" hai3="94,61,118,25,30,103,15,108,87,111,13,44,86"/><U101/><E120/><V38/><F33/><W52/><G118/><T97/><D127/><U65/><E2/><V91/><F126/><W115/><G115/><T110/><D110/><N who="3" m="42025" /><G86/><T35/><D128/><U77/><E125/><V1/><F1/><W19/><G19/><T81/><D135/><U109/><E109/><V20/><F20/><W57/><G44/><T0/><D104/><U114/><E114/><V55/><F105/><W133/><G133/><T90/><D43/><U6/><E34/><V10/><F10/><W130/><G130/><T41/><D41/><U131/><E77/><V27/><F27/><W42/><G42/><T124/><D124/><U117/><E117/><V100/><F100/><W58/><G58/><T11/><D59/><U9/><E23/><V3/><F3/><W50/><G61/><T98/><D18/><U26/><E26/><V32/><F32/><N who="3" m="20559" /><G87/><T16/><D16/><U75/><E75/><V5/><F5/><W80/><G80/><T17/><D17/><N who="1" m="12335" /><E71/><V45/><F45/><W49/><G49/><T106/><D31/><U67/><E68/><V119/><F119/><W93/><G103/><N who="1" m="39434" /><E131/><V72/><F39/><W88/><G88/><T122/><D35/><U63/><E63/><V76/><F38/><W112/><G112/><T22/><D22/><U113/><E113/><V70/><F70/><W46/><G57/><T123/><D106/><U54/><E40/><V74/><F74/><W116/><G116/><T53/><D123/><U73/><E73/><V92/><AGARI ba="0,0" hai="7,8,12,47,48,55,72,76,83,84,85,91,92,99" machi="92" ten="30,2000,0" yaku="0,1,52,1" doraHai="89" who="2" fromWho="2" sc="210,-5,220,-10,230,20,340,-5" /><INIT seed="2,0,0,2,3,53" ten="205,210,250,335" oya="2" hai0="90,127,35,5,51,95,69,70,42,105,31,135,45" hai1="44,72,20,126,78,4,116,6,82,12,131,46,39" hai2="93,27,103,63,124,26,101,59,37,130,111,92,34" hai3="123,118,80,76,52,71,75,7,58,33,114,17,67"/><V43/><F124/><W2/><G118/><T13/><D127/><U134/><E116/><V129/><F43/><W9/><G123/><T10/><D105/><U60/><E126/><V133/><F37/><W64/><G71/><T3/><D135/><U84/><E134/><V14/><F133/><W121/><G121/><T113/><D113/><U125/><E125/><V41/><F41/><W117/><G117/><T96/><D35/><U66/><E131/><N who="2" m="50187" /><F14/><W32/><G114/><T85/><D31/><U56/><E72/><V55/><F111/><W106/><G106/><T87/><REACH who="0" step="1"/><D3/><REACH who="0" ten="195,210,250,335" step="2"/><U61/><E39/><V40/><F34/><W29/><G33/><T48/><D48/><U86/><E61/><V119/><F119/><W0/><G0/><T8/><D8/><N who="1" m="4103" /><E20/><V97/><F40/><W132/><G132/><T30/><D30/><U122/><E122/><V25/><F103/><W57/><G29/><T108/><D108/><U73/><E73/><V62/><F62/><W83/><G32/><T109/><D109/><U107/><E107/><AGARI ba="0,1" hai="25,26,27,55,59,63,92,93,97,101,107" m="50187" machi="107" ten="30,2900,0" yaku="19,1,52,1" doraHai="53" who="2" fromWho="1" sc="195,0,210,-29,250,39,335,0" /><INIT seed="2,1,0,3,0,38" ten="195,181,289,335" oya="2" hai0="105,108,33,66,62,124,45,64,115,41,27,92,16" hai1="68,104,52,99,126,18,116,56,85,120,67,106,119" hai2="123,31,11,59,60,10,103,19,47,9,4,44,50" hai3="130,102,117,7,96,1,109,88,112,97,95,75,133"/><V53/><F123/><W34/><G34/><T5/><D115/><U15/><E120/><V3/><F31/><W63/><G117/><T6/><D105/><U72/><E72/><V0/><F103/><W26/><G112/><T8/><D108/><U71/><E126/><V80/><F80/><W17/><G109/><T78/><D124/><U128/><E128/><V127/><F127/><W21/><G75/><T121/><D121/><U14/><E85/><V76/><F76/><W55/><G130/><T77/><D33/><U39/><E39/><V49/><F19/><W113/><G113/><T122/><D122/><U46/><E46/><V28/><F28/><W98/><G133/><T79/><D92/><U111/><E111/><V65/><REACH who="2" step="1"/><F0/><REACH who="2" ten="195,181,279,335" step="2"/><W13/><G1/><T25/><D16/><U82/><E82/><V107/><F107/><W84/><G102/><T29/><D29/><U89/><E18/><V132/><F132/><W129/><G129/><T43/><D78/><U40/><E106/><V22/><F22/><W51/><G17/><T134/><D134/><U30/><E30/><V69/><F69/><W54/><G21/><T12/><D12/><N who="1" m="4651" /><E71/><V110/><F110/><W118/><G13/><T81/><D81/><U2/><E2/><V73/><F73/><W90/><G26/><T114/><D114/><U87/><E104/><V83/><F83/><W94/><G94/><T131/><D131/><U61/><E119/><V70/><F70/><W58/><G118/><T57/><D27/><U100/><E68/><V24/><F24/><W48/><G95/><T20/><D25/><RYUUKYOKU ba="1,1" sc="195,-10,181,-10,279,30,335,-10" hai2="3,4,9,10,11,44,47,49,50,53,59,60,65" /><INIT seed="2,2,1,0,3,69" ten="185,171,309,325" oya="2" hai0="27,118,70,8,124,51,123,48,121,59,97,122,99" hai1="105,72,108,89,84,75,107,9,94,134,100,36,61" hai2="88,15,21,52,102,93,60,24,22,119,16,77,131" hai3="0,103,7,130,82,44,87,125,113,47,57,49,67"/><V115/><F115/><W1/><G113/><T64/><D124/><U78/><E61/><V71/><F119/><W10/><G125/><T26/><D118/><U32/><E32/><V90/><F131/><W18/><G130/><T41/><D70/><U25/><E25/><N who="0" m="9225" /><D122/><U58/><E58/><N who="2" m="34887" /><F71/><W126/><G126/><T109/><D109/><U91/><E9/><V81/><F77/><W29/><G29/><T37/><D37/><U104/><E36/><V79/><F79/><W5/><G103/><T96/><D123/><U53/><E53/><V132/><F81/><W54/><G0/><T98/><D121/><U56/><E56/><V63/><F63/><N who="3" m="38383" /><G1/><T133/><D133/><U110/><E134/><V31/><F132/><W135/><G135/><T50/><D64/><U11/><E11/><V28/><F31/><W95/><G95/><T106/><D106/><N who="1" m="41067" /><E91/><V34/><F34/><W6/><G47/><N who="0" m="25711" /><D59/><U114/><E114/><V117/><F117/><W20/><G10/><T46/><D46/><U120/><E120/><V86/><F90/><N who="3" m="51575" /><G5/><T35/><D35/><U85/><E75/><V74/><F74/><W14/><AGARI ba="2,1" hai="6,7,14,18,20,44,49,54" m="51575,38383" machi="14" ten="30,1100,0" yaku="8,1" doraHai="69" who="3" fromWho="3" sc="185,-5,171,-5,309,-7,325,27" /><INIT seed="3,0,0,1,4,74" ten="180,166,302,352" oya="3" hai0="105,24,85,90,108,27,43,114,77,10,50,81,69" hai1="44,126,76,30,0,29,1,88,128,15,78,61,26" hai2="23,18,7,129,120,11,83,125,87,92,91,121,95" hai3="100,41,82,62,25,2,38,124,55,33,47,67,96"/><W98/><G2/><T53/><D69/><U65/><E128/><V19/><F19/><W52/><G124/><T109/><D105/><U14/><E44/><V66/><F66/><W75/><G82/><T12/><D114/><U28/><E26/><N who="2" m="14711" /><F129/><W46/><G75/><T118/><D43/><U112/><E112/><V110/><F125/><W32/><G47/><N who="0" m="27871" /><D118/><U133/><E126/><V20/><F20/><W16/><G98/><T6/><D90/><U22/><E133/><V17/><F17/><W89/><G89/><T63/><D63/><U132/><E132/><V115/><F110/><AGARI ba="0,0" hai="6,10,12,24,27,77,81,85,108,109,110" m="27871" machi="110" ten="30,2000,0" yaku="14,1,52,1" doraHai="74" who="0" fromWho="2" sc="180,20,166,0,302,-20,352,0" owari="200,-20.0,166,-33.4,282,8.2,352,45.2" /></mjloggm>