<mjloggm ver="2.3"><GO type="225" lobby="0"/><UN n0="%E3%82%BC%E3%83%AB%E3%83%80%E3%81%AE%E4%BC%9D%E8%AA%AC" n1="%E6%9C%88%E5%B3%B6%E5%9F%BA" n2="%E3%83%B4%E3%83%A0%EF%BC%99%E3%81%A6" n3="%4D%2E%61%72%74%65%74%61" dan="17,17,17,16" rate="2095.55,2188.86,2147.56,2188.08" sx="M,M,M,M"/><TAIKYOKU oya="0"/><INIT seed="0,0,0,1,4,94" ten="250,250,250,250" oya="0" hai0="39,2,76,100,16,24,57,120,32,12,133,109,4" hai1="59,53,127,103,87,96,115,124,54,6,108,40,118" hai2="29,52,62,17,31,78,111,98,46,110,0,126,65" hai3="112,90,45,27,107,36,25,19,51,71,121,97,72"/><T64/><D120/><U122/><E122/><V61/><F0/><W74/><G121/><T95/><D39/><U15/><E118/><V60/><F78/><W44/><G71/><T86/><D133/><U80/><E108/><N who="2" m="41515" /><F126/><N who="1" m="48169" /><E115/><V93/><F17/><W114/><G36/><T38/><D38/><U89/><E53/><V77/><F77/><W82/><G82/><T131/><D109/><U128/><E40/><V42/><F42/><W85/><G19/><T50/><D131/><U1/><E15/><V67/><F46/><W10/><G10/><T70/><D70/><U48/><E128/><V22/><F52/><W105/><G51/><T116/><D116/><U73/><E73/><V55/><F55/><W26/><G74/><T134/><D134/><U104/><E1/><V49/><F49/><W135/><G72/><T99/><D2/><U79/><E79/><V5/><F5/><AGARI ba="0,0" hai="5,6,48,54,59,80,87,89,96,103,104" m="48169" machi="5" ten="30,2000,0" yaku="18,1,52,1" doraHai="94" who="1" fromWho="2" sc="250,0,250,20,250,-20,250,0" /><INIT seed="1,0,0,1,0,97" ten="250,270,230,250" oya="1" hai0="36,42,112,76,80,32,57,24,69,58,43,116,79" hai1="78,5,30,61,65,10,11,119,94,107,91,54,121" hai2="89,118,29,66,8,35,37,60,125,23,100,50,124" hai3="134,63,34,86,113,95,120,33,41,27,39,117,12"/><U98/><E119/><V55/><F118/><W13/><G117/><T115/><D116/><RYUUKYOKU type="kaze4" ba="0,0" sc="250,0,270,0,230,0,250,0" /><INIT seed="1,1,0,1,5,133" ten="250,270,230,250" oya="1" hai0="95,18,114,37,84,77,100,112,8,135,52,85,121" hai1="22,17,31,20,47,4,35,12,73,58,88,113,78" hai2="16,26,54,108,27,9,68,43,74,96,28,119,32" hai3="41,120,29,110,130,75,34,14,106,13,89,117,30"/><U61/><E113/><V39/><F119/><W82/><G106/><T115/><D37/><U44/><E35/><V125/><F74/><W23/><G41/><T38/><D38/><U99/><E4/><V90/><F108/><W65/><G65/><T71/><D71/><U59/><E78/><V101/><F68/><W76/><G120/><T49/><D135/><U80/><E73/><V67/><F67/><W92/><G34/><T87/><D121/><U25/><E59/><V86/><F54/><W129/><G110/><T21/><D8/><U116/><E116/><V48/><F48/><W51/><G51/><T3/><D3/><U6/><E6/><V107/><F39/><W111/><G111/><T124/><D124/><U128/><E128/><N who="3" m="49258" /><G117/><T64/><D64/><N who="1" m="38967" /><E99/><V127/><F43/><W10/><G23/><T62/><D62/><U0/><E0/><V70/><F70/><W97/><G14/><T72/><D72/><U15/><E12/><V81/><REACH who="2" step="1"/><F9/><REACH who="2" ten="250,270,220,250" step="2"/><W7/><AGARI ba="1,1" hai="7,10,13,29,30,75,76,82,89,92,97" m="49258" machi="7" ten="30,1100,0" yaku="19,1" doraHai="133" who="3" fromWho="3" sc="250,-4,270,-6,220,-4,250,24" /><INIT seed="2,0,0,3,4,125" ten="246,264,216,274" oya="2" hai0="67,133,81,111,10,95,126,83,35,72,31,45,106" hai1="120,5,54,22,78,7,13,26,94,113,15,62,86" hai2="6,108,123,128,52,84,118,76,99,43,58,40,107" hai3="24,92,80,88,85,48,38,8,12,60,124,100,96"/><V121/><F118/><W119/><G124/><T75/><D126/><U32/><E32/><V132/><F132/><W109/><G119/><T28/><D106/><U110/><E113/><V34/><F34/><W65/><G109/><T56/><D35/><U105/><E105/><V30/><F30/><W16/><G38/><T59/><D95/><U19/><E110/><V47/><F108/><W102/><G48/><T2/><D111/><U69/><E120/><V87/><F6/><N who="1" m="2057" /><E69/><V103/><F40/><W71/><REACH who="3" step="1"/><G24/><REACH who="3" ten="246,264,216,264" step="2"/><T101/><D133/><U23/><E26/><V131/><F121/><W42/><G42/><T63/><D63/><U50/><E62/><N who="2" m="36167" /><F123/><W114/><G114/><T93/><D75/><U73/><E73/><V25/><F25/><W17/><G17/><T135/><D72/><U27/><E27/><V66/><F66/><W11/><G11/><T36/><D10/><U3/><E50/><N who="2" m="27007" /><F76/><AGARI ba="0,1" hai="8,12,16,60,65,71,76,80,85,88,92,96,100,102" machi="76" ten="30,7700,0" yaku="1,1,7,1,54,2,53,0" doraHai="125" doraHaiUra="70" who="3" fromWho="2" sc="246,0,264,0,216,-77,264,87" /><INIT seed="3,0,0,0,1,118" ten="246,264,139,351" oya="3" hai0="64,111,125,49,122,124,63,121,67,76,83,110,48" hai1="29,2,18,91,53,109,70,101,34,127,96,24,119" hai2="113,22,13,56,107,130,120,95,84,114,102,3,7" hai3="5,128,42,59,62,134,116,89,99,0,94,12,104"/><W31/><G0/><T9/><D9/><U30/><E119/><V20/><F130/><W88/><G116/><T129/><D83/><U78/><E2/><V135/><F135/><W86/><G134/><T79/><REACH who="0" step="1"/><D63/><REACH who="0" ten="236,264,139,351" step="2"/><U115/><E109/><V52/><F107/><W80/><G62/><T26/><D26/><U126/><E115/><V66/><F66/><W123/><G104/><T61/><D61/><U38/><E70/><V16/><F120/><W33/><G80/><T131/><AGARI ba="0,1" hai="48,49,64,67,76,79,110,111,121,122,124,125,129,131" machi="131" ten="25,12000,2" yaku="1,1,0,1,22,2,52,2,53,0" doraHai="118" doraHaiUra="65" who="0" fromWho="0" sc="236,130,264,-30,139,-30,351,-60" owari="366,46.6,234,-16.6,109,-39.1,291,9.1" /></mjloggm>