<mjloggm ver="2.3"><GO type="225" lobby="0"/><UN n0="%E3%83%96%E3%83%83%E3%83%91%E3%82%AA%E3%83%96%E3%83%81%E3%82%AD%E3%83%B3" n1="%E3%82%A4%E3%82%AD%E3%83%AA" n2="%E5%8F%AF%E5%85%90%E9%82%A3%E7%94%B1%E5%A4%9A" n3="%E3%82%BC%E3%83%AB%E3%83%80%E3%81%AE%E4%BC%9D%E8%AA%AC" dan="17,16,16,17" rate="2203.26,2062.18,2082.81,2127.15" sx="M,M,F,M"/><TAIKYOKU oya="0"/><INIT seed="0,0,0,2,0,117" ten="250,250,250,250" oya="0" hai0="73,38,96,98,49,58,107,21,17,0,7,15,1" hai1="24,76,16,69,70,109,133,45,5,77,121,27,92" hai2="35,78,22,59,108,44,47,113,125,10,94,51,102" hai3="9,88,42,123,129,2,41,74,118,126,39,80,131"/><T89/><D73/><U119/><E119/><V3/><F113/><W84/><G118/><T19/><D38/><U26/><E109/><V14/><F35/><W71/><G71/><T101/><D7/><U67/><E133/><V99/><F108/><W72/><G126/><T111/><D111/><U57/><E121/><V46/><F125/><W82/><G123/><T66/><D98/><U130/><E5/><V23/><F3/><W91/><G9/><T95/><D107/><U135/><E130/><N who="3" m="49674" /><G2/><T33/><D33/><U30/><E30/><V124/><F124/><W12/><G12/><T64/><D101/><U60/><E135/><V122/><F78/><N who="3" m="44103" /><G74/><T6/><D6/><U83/><E77/><V48/><F122/><W104/><G104/><T54/><D1/><U79/><E76/><V43/><F59/><W28/><G28/><T120/><D0/><U40/><E92/><V97/><F97/><W116/><G116/><T134/><D134/><U25/><E83/><V132/><F132/><W8/><G8/><N who="0" m="6375" /><D120/><U31/><E79/><V90/><F102/><W34/><G34/><T32/><D32/><U85/><E85/><V50/><REACH who="2" step="1"/><F43/><REACH who="2" ten="250,250,240,250" step="2"/><W115/><G115/><T37/><D37/><N who="1" m="21647" /><E31/><V52/><F52/><W103/><G103/><T62/><D62/><U86/><E70/><V53/><F53/><W63/><G63/><T81/><D81/><U56/><E69/><V68/><F68/><W61/><G61/><T110/><D110/><U100/><E100/><V20/><F20/><W114/><G114/><T93/><D93/><U65/><E57/><V105/><F105/><RYUUKYOKU ba="0,1" sc="250,15,250,-15,240,15,250,-15" hai0="19,21,49,54,58,64,66,89,95,96" hai2="10,14,22,23,44,46,47,48,50,51,90,94,99" /><INIT seed="0,1,1,0,3,12" ten="265,235,255,235" oya="0" hai0="76,103,48,53,101,94,68,84,62,28,126,4,78" hai1="30,116,46,125,69,64,120,87,134,27,81,38,100" hai2="61,75,39,41,29,97,82,54,22,119,20,83,115" hai3="91,130,112,114,52,66,129,106,123,55,42,92,73"/><T88/><D126/><U77/><E116/><V17/><F115/><N who="3" m="44075" /><G106/><T49/><D4/><U33/><E125/><V63/><F119/><W60/><G73/><T105/><D105/><U3/><E3/><V80/><F75/><W7/><G7/><T95/><D28/><U113/><E113/><V107/><F39/><W71/><G92/><T15/><D15/><U8/><E100/><N who="0" m="38473" /><D68/><U118/><E118/><V104/><F41/><W16/><G91/><N who="0" m="53607" /><D62/><U9/><E69/><V59/><F97/><W51/><G123/><T11/><D11/><U23/><E120/><V6/><F6/><W34/><G34/><T13/><D13/><U35/><E35/><V67/><F29/><W127/><G127/><T98/><D49/><U25/><E134/><V1/><F1/><W133/><G16/><T99/><D99/><U10/><E33/><V89/><F89/><W18/><G18/><T122/><D122/><U47/><E30/><V32/><F32/><W111/><G133/><T124/><D124/><U50/><E10/><V26/><REACH who="2" step="1"/><F22/><REACH who="2" ten="265,235,245,235" step="2"/><W109/><G130/><T31/><D31/><U19/><E23/><V56/><AGARI ba="1,2" hai="17,20,26,54,56,59,61,63,67,80,82,83,104,107" machi="56" ten="30,7900,0" yaku="1,1,2,1,0,1,52,1,53,0" doraHai="12" doraHaiUra="72" who="2" fromWho="2" sc="265,-40,235,-21,245,102,235,-21" /><INIT seed="1,0,0,4,4,52" ten="225,214,347,214" oya="1" hai0="7,49,122,78,98,25,110,14,37,41,5,111,56" hai1="9,22,118,43,124,115,35,76,42,104,34,90,105" hai2="10,31,135,133,12,1,103,88,129,127,83,87,114" hai3="75,101,119,128,69,47,64,54,40,50,2,96,99"/><U13/><E118/><V109/><F1/><W80/><G119/><T26/><D122/><U70/><E115/><V120/><F120/><W33/><G33/><T117/><D117/><U16/><E70/><V72/><F114/><W116/><G116/><T85/><D37/><U81/><E35/><V97/><F109/><N who="0" m="41482" /><D98/><U3/><E34/><V38/><F129/><W59/><G2/><T73/><D73/><U93/><E124/><V66/><F127/><W79/><G128/><T65/><D41/><U24/><E3/><V91/><F38/><N who="3" m="21911" /><G101/><T82/><D49/><U32/><E32/><V15/><F72/><W130/><G130/><T131/><D131/><U8/><E8/><V68/><F31/><W112/><G112/><T30/><D30/><U60/><E60/><AGARI ba="0,0" hai="50,54,59,60,64,69,75,79,80,96,99" m="21911" machi="60" ten="30,2000,0" yaku="24,1,52,1" doraHai="52" who="3" fromWho="1" sc="225,0,214,-20,347,0,214,20" /><INIT seed="2,0,0,5,4,57" ten="225,194,347,234" oya="2" hai0="26,8,81,70,43,0,107,58,115,14,5,39,134" hai1="99,65,1,55,110,124,68,104,54,117,113,94,83" hai2="34,97,89,21,84,129,121,114,23,46,47,50,19" hai3="67,15,88,63,130,61,85,102,75,20,11,127,32"/><V126/><F114/><W93/><G32/><T13/><D115/><U118/><E113/><V64/><F121/><W60/><G75/><T51/><D70/><U105/><E1/><V125/><F34/><W56/><G127/><N who="2" m="48649" /><F129/><W116/><G116/><T3/><D107/><U69/><E124/><V31/><F97/><N who="3" m="59695" /><G20/><T66/><D26/><U78/><E110/><V101/><F101/><W7/><G130/><T59/><D134/><U40/><E40/><V45/><F64/><W36/><G36/><T33/><D33/><U123/><E123/><V122/><F122/><W87/><G87/><T80/><D3/><U91/><E105/><V41/><F31/><W96/><G96/><T24/><D39/><U82/><E104/><V53/><F41/><W29/><G29/><T90/><D24/><U131/><E131/><V86/><F23/><W27/><G27/><T76/><D0/><U49/><E69/><V79/><F79/><W22/><G22/><T18/><D76/><U112/><E112/><V71/><F71/><W30/><G30/><T35/><D35/><U12/><E12/><N who="2" m="9447" /><F86/><W44/><G44/><T108/><D14/><U109/><E68/><V10/><F10/><W100/><G100/><T135/><D13/><U28/><E28/><V128/><F128/><W77/><G77/><T9/><D9/><U132/><E78/><V72/><F72/><W42/><G42/><T17/><D8/><U73/><E118/><V25/><F25/><W98/><G98/><T74/><D74/><U16/><E73/><V119/><F119/><W6/><G6/><T103/><D43/><RYUUKYOKU ba="0,0" sc="225,-15,194,-15,347,15,234,15" hai2="45,46,47,50,53,84,89" hai3="7,11,15,56,60,61,63,67,85,88" /><INIT seed="2,1,0,4,4,63" ten="210,179,362,249" oya="2" hai0="112,128,34,101,114,5,102,65,127,22,99,23,97" hai1="18,42,50,16,121,36,57,2,24,6,27,45,91" hai2="106,33,85,83,8,73,58,28,13,67,107,89,94" hai3="116,7,103,95,21,100,75,60,88,56,11,108,44"/><V68/><F68/><W115/><G116/><T119/><D34/><U51/><E121/><V25/><F73/><W135/><G75/><T117/><D5/><U32/><E36/><V70/><F70/><W84/><G108/><T17/><D127/><U1/><E6/><V4/><REACH who="2" step="1"/><F83/><REACH who="2" ten="210,179,352,249" step="2"/><W132/><G132/><T66/><REACH who="0" step="1"/><D17/><REACH who="0" ten="200,179,352,249" step="2"/><U93/><E16/><V96/><F96/><W10/><G135/><T20/><D20/><U130/><E18/><V79/><F79/><W131/><G21/><T126/><D126/><U46/><E32/><V0/><F0/><W124/><G124/><T69/><D69/><U129/><E2/><V15/><F15/><W53/><G7/><T81/><D81/><U9/><E1/><V26/><F26/><W55/><G10/><T47/><D47/><U125/><E9/><V113/><F113/><W30/><G115/><T122/><D122/><U37/><E125/><V62/><AGARI ba="1,2" hai="4,8,13,25,28,33,58,62,67,85,89,94,106,107" machi="62" ten="30,6000,0" yaku="1,1,0,1,52,1,53,0" doraHai="63" doraHaiUra="40" who="2" fromWho="2" sc="200,-21,179,-21,352,83,249,-21" /><INIT seed="2,2,0,3,1,30" ten="179,158,435,228" oya="2" hai0="35,77,32,135,124,94,122,46,12,127,43,76,45" hai1="114,7,128,41,68,57,53,91,23,17,108,125,1" hai2="79,102,132,131,80,28,87,89,72,121,37,111,59" hai3="60,61,106,86,24,29,18,99,16,48,104,65,98"/><V49/><F37/><W84/><G48/><T92/><D122/><U88/><E114/><V51/><F121/><W13/><G13/><T63/><D12/><U75/><E68/><V118/><F118/><W34/><G24/><T101/><D63/><U119/><E119/><V14/><F131/><W55/><G29/><T109/><D109/><U62/><E75/><V69/><F69/><W126/><G55/><T67/><D135/><U8/><E108/><V107/><F111/><W56/><G56/><T110/><D110/><U31/><E128/><V74/><F132/><W90/><G90/><T117/><D117/><U36/><E31/><V123/><F123/><W52/><G52/><T73/><D73/><U25/><REACH who="1" step="1"/><E125/><REACH who="1" ten="179,148,435,228" step="2"/><V33/><F74/><W6/><G126/><T95/><D127/><U2/><E2/><V20/><F28/><W42/><G106/><T85/><D124/><U134/><E134/><V27/><F72/><W83/><G104/><T40/><D101/><U81/><E81/><V3/><F80/><W82/><G82/><T44/><D67/><U71/><E71/><V38/><F107/><W113/><G83/><T93/><N who="0" m="23552" /><DORA hai="64" /><T78/><REACH who="0" step="1"/><D85/><REACH who="0" ten="169,148,435,228" step="2"/><U0/><E0/><V133/><F3/><W116/><G65/><T26/><D26/><U22/><E22/><V4/><F27/><W47/><G116/><T50/><D50/><U100/><E100/><V10/><F49/><W120/><G120/><T103/><D103/><U19/><E19/><V15/><F51/><W9/><G18/><T112/><D112/><U11/><E11/><V39/><F10/><RYUUKYOKU ba="2,2" sc="169,15,148,15,435,-15,228,-15" hai0="32,35,40,43,44,45,46,76,77,78" hai1="1,7,8,17,23,25,36,41,53,57,62,88,91" /><INIT seed="3,3,2,1,0,56" ten="184,163,420,213" oya="3" hai0="12,0,87,71,31,25,81,106,30,38,120,130,107" hai1="115,11,117,86,76,135,20,65,124,33,19,74,93" hai2="112,55,3,16,127,39,24,22,131,79,84,129,37" hai3="121,34,17,26,96,4,9,122,49,58,7,108,94"/><W67/><G7/><T98/><D120/><U8/><E115/><V85/><F112/><W125/><G125/><T133/><D0/><U27/><E124/><V10/><F127/><W109/><G17/><T77/><D38/><N who="2" m="14346" /><F79/><W23/><G34/><T83/><D130/><N who="2" m="49674" /><F55/><W75/><G75/><T40/><D133/><U126/><E126/><V14/><F3/><W119/><G119/><T88/><D40/><U128/><E128/><V114/><F114/><W63/><G49/><T97/><D71/><U48/><E135/><V116/><F116/><W13/><G109/><T29/><D25/><U89/><E117/><V60/><F60/><W118/><G108/><T36/><D36/><U46/><E33/><V80/><F80/><W54/><G54/><T1/><D1/><U132/><E132/><V105/><F105/><W134/><G134/><T123/><D123/><U15/><E65/><V100/><F100/><N who="3" m="60439" /><G118/><T73/><REACH who="0" step="1"/><D12/><REACH who="0" ten="174,163,420,213" step="2"/><U69/><E69/><V70/><F70/><W51/><G13/><T28/><N who="0" m="7168" /><DORA hai="43" /><T90/><D90/><U103/><E103/><V42/><F42/><W50/><G26/><T111/><D111/><U52/><REACH who="1" step="1"/><E15/><REACH who="1" ten="174,153,420,213" step="2"/><V2/><F2/><W91/><G122/><T59/><D59/><U45/><E45/><V64/><F14/><W68/><G121/><T82/><D82/><AGARI ba="3,4" hai="8,11,19,20,27,46,48,52,74,76,82,86,89,93" machi="82" ten="40,8000,1" yaku="1,1,52,1,54,1,53,1" doraHai="56,43" doraHaiUra="53,44" who="1" fromWho="0" sc="174,-89,153,129,420,0,213,0" owari="85,-41.5,282,8.2,420,52.0,213,-18.7" /></mjloggm>