<mjloggm ver="2.3"><GO type="225" lobby="0"/><UN n0="%E9%A6%AC%E5%BC%95%E7%81%AB%33" n1="%E6%98%93%E5%88%A9%E8%96%A9%E4%BC%AF" n2="%E8%81%B7%E6%A5%AD%E3%80%81%E9%A2%A8%32" n3="%E5%91%A8%E6%9D%B1" dan="16,17,16,16" rate="2133.03,2238.74,2170.52,2164.87" sx="M,F,M,M"/><TAIKYOKU oya="0"/><INIT seed="0,0,0,1,3,9" ten="250,250,250,250" oya="0" hai0="5,46,107,34,134,58,129,113,94,51,22,106,120" hai1="80,97,18,100,117,13,108,31,32,15,122,121,48" hai2="55,38,42,104,24,52,95,45,74,92,64,37,60" hai3="49,133,128,53,21,68,116,86,82,8,111,65,114"/><T132/><D113/><U109/><E117/><V103/><F74/><W26/><G114/><T91/><D120/><U67/><E67/><V28/><F38/><W4/><G116/><T90/><D129/><U88/><E48/><V23/><F104/><W127/><G128/><T39/><D34/><U89/><E31/><V41/><F42/><W130/><G130/><T125/><D125/><U47/><E47/><V56/><REACH who="2" step="1"/><F92/><REACH who="2" ten="250,250,240,250" step="2"/><W16/><G127/><T79/><D39/><U63/><E122/><V61/><F61/><W66/><G133/><T83/><D106/><U71/><E121/><V72/><F72/><W44/><G111/><T25/><D107/><U131/><E131/><V7/><F7/><W93/><G93/><T110/><D5/><U78/><E63/><V70/><F70/><W84/><G68/><T19/><D110/><U115/><E71/><V135/><F135/><N who="0" m="51754" /><D94/><U12/><E115/><V33/><F33/><W35/><G35/><T105/><D105/><N who="1" m="63631" /><E32/><V0/><F0/><W40/><G40/><N who="0" m="25031" /><D58/><U54/><E109/><V96/><AGARI ba="0,1" hai="23,24,28,37,41,45,52,55,56,60,64,95,96,103" machi="96" ten="30,8000,1" yaku="1,1,0,1,25,2,54,1,53,0" doraHai="9" doraHaiUra="126" who="2" fromWho="2" sc="250,-40,250,-20,240,90,250,-20" /><INIT seed="1,0,0,1,0,69" ten="210,230,330,230" oya="1" hai0="34,60,98,45,40,129,74,22,7,42,43,25,79" hai1="11,106,53,99,128,97,62,111,122,94,95,49,55" hai2="24,116,113,100,120,21,8,80,39,2,126,4,110" hai3="17,93,96,18,132,29,47,1,133,77,13,64,82"/><U16/><E122/><V41/><F120/><W85/><G1/><T127/><D129/><U12/><E128/><V54/><F113/><W112/><G112/><T72/><D127/><U87/><E111/><V107/><F110/><W14/><G64/><T6/><D34/><U38/><E38/><V134/><F116/><W67/><G67/><T9/><D60/><U70/><E106/><V26/><F26/><W23/><G29/><T90/><D45/><U31/><E31/><V81/><F134/><W5/><G5/><T46/><D46/><U20/><E70/><V114/><F39/><W44/><G133/><T83/><D74/><U78/><E62/><V30/><F41/><W91/><REACH who="3" step="1"/><G132/><REACH who="3" ten="210,230,330,220" step="2"/><T76/><D7/><U86/><E11/><AGARI ba="0,1" hai="11,13,14,17,18,23,44,47,77,82,85,91,93,96" machi="11" ten="30,7700,0" yaku="1,1,2,1,7,1,8,1,53,0" doraHai="69" doraHaiUra="68" who="3" fromWho="1" sc="210,0,230,-77,330,0,220,87" /><INIT seed="2,0,0,4,2,127" ten="210,153,330,307" oya="2" hai0="76,117,18,19,97,22,103,44,5,122,7,94,12" hai1="120,42,118,79,38,89,102,51,49,115,46,29,68" hai2="93,3,135,33,37,106,78,83,45,105,43,8,60" hai3="70,57,66,2,88,11,104,16,28,109,23,85,40"/><V41/><F33/><W119/><G119/><T55/><D122/><U100/><E115/><V77/><F135/><W10/><G104/><T132/><D132/><U92/><E118/><V50/><F43/><W126/><G126/><T75/><D75/><U64/><E79/><V52/><F60/><W82/><G109/><T81/><D117/><U99/><E120/><V4/><F78/><W80/><G70/><T124/><D124/><U116/><E116/><V67/><F93/><W24/><G2/><T48/><D19/><U31/><E68/><V61/><F61/><N who="3" m="38191" /><G40/><T14/><D14/><U108/><E64/><V53/><F53/><W112/><G112/><T133/><D133/><U130/><E108/><V34/><F67/><W20/><G82/><T6/><D76/><U111/><E111/><V13/><F13/><AGARI ba="0,0" hai="10,11,13,16,20,23,24,28,80,85,88" m="38191" machi="13" ten="30,3900,0" yaku="8,1,54,2" doraHai="127" who="3" fromWho="2" sc="210,0,153,0,330,-39,307,39" /><INIT seed="3,0,0,1,0,87" ten="210,153,291,346" oya="3" hai0="103,12,78,79,128,26,9,96,115,28,85,108,68" hai1="48,120,50,33,122,77,51,0,110,27,132,76,8" hai2="123,104,55,18,84,65,89,17,86,131,97,102,69" hai3="67,63,22,99,54,83,111,82,2,39,46,100,92"/><W40/><G111/><T98/><D68/><U15/><E0/><V66/><F131/><W134/><G2/><T75/><D75/><U80/><E110/><V44/><F123/><W38/><G38/><T52/><D108/><U135/><E122/><V57/><F44/><W4/><G4/><T58/><D128/><U29/><E120/><V24/><F86/><W117/><G117/><T95/><D85/><U21/><E33/><V126/><F126/><W34/><G34/><T6/><D98/><U106/><E106/><V43/><F43/><W73/><G73/><T70/><D70/><U114/><E114/><V125/><F125/><W35/><G35/><T64/><D64/><U109/><E109/><V60/><F24/><W133/><G22/><N who="0" m="15447" /><D115/><U10/><E80/><V42/><F42/><W113/><G54/><T74/><D74/><U13/><E135/><N who="3" m="51722" /><G113/><T19/><D6/><U5/><REACH who="1" step="1"/><E132/><REACH who="1" ten="210,143,291,346" step="2"/><V94/><F66/><W61/><G67/><T62/><AGARI ba="0,1" hai="9,12,19,52,58,62,78,79,95,96,103" m="15447" machi="62" ten="30,2000,0" yaku="8,1,54,1" doraHai="87" who="0" fromWho="0" sc="210,30,143,-5,291,-5,346,-10" owari="240,-16.0,138,-36.2,286,8.6,336,43.6" /></mjloggm>