<mjloggm ver="2.3"><GO type="225" lobby="0"/><UN n0="%72%65%6E%6B%75%6E" n1="%E6%A1%9C%E8%8A%B1%E9%96%83%E3%80%85" n2="%E6%9C%88%E5%B3%B6%E5%9F%BA" n3="%E3%81%8B%E3%82%8F%E3%81%A1%E3%82%83%E3%82%93%35%38" dan="17,17,17,16" rate="2209.19,2170.20,2202.62,2196.29" sx="M,M,M,M"/><TAIKYOKU oya="0"/><INIT seed="0,0,0,5,0,2" ten="250,250,250,250" oya="0" hai0="33,117,44,125,13,76,87,63,119,46,38,40,14" hai1="123,35,79,16,81,116,129,135,68,77,106,39,112" hai2="113,12,15,1,60,62,73,89,127,43,95,9,66" hai3="3,102,107,103,7,59,71,122,105,32,34,58,17"/><T118/><D33/><U94/><RYUUKYOKU type="yao9" ba="0,0" sc="250,0,250,0,250,0,250,0" hai1="16,35,39,68,77,79,81,94,106,112,116,123,129,135" /><INIT seed="0,1,0,5,0,70" ten="250,250,250,250" oya="0" hai0="42,10,46,92,59,114,32,79,36,34,52,9,96" hai1="129,91,124,86,99,125,97,11,19,95,113,120,74" hai2="69,122,72,30,44,101,127,16,31,29,25,53,26" hai3="3,112,24,108,98,134,28,41,107,56,80,20,84"/><T33/><D79/><U75/><E19/><V78/><F122/><W45/><G112/><T132/><D114/><U39/><E113/><V73/><F69/><W54/><G3/><T104/><D104/><U49/><E11/><V57/><F127/><N who="1" m="48713" /><E49/><V66/><F101/><W87/><G108/><T135/><D9/><U38/><E120/><V5/><F5/><W85/><G134/><T40/><D10/><U100/><E129/><V61/><F78/><W102/><G56/><T12/><D12/><U65/><E65/><V51/><F72/><N who="1" m="27689" /><E99/><V89/><F73/><W7/><G54/><T47/><D47/><U106/><AGARI ba="1,0" hai="38,39,86,91,95,97,100,106" m="27689,48713" machi="106" ten="30,4000,0" yaku="18,1,52,2" doraHai="70" who="1" fromWho="1" sc="250,-21,250,43,250,-11,250,-11" /><INIT seed="1,0,0,1,5,66" ten="229,293,239,239" oya="1" hai0="85,99,131,74,52,54,80,101,15,28,18,12,53" hai1="96,98,27,123,49,100,107,32,68,84,25,125,10" hai2="38,22,82,14,55,47,93,51,50,33,135,112,109" hai3="129,43,61,105,133,119,116,59,102,20,26,120,95"/><U9/><E123/><V58/><F33/><W67/><G120/><T72/><D131/><U113/><E113/><V128/><F112/><W48/><G105/><T19/><D28/><U3/><E125/><V90/><F128/><W63/><G129/><T24/><D24/><U121/><E121/><V8/><F38/><W23/><G133/><T46/><D46/><U127/><E127/><V89/><F109/><W64/><G43/><T30/><D30/><U97/><E84/><N who="2" m="50327" /><F22/><W134/><G48/><T88/><D12/><U83/><E83/><V103/><F103/><W75/><G75/><T79/><D79/><U124/><E124/><V110/><F110/><W70/><G134/><T4/><D4/><U71/><E49/><N who="2" m="29119" /><F58/><W11/><G11/><T21/><REACH who="0" step="1"/><D19/><REACH who="0" ten="219,293,239,239" step="2"/><U92/><E27/><V31/><F31/><N who="3" m="17863" /><G23/><T13/><D13/><U57/><E25/><V111/><F135/><W86/><G119/><T41/><D41/><U87/><E10/><V122/><F111/><W17/><G116/><T45/><D45/><U34/><E34/><V130/><F130/><W106/><G17/><T65/><D65/><U56/><E32/><V94/><F122/><W6/><G6/><T0/><D0/><U42/><E42/><V29/><F29/><W62/><G67/><T104/><AGARI ba="0,1" hai="15,18,21,52,53,54,72,74,80,85,88,99,101,104" machi="104" ten="30,7900,0" yaku="1,1,0,1,54,2,53,0" doraHai="66" doraHaiUra="5" who="0" fromWho="0" sc="219,89,293,-39,239,-20,239,-20" /><INIT seed="2,0,0,0,4,134" ten="308,254,219,219" oya="2" hai0="63,128,21,25,118,16,28,22,44,100,97,12,9" hai1="13,107,20,48,2,54,43,78,132,33,40,79,60" hai2="87,6,135,93,49,126,112,68,17,109,92,3,82" hai3="19,27,77,36,51,117,39,15,88,84,29,5,70"/><V31/><F112/><W116/><G70/><T34/><D128/><U50/><E2/><V8/><F135/><W4/><G77/><N who="1" m="29194" /><E33/><V47/><F68/><W37/><G51/><N who="1" m="19498" /><E107/><V127/><F31/><W131/><G131/><T86/><D118/><U81/><E81/><V119/><F17/><W91/><G117/><T45/><D86/><U1/><E1/><V123/><F123/><W73/><G73/><T111/><D111/><U58/><E132/><V90/><F119/><W65/><G65/><T7/><D63/><U26/><E13/><V69/><F69/><W108/><G108/><T56/><D56/><U24/><E24/><V74/><F74/><W61/><G61/><T110/><D110/><U42/><E43/><N who="2" m="24831" /><F109/><W106/><G106/><T124/><D34/><U67/><E67/><V104/><F104/><W114/><G114/><T18/><D44/><U52/><E54/><V125/><AGARI ba="0,0" hai="3,6,8,82,87,90,92,93,125,126,127" m="24831" machi="125" ten="30,11700,0" yaku="18,1,52,3" doraHai="134" who="2" fromWho="2" sc="308,-39,254,-39,219,117,219,-39" /><INIT seed="2,1,0,5,5,35" ten="269,215,336,180" oya="2" hai0="127,21,81,95,124,119,87,90,88,14,84,11,130" hai1="125,10,49,52,4,28,20,63,107,123,18,113,80" hai2="116,120,66,25,30,68,133,53,85,99,92,112,122" hai3="7,76,17,46,111,39,51,115,13,47,78,79,73"/><V94/><F112/><W43/><G111/><T29/><D130/><U72/><E113/><V5/><F116/><W65/><G115/><T54/><D119/><U134/><E107/><V126/><F126/><W117/><G117/><T26/><REACH who="0" step="1"/><D54/><REACH who="0" ten="259,215,336,180" step="2"/><U110/><E52/><V24/><F53/><W45/><G65/><T83/><D83/><U100/><E80/><V67/><F67/><W56/><G73/><T109/><D109/><U105/><E72/><V22/><F66/><W128/><G128/><T69/><D69/><U93/><E110/><V57/><F68/><W32/><G32/><T34/><D34/><U48/><E123/><V77/><F120/><W16/><G56/><T91/><D91/><U3/><E134/><V42/><F57/><W59/><G59/><T71/><D71/><U64/><E64/><V114/><F133/><W135/><G135/><T44/><D44/><N who="3" m="17001" /><G39/><T31/><D31/><U8/><E28/><V108/><F30/><W86/><G86/><T101/><D101/><U50/><E100/><V75/><F85/><W106/><G106/><T41/><D41/><U9/><E105/><V27/><F75/><W61/><G61/><T103/><D103/><U118/><E63/><V12/><F114/><W55/><G43/><T82/><D82/><U37/><E37/><V96/><F42/><W40/><G40/><T36/><D36/><U97/><E118/><V70/><F70/><W104/><G104/><T0/><D0/><U131/><E131/><V129/><F129/><W38/><G38/><T62/><D62/><U58/><E3/><V132/><F108/><RYUUKYOKU ba="1,1" sc="259,15,215,-15,336,-15,180,15" hai0="11,14,21,26,29,81,84,87,88,90,95,124,127" hai3="7,13,16,17,47,51,55,76,78,79" /><INIT seed="3,2,1,5,0,63" ten="274,200,321,195" oya="3" hai0="95,104,40,69,110,39,42,116,109,55,91,16,72" hai1="111,37,65,125,28,62,26,129,46,82,83,57,134" hai2="58,18,124,103,115,52,127,86,122,106,78,23,128" hai3="66,0,118,67,101,43,41,13,50,131,93,99,80"/><W76/><G0/><T10/><D104/><U130/><E111/><N who="0" m="42505" /><D116/><U25/><E125/><N who="2" m="48203" /><F115/><W61/><G118/><T126/><D72/><U12/><E12/><N who="2" m="9671" /><F128/><W31/><G131/><T87/><D126/><U92/><E92/><V120/><F103/><W54/><G31/><T22/><D69/><U98/><E98/><V47/><F47/><N who="3" m="27999" /><G61/><T34/><D34/><U119/><E119/><V121/><F106/><W51/><G13/><N who="0" m="7223" /><D39/><U79/><E37/><V81/><F122/><W107/><G107/><T132/><D132/><U3/><E134/><V19/><F19/><W97/><G97/><T73/><D73/><U29/><E130/><V5/><F5/><W74/><G51/><AGARI ba="2,1" hai="51,52,58,78,81,86,120,121" m="9671,48203" machi="51" ten="30,2000,0" yaku="18,1,54,1" doraHai="63" who="2" fromWho="3" sc="274,0,200,0,321,36,195,-26" owari="274,7.4,200,-20.0,357,45.7,169,-33.1" /></mjloggm>