<mjloggm ver="2.3"><GO type="225" lobby="0"/><UN n0="%E3%81%AA%E3%81%A1%30%39%32%37" n1="%E6%A1%9C%E8%8A%B1%E9%96%83%E3%80%85" n2="%E6%B7%91%E5%A5%B3%E3%81%AE%E5%97%9C%E3%81%BF" n3="%72%69%6F%75%63%68%61%6E" dan="16,17,16,16" rate="2089.92,2248.10,2143.89,2100.03" sx="M,M,M,M"/><TAIKYOKU oya="0"/><INIT seed="0,0,0,3,2,1" ten="250,250,250,250" oya="0" hai0="74,91,12,48,27,124,87,56,103,88,118,125,45" hai1="115,111,100,5,24,29,26,69,108,98,54,81,113" hai2="63,76,89,11,75,22,96,58,131,85,104,77,36" hai3="71,126,44,6,0,28,9,40,128,62,66,120,32"/><T92/><D118/><U55/><E69/><V18/><F36/><W3/><G126/><N who="0" m="48747" /><D74/><U39/><E39/><V43/><F43/><W33/><G128/><T15/><D56/><U78/><E55/><V93/><F131/><W30/><G120/><T79/><D79/><U61/><E54/><V8/><F76/><W53/><G0/><T135/><D135/><U37/><E37/><V127/><F127/><W119/><G119/><T121/><D121/><U102/><E61/><V19/><F77/><W90/><G53/><N who="0" m="29839" /><D103/><U80/><E78/><V114/><F75/><W68/><G71/><T112/><D112/><U23/><E29/><V49/><F114/><W59/><G59/><T47/><D47/><U42/><E42/><V86/><F58/><W70/><G68/><T4/><D4/><U84/><E5/><V31/><F89/><W83/><G30/><T123/><D123/><U133/><E133/><V116/><F31/><W7/><G7/><T105/><D105/><U60/><E60/><V20/><F116/><W10/><G28/><T99/><D27/><U132/><E132/><V106/><F63/><W16/><G44/><T73/><D73/><U110/><E102/><V46/><F46/><W82/><G40/><T101/><D101/><U50/><E50/><V95/><F49/><W41/><G41/><T52/><D52/><U57/><E57/><V51/><F51/><W107/><G107/><T21/><D21/><U130/><E111/><V17/><F17/><W94/><G70/><T65/><D65/><U14/><E110/><V64/><F64/><W2/><G66/><RYUUKYOKU ba="0,0" sc="250,15,250,-15,250,15,250,-15" hai0="12,15,87,88,91,92,99" hai2="8,11,18,19,20,22,85,86,93,95,96,104,106" /><INIT seed="0,1,0,4,0,68" ten="265,235,265,235" oya="0" hai0="10,123,90,11,31,133,126,89,109,25,6,60,17" hai1="104,62,128,64,113,59,131,86,54,36,122,110,105" hai2="79,99,46,93,41,47,98,52,42,61,132,70,115" hai3="39,66,50,97,74,0,16,127,19,22,49,117,75"/><T3/><D123/><U85/><E122/><V107/><F115/><W2/><G117/><T13/><D133/><U55/><E113/><V43/><F132/><W65/><G97/><T83/><D126/><U101/><E110/><V121/><F121/><W48/><G22/><T15/><D109/><U111/><E111/><V53/><F79/><W78/><G78/><T51/><D60/><U71/><E36/><N who="2" m="21799" /><F93/><W72/><G39/><T1/><D51/><N who="1" m="31199" /><E55/><N who="2" m="21067" /><F98/><W40/><G40/><N who="2" m="15401" /><F99/><W91/><G91/><T32/><D83/><U96/><E104/><V35/><F35/><W87/><G87/><T100/><D100/><U58/><E86/><V119/><F107/><W28/><G127/><T9/><REACH who="0" step="1"/><D3/><REACH who="0" ten="255,235,265,235" step="2"/><N who="3" m="1065" /><G28/><T29/><D29/><U23/><E101/><V24/><F119/><W76/><G76/><T14/><D14/><U118/><E118/><V4/><F24/><W80/><G80/><T81/><D81/><U116/><E116/><V7/><F7/><AGARI ba="1,1" hai="1,6,7,9,10,11,13,15,17,25,31,32,89,90" machi="7" ten="30,2900,0" yaku="1,1,7,1,53,0" doraHai="68" doraHaiUra="124" who="0" fromWho="2" sc="255,42,235,0,265,-32,235,0" /><INIT seed="0,2,0,3,0,6" ten="297,235,233,235" oya="0" hai0="89,79,130,69,92,30,53,76,131,1,20,51,54" hai1="104,78,74,3,67,58,114,70,21,122,68,27,16" hai2="8,111,90,123,19,15,60,91,105,129,107,23,128" hai3="34,41,81,124,110,133,0,33,5,39,47,73,103"/><T96/><D69/><U22/><E122/><V95/><F123/><W36/><G110/><T44/><D1/><U117/><E117/><V93/><F111/><W26/><G124/><T108/><D108/><U37/><E37/><V97/><F60/><W50/><G133/><T119/><D119/><U106/><E3/><V99/><REACH who="2" step="1"/><F23/><REACH who="2" ten="297,235,223,235" step="2"/><W94/><G33/><T10/><D130/><AGARI ba="2,1" hai="8,15,19,90,91,93,95,97,99,105,107,128,129,130" machi="130" ten="40,8000,1" yaku="1,1,2,1,9,1,19,1,52,1,53,0" doraHai="6" doraHaiUra="59" who="2" fromWho="0" sc="297,-86,235,0,223,96,235,0" /><INIT seed="1,0,0,2,2,24" ten="211,235,319,235" oya="1" hai0="10,100,114,120,51,78,25,89,122,113,85,7,34" hai1="72,105,132,9,8,6,106,59,38,49,39,29,70" hai2="18,12,131,48,69,94,52,101,110,41,0,57,58" hai3="123,117,103,40,37,92,87,4,19,133,1,107,99"/><U13/><E49/><V134/><F69/><W35/><G123/><N who="0" m="47147" /><D78/><U125/><E59/><V91/><F0/><W124/><G124/><T98/><D51/><U63/><E125/><V11/><F110/><W22/><G133/><T130/><D130/><U21/><E132/><V111/><F111/><W81/><G117/><T61/><D61/><U74/><E9/><V56/><F131/><W108/><G108/><T116/><D116/><U128/><E128/><V43/><F101/><W55/><G35/><T75/><D75/><N who="1" m="28715" /><E21/><V84/><REACH who="2" step="1"/><F134/><REACH who="2" ten="211,235,309,235" step="2"/><W82/><G1/><N who="0" m="367" /><D100/><U90/><E70/><V65/><F65/><W42/><G103/><T66/><D66/><U76/><E106/><V73/><F73/><W60/><G107/><T16/><D98/><U15/><E105/><V14/><F14/><W23/><G99/><T77/><D77/><U50/><E15/><V127/><F127/><W93/><G87/><T67/><D67/><U102/><E13/><V28/><F28/><W33/><G33/><T80/><D16/><U129/><E76/><V26/><F26/><W20/><G19/><T45/><D45/><AGARI ba="0,1" hai="11,12,18,41,43,45,48,52,56,57,58,84,91,94" machi="45" ten="40,5200,0" yaku="1,1,8,1,54,1,53,0" doraHai="24" doraHaiUra="135" who="2" fromWho="0" sc="211,-52,235,0,309,62,235,0" /><INIT seed="2,0,0,2,3,61" ten="159,235,371,235" oya="2" hai0="94,57,102,131,44,120,109,99,4,21,82,28,86" hai1="128,69,73,14,126,123,66,119,35,125,76,19,8" hai2="78,111,84,55,92,127,54,71,52,122,112,12,34" hai3="63,85,10,68,0,117,67,114,95,87,80,25,108"/><V129/><F112/><W42/><G108/><T22/><D109/><U88/><E119/><V31/><F111/><W2/><G117/><T110/><D110/><U97/><E35/><V37/><F122/><W90/><G114/><T43/><D131/><U20/><E128/><V104/><F104/><W7/><G42/><T105/><D120/><U72/><E123/><V113/><F127/><N who="1" m="48649" /><E76/><V46/><F71/><W23/><G0/><T74/><D105/><U103/><E88/><V38/><F46/><W24/><REACH who="3" step="1"/><G23/><REACH who="3" ten="159,235,371,225" step="2"/><T91/><D74/><U1/><E20/><V32/><F32/><W30/><G30/><T29/><D29/><U106/><E1/><V89/><F31/><W121/><G121/><T3/><D28/><U60/><AGARI ba="0,1" hai="8,14,19,60,66,69,72,73,97,103,106" m="48649" machi="60" ten="30,2000,0" yaku="18,1,52,1" doraHai="61" who="1" fromWho="1" sc="159,-5,235,30,371,-10,225,-5" /><INIT seed="3,0,0,2,3,41" ten="154,265,361,220" oya="3" hai0="120,122,18,22,26,9,134,92,58,88,45,39,95" hai1="64,6,106,98,101,75,99,74,80,30,100,50,0" hai2="55,102,37,69,117,113,16,61,114,40,3,129,73" hai3="82,93,107,85,54,118,23,79,109,121,25,87,116"/><W20/><G121/><T84/><D134/><U2/><E30/><V78/><F102/><W10/><G107/><T46/><D120/><U36/><E36/><V126/><F117/><W42/><G109/><T76/><D122/><U29/><E29/><V112/><F3/><W125/><G125/><T48/><D39/><U65/><E50/><V17/><F126/><W135/><G135/><T51/><D76/><U52/><E52/><V83/><F129/><W128/><G128/><T111/><D111/><U86/><E6/><V119/><F119/><W53/><G42/><N who="0" m="24631" /><D58/><U56/><E56/><V110/><F110/><W35/><G35/><T14/><D95/><U5/><E75/><V96/><F69/><W130/><G130/><T77/><D77/><U94/><E74/><V97/><F37/><W12/><G118/><T19/><D19/><U81/><E0/><V62/><F112/><W1/><G116/><T7/><D7/><U133/><E5/><V70/><F70/><W66/><G1/><T15/><D9/><U57/><E2/><V38/><F38/><W60/><G93/><T8/><D8/><U33/><E57/><V123/><F123/><W43/><G10/><T34/><D34/><U103/><E94/><V68/><F68/><W28/><G79/><T105/><D105/><U131/><E33/><V31/><F114/><W63/><G28/><T124/><D124/><U132/><E106/><V71/><F31/><W49/><G82/><T104/><D104/><U108/><E131/><V89/><F113/><W67/><G20/><T127/><D127/><U91/><E133/><RYUUKYOKU ba="0,0" sc="154,30,265,-10,361,-10,220,-10" hai0="14,15,18,22,26,46,51,84,88,92" owari="184,-31.6,255,5.5,351,45.1,210,-19.0" /></mjloggm>