<mjloggm ver="2.3"><GO type="225" lobby="0"/><UN n0="%E3%81%A4%E3%81%A3%E3%81%B1%E3%82%8A%E3%83%9D%E3%83%BC%E3%83%AB" n1="%E7%B4%94%E6%BD%94%E3%83%94%E3%83%A9%E3%83%8B%E3%82%A2" n2="%E3%82%A2%E3%82%A4%E3%82%B9%E3%83%86%E3%82%A3%E3%83%BC%E3%81%82%E3%81%B9" n3="%E3%83%96%E3%83%83%E3%83%91%E3%82%AA%E3%83%96%E3%83%81%E3%82%AD%E3%83%B3" dan="17,17,16,16" rate="2150.65,2239.93,2065.82,2166.38" sx="M,M,M,M"/><TAIKYOKU oya="0"/><INIT seed="0,0,0,0,4,78" ten="250,250,250,250" oya="0" hai0="30,27,56,128,85,81,28,0,88,102,3,65,22" hai1="48,106,79,5,132,94,20,25,86,59,130,19,116" hai2="92,12,46,70,34,26,51,124,109,122,98,108,35" hai3="118,117,115,126,129,74,36,72,15,49,55,77,110"/><T75/><D128/><U1/><E106/><V21/><F122/><W39/><G15/><T58/><D75/><N who="3" m="28713" /><G77/><T134/><D134/><U89/><E132/><V119/><F70/><W113/><G49/><T47/><D102/><U17/><E116/><N who="3" m="44650" /><G55/><T121/><D121/><U33/><E33/><V2/><F2/><W83/><G129/><T84/><D30/><U61/><E130/><V103/><F12/><W13/><G13/><T67/><D3/><U105/><E105/><V29/><F119/><W11/><G11/><T62/><D0/><U93/><E79/><V95/><F95/><W64/><G64/><N who="0" m="38983" /><D47/><U80/><E48/><V8/><F8/><W44/><G44/><T127/><D127/><U101/><E1/><V66/><F66/><W131/><G131/><T97/><D97/><N who="1" m="59567" /><E5/><V7/><F7/><W68/><G68/><T69/><D69/><U53/><E94/><V32/><REACH who="2" step="1"/><F124/><REACH who="2" ten="250,250,240,250" step="2"/><W135/><G126/><T76/><D58/><U123/><E123/><V38/><F38/><N who="3" m="14379" /><G135/><T52/><D52/><AGARI ba="0,1" hai="21,26,29,32,34,35,46,51,52,92,98,103,108,109" machi="52" ten="40,2600,0" yaku="1,1,54,1,53,0" doraHai="78" doraHaiUra="57" who="2" fromWho="0" sc="250,-26,250,0,240,36,250,0" /><INIT seed="1,0,0,1,1,121" ten="224,250,276,250" oya="1" hai0="80,94,123,5,95,34,83,118,111,70,135,108,101" hai1="15,65,129,7,64,85,93,74,42,128,130,96,98" hai2="31,27,105,4,24,54,132,35,120,115,57,82,104" hai3="21,59,63,61,92,2,17,79,88,9,124,131,33"/><U48/><E74/><V29/><F120/><W126/><G33/><T66/><D123/><U90/><E42/><V78/><F132/><W127/><G131/><T41/><D135/><U113/><E113/><V8/><F115/><W89/><G79/><T49/><D34/><U100/><E98/><V99/><F99/><W37/><G37/><T75/><D118/><U125/><E125/><V119/><F119/><W0/><G61/><N who="0" m="40271" /><D5/><U11/><REACH who="1" step="1"/><E48/><REACH who="1" ten="224,240,276,250" step="2"/><V112/><F112/><W58/><G126/><T55/><D41/><U62/><E62/><V30/><F105/><AGARI ba="0,1" hai="7,11,15,64,65,85,90,93,96,100,105,128,129,130" machi="105" ten="40,3900,0" yaku="1,1,19,1,53,0" doraHai="121" doraHaiUra="50" who="1" fromWho="2" sc="224,0,240,49,276,-39,250,0" /><INIT seed="1,1,0,5,1,19" ten="224,289,237,250" oya="1" hai0="83,44,103,30,57,110,46,47,51,9,15,114,39" hai1="25,86,59,54,32,82,132,69,31,45,126,81,93" hai2="3,53,77,61,118,123,63,130,129,100,73,97,94" hai3="50,58,22,17,28,112,42,38,37,87,62,0,70"/><U2/><E2/><V121/><F3/><W99/><G112/><T41/><D114/><U108/><E69/><V75/><F53/><W12/><G0/><T113/><D113/><U8/><E126/><V66/><F61/><W1/><G1/><T67/><D110/><U98/><E132/><V68/><F118/><W72/><G72/><N who="2" m="27721" /><F77/><W116/><G116/><T60/><D103/><U65/><E8/><V90/><F90/><W101/><G28/><T96/><D96/><U14/><E14/><V21/><F21/><W7/><G7/><T11/><D11/><U10/><E10/><V102/><F100/><W4/><G4/><T35/><D83/><U56/><E108/><V122/><F94/><W88/><G70/><T78/><D78/><U40/><E65/><V36/><F36/><W34/><G50/><T13/><D13/><U71/><E71/><V135/><F135/><W124/><G124/><T109/><D109/><U20/><E32/><V64/><F64/><W91/><G34/><T26/><REACH who="0" step="1"/><D39/><REACH who="0" ten="214,289,237,250" step="2"/><U33/><E82/><V18/><F123/><W76/><G38/><T52/><D52/><U105/><E54/><V23/><F122/><W48/><G37/><T115/><D115/><U49/><E105/><V133/><F121/><W24/><G12/><T80/><D80/><U79/><E33/><V85/><F97/><W43/><G76/><T5/><AGARI ba="1,1" hai="5,9,15,26,30,35,41,44,46,47,51,57,60,67" machi="5" ten="20,2700,0" yaku="1,1,0,1,7,1,53,0" doraHai="19" doraHaiUra="104" who="0" fromWho="0" sc="214,40,289,-14,237,-8,250,-8" /><INIT seed="2,0,0,0,1,60" ten="254,275,229,242" oya="2" hai0="62,43,4,35,39,124,109,117,131,68,103,118,126" hai1="7,125,105,61,57,27,67,53,23,106,90,18,107" hai2="24,93,94,112,108,25,130,78,46,42,81,87,9" hai3="101,37,84,98,104,82,55,2,72,119,97,74,10"/><V22/><F112/><W63/><G119/><N who="0" m="45579" /><D109/><U54/><E125/><N who="0" m="48233" /><D35/><U99/><E7/><V133/><F108/><W17/><G37/><T114/><D103/><U121/><E121/><V123/><F123/><W73/><G17/><T44/><D4/><U69/><E69/><V64/><F133/><W92/><G10/><T38/><D131/><U79/><E79/><V12/><F130/><W36/><G2/><T47/><D114/><U83/><E83/><V77/><F77/><N who="3" m="46159" /><G63/><T20/><D20/><U116/><E116/><V86/><F64/><W115/><G55/><T95/><D95/><U11/><E11/><V110/><F110/><W14/><G14/><T58/><D68/><U120/><E120/><V51/><F87/><W28/><G28/><T3/><D3/><U59/><E90/><V0/><F0/><W29/><G29/><T122/><D122/><U52/><REACH who="1" step="1"/><E57/><REACH who="1" ten="254,265,229,242" step="2"/><V21/><F24/><W128/><G115/><T102/><D102/><AGARI ba="0,1" hai="18,23,27,52,53,54,59,61,67,99,102,105,106,107" machi="102" ten="40,8000,1" yaku="1,1,2,1,52,1,54,1,53,0" doraHai="60" doraHaiUra="30" who="1" fromWho="0" sc="254,-80,265,90,229,0,242,0" /><INIT seed="3,0,0,5,4,1" ten="174,355,229,242" oya="3" hai0="23,73,90,56,11,30,49,97,14,65,43,106,42" hai1="111,77,28,93,89,79,132,91,98,80,7,2,16" hai2="31,24,63,50,74,108,33,84,104,115,102,128,58" hai3="21,122,40,120,76,129,134,62,87,55,94,64,32"/><W78/><G32/><T130/><D73/><U135/><E111/><V4/><F115/><W26/><G40/><T125/><D130/><U9/><E28/><V47/><F74/><W51/><G129/><T96/><D125/><U124/><E124/><V69/><F128/><W18/><G134/><N who="1" m="51242" /><E16/><V67/><F108/><W17/><G120/><T48/><D106/><U131/><E131/><V44/><F84/><AGARI ba="0,0" hai="2,7,9,77,79,80,84,89,91,93,98" m="51242" machi="84" ten="30,2000,0" yaku="20,1,52,1" doraHai="1" who="1" fromWho="2" sc="174,0,355,20,229,-20,242,0" owari="174,-32.6,375,47.5,209,-19.1,242,4.2" /></mjloggm>