<mjloggm ver="2.3"><GO type="225" lobby="0"/><UN n0="%E9%A6%AC%E5%BC%95%E7%81%AB%33" n1="%77%72%77%72%77%72%77%72" n2="%E3%83%B4%E3%82%A3%E3%83%AF%E3%82%B3%E3%82%B0%E3%83%8B" n3="%E5%B8%86%E7%AB%8B%E5%A4%8F%E8%A1%A3" dan="16,17,17,17" rate="2133.32,2174.19,2206.00,2192.91" sx="M,M,M,M"/><TAIKYOKU oya="0"/><INIT seed="0,0,0,5,4,12" ten="250,250,250,250" oya="0" hai0="88,58,50,65,20,130,114,89,8,59,116,31,48" hai1="39,54,13,83,66,120,122,104,18,41,2,28,0" hai2="73,100,52,56,21,86,91,121,75,115,44,133,72" hai3="15,29,113,84,19,87,4,23,97,57,36,70,82"/><T90/><D114/><U123/><E104/><V43/><F133/><W67/><G70/><T42/><D116/><U3/><E66/><V92/><F121/><W27/><G36/><T129/><D8/><U25/><E54/><V49/><F115/><W68/><G68/><T105/><D105/><U94/><E83/><V131/><F131/><N who="0" m="50186" /><D42/><U124/><E94/><V112/><F112/><W46/><G113/><T101/><D101/><U98/><E98/><V17/><F100/><W5/><G46/><T51/><D65/><U85/><E85/><V47/><REACH who="2" step="1"/><F43/><REACH who="2" ten="250,250,240,250" step="2"/><W38/><G38/><T134/><D134/><U109/><E41/><V107/><F107/><W135/><G135/><T53/><D53/><U61/><E39/><V26/><AGARI ba="0,1" hai="17,21,26,44,47,49,52,56,72,73,75,86,91,92" machi="26" ten="30,8000,1" yaku="1,1,0,1,52,1,54,1,53,1" doraHai="12" doraHaiUra="55" who="2" fromWho="2" sc="250,-40,250,-20,240,90,250,-20" /><INIT seed="1,0,0,5,1,57" ten="210,230,330,230" oya="1" hai0="60,1,28,104,131,33,81,87,38,78,18,93,107" hai1="98,101,74,61,63,21,135,29,44,110,122,80,83" hai2="82,95,88,58,97,36,32,118,11,26,7,69,109" hai3="85,42,123,77,64,133,94,19,128,52,73,115,8"/><U124/><E122/><V102/><F109/><W100/><G123/><T108/><D38/><U75/><E110/><V20/><F118/><W23/><G115/><T2/><D108/><U16/><E29/><V92/><F69/><W90/><G128/><T96/><D131/><U40/><E135/><V10/><F32/><W111/><G133/><T13/><D107/><U39/><E124/><V89/><F36/><W103/><G42/><T37/><D104/><U15/><E80/><V0/><F58/><W120/><G64/><T117/><D117/><U112/><E112/><V31/><F82/><W6/><G120/><T72/><D72/><U121/><E121/><V12/><REACH who="2" step="1"/><F95/><REACH who="2" ten="210,230,320,230" step="2"/><W48/><G111/><T45/><D37/><U127/><E127/><V99/><F99/><W56/><G73/><T65/><D96/><U47/><E47/><V51/><F51/><W24/><REACH who="3" step="1"/><G77/><REACH who="3" ten="210,230,320,220" step="2"/><T119/><D119/><U116/><E116/><V14/><F14/><AGARI ba="0,2" hai="6,8,14,19,23,24,48,52,56,85,90,94,100,103" machi="14" ten="30,8000,1" yaku="1,1,2,1,7,1,8,1,54,1,53,0" doraHai="57" doraHaiUra="59" who="3" fromWho="2" sc="210,0,230,0,320,-80,220,100" /><INIT seed="2,0,0,3,1,129" ten="210,230,240,320" oya="2" hai0="104,10,88,78,61,29,43,18,105,14,125,28,35" hai1="89,15,11,16,64,47,86,103,72,24,100,57,0" hai2="4,30,56,123,96,8,132,41,2,75,38,37,94" hai3="51,63,107,99,1,40,58,120,85,68,67,12,122"/><V50/><F123/><W20/><G1/><T69/><D78/><U115/><E115/><V65/><F75/><W92/><G107/><T83/><D125/><U36/><E72/><V70/><F70/><W109/><G109/><T13/><D43/><U111/><E111/><V76/><F76/><W73/><G73/><T32/><D69/><U121/><E0/><V3/><F3/><W23/><G23/><T95/><D61/><N who="1" m="37935" /><E36/><V82/><F82/><W110/><G99/><T93/><D10/><U31/><E121/><V54/><F65/><W127/><G40/><T49/><D49/><U113/><E113/><V102/><F30/><W7/><G7/><T134/><D18/><U119/><E119/><V39/><REACH who="2" step="1"/><F41/><REACH who="2" ten="210,230,230,320" step="2"/><W45/><G68/><T71/><D71/><U90/><E47/><V59/><F59/><W81/><G81/><T27/><D83/><N who="1" m="49375" /><E90/><V60/><F60/><W131/><G122/><T33/><D88/><U87/><E87/><V66/><F66/><W108/><G120/><T34/><D34/><U98/><E98/><V128/><F128/><W5/><G131/><T84/><D84/><U17/><E31/><V135/><AGARI ba="0,1" hai="2,4,8,37,38,39,50,54,56,94,96,102,132,135" machi="135" ten="40,12000,1" yaku="1,1,0,1,52,2,53,0" doraHai="129" doraHaiUra="106" who="2" fromWho="2" sc="210,-40,230,-40,230,130,320,-40" /><INIT seed="2,1,0,3,5,48" ten="170,190,360,280" oya="2" hai0="20,1,117,8,6,89,135,24,76,61,13,30,129" hai1="28,32,124,126,69,25,120,79,51,63,91,31,60" hai2="122,123,106,95,85,78,56,73,87,99,71,121,26" hai3="0,74,64,65,66,102,110,90,54,84,132,3,2"/><V19/><F71/><W52/><G74/><T83/><D129/><U112/><E112/><V98/><F26/><W10/><G102/><T68/><D135/><U47/><E120/><V100/><F19/><W59/><G132/><T111/><D111/><U9/><E79/><V35/><F35/><W45/><G110/><T39/><D117/><U58/><E31/><V116/><F56/><W40/><G10/><T22/><D39/><U29/><E29/><V23/><F23/><W131/><G59/><T36/><D36/><U130/><E130/><V41/><F41/><W125/><G125/><N who="1" m="48234" /><E69/><V72/><F116/><W86/><G131/><T38/><D38/><U92/><E9/><V16/><F16/><W82/><REACH who="3" step="1"/><G84/><REACH who="3" ten="170,190,360,270" step="2"/><N who="2" m="32329" /><F78/><W104/><G104/><T103/><D76/><U114/><E58/><V107/><F107/><W81/><G81/><T12/><D83/><U44/><E114/><V109/><F109/><W4/><G4/><T57/><D6/><U34/><E44/><V115/><F115/><W134/><G134/><T37/><D68/><U49/><E34/><V18/><F122/><W128/><G128/><T53/><D57/><U108/><E108/><V75/><F123/><W93/><G93/><T97/><D103/><U55/><E49/><AGARI ba="1,1" hai="0,2,3,40,45,49,52,54,64,65,66,82,86,90" machi="49" ten="50,8000,1" yaku="1,1,52,2,54,1,53,1" doraHai="48" doraHaiUra="77" who="3" fromWho="1" sc="170,0,190,-83,360,0,270,93" /><INIT seed="3,0,0,3,0,120" ten="170,107,360,363" oya="3" hai0="9,123,126,24,89,75,19,67,77,26,23,99,39" hai1="15,12,27,130,56,131,128,74,62,101,34,52,6" hai2="14,51,114,85,25,16,133,0,41,109,92,121,111" hai3="29,38,18,116,69,33,127,35,49,44,43,105,60"/><W48/><G116/><T17/><D39/><U106/><E74/><V83/><F121/><W91/><G127/><T59/><D123/><U42/><E42/><V100/><F114/><W63/><G105/><T20/><D126/><U94/><E106/><V102/><F0/><W78/><G78/><T72/><D9/><U37/><E37/><V50/><F133/><W61/><G69/><T110/><D110/><N who="2" m="41994" /><F25/><W118/><G118/><T93/><D77/><U71/><E71/><V65/><F65/><W107/><G107/><T30/><D30/><U68/><E68/><V76/><F41/><W104/><G104/><T132/><D132/><U103/><E6/><V117/><F117/><W80/><G18/><T73/><D73/><U57/><E57/><V11/><F92/><W79/><G91/><T1/><D1/><U112/><E112/><V134/><F134/><W28/><G35/><T90/><D90/><U97/><REACH who="1" step="1"/><E101/><AGARI ba="0,0" hai="11,14,16,50,51,76,83,85,100,101,102" m="41994" machi="101" ten="30,8000,1" yaku="14,1,52,3,54,1" doraHai="120" who="2" fromWho="1" sc="170,0,107,-80,360,80,363,0" owari="170,-23.0,27,-47.3,440,54.0,363,16.3" /></mjloggm>