<mjloggm ver="2.3"><GO type="225" lobby="0"/><UN n0="%72%69%6F%75%63%68%61%6E" n1="%E3%81%BE%E3%81%A8%E3%81%9F" n2="%E3%83%B4%E3%83%A0%EF%BC%99%E3%81%A6" n3="%E3%80%93%E3%81%97%E3%83%BC%E3%82%89%E3%80%93" dan="16,16,16,16" rate="2145.83,2125.81,2150.28,2217.89" sx="M,M,M,M"/><TAIKYOKU oya="0"/><INIT seed="0,0,0,4,2,20" ten="250,250,250,250" oya="0" hai0="57,109,129,15,106,53,43,49,39,116,35,98,77" hai1="50,10,62,34,81,33,107,26,54,67,76,51,84" hai2="69,24,78,58,114,25,104,74,59,21,132,111,73" hai3="47,99,103,72,44,38,117,89,64,90,110,42,12"/><T88/><D116/><U30/><E107/><V75/><F104/><W128/><G117/><T134/><D129/><U70/><E10/><V86/><F69/><W16/><G72/><T3/><D3/><U52/><REACH who="1" step="1"/><E34/><REACH who="1" ten="250,240,250,250" step="2"/><V55/><F114/><W93/><G128/><T124/><D35/><U97/><E97/><V14/><F111/><W36/><G110/><T131/><D106/><U56/><E56/><V108/><F108/><W123/><G123/><T96/><D98/><U48/><AGARI ba="0,1" hai="26,30,33,48,50,51,52,54,62,67,70,76,81,84" machi="48" ten="30,8000,1" yaku="1,1,0,1,52,1,54,1,53,1" doraHai="20" doraHaiUra="83" who="1" fromWho="1" sc="250,-40,240,90,250,-20,250,-20" /><INIT seed="1,0,0,3,1,74" ten="210,330,230,230" oya="1" hai0="31,84,68,5,113,58,11,69,82,4,30,29,79" hai1="19,13,96,123,51,63,94,114,37,129,111,61,85" hai2="53,66,40,8,135,130,52,127,9,48,10,43,49" hai3="50,134,117,102,45,44,116,107,133,115,109,122,126"/><U14/><E114/><V34/><F34/><W112/><G102/><T23/><D113/><N who="3" m="43593" /><G107/><T101/><D4/><U36/><E37/><V73/><F73/><W93/><G93/><T89/><D101/><U125/><E36/><V64/><F127/><W76/><G76/><T54/><D89/><U25/><E85/><V90/><F90/><W105/><G105/><T100/><D100/><U27/><E27/><V110/><F110/><W77/><G77/><T87/><D84/><U70/><E25/><V47/><F130/><W41/><G126/><T62/><REACH who="0" step="1"/><D23/><REACH who="0" ten="200,330,230,230" step="2"/><U132/><E111/><V71/><F135/><N who="3" m="51723" /><G109/><T75/><D75/><U59/><E132/><V124/><F124/><W95/><G95/><T92/><D92/><U60/><E94/><V22/><F22/><W16/><G122/><T103/><D103/><U56/><E123/><V91/><F91/><W24/><G45/><T118/><D118/><U106/><E125/><V104/><F104/><W38/><G38/><T26/><D26/><U120/><E106/><V32/><F32/><W35/><G35/><T57/><D57/><U7/><E59/><N who="2" m="33159" /><F71/><W121/><G121/><T99/><D99/><U72/><E70/><V18/><F47/><W39/><G39/><T83/><D83/><U42/><E120/><V1/><F8/><W20/><AGARI ba="0,1" hai="16,20,24,41,44,50,116,117" m="51723,43593" machi="20" ten="40,2700,0" yaku="20,1,54,1" doraHai="74" who="3" fromWho="3" sc="200,-7,330,-13,230,-7,230,37" /><INIT seed="2,0,0,0,2,12" ten="193,317,223,267" oya="2" hai0="62,93,19,52,38,13,126,88,77,129,134,3,40" hai1="112,23,132,5,29,59,75,131,70,46,4,27,34" hai2="33,9,102,82,51,106,16,48,35,135,14,73,90" hai3="98,111,21,92,86,56,120,2,80,54,104,89,60"/><V47/><F135/><W15/><G2/><T44/><D3/><U107/><E70/><V81/><F48/><W68/><G120/><T74/><D134/><U65/><E107/><V58/><F58/><W116/><G111/><T113/><D113/><U100/><E75/><V97/><F73/><W108/><G108/><T71/><D126/><U26/><E100/><V18/><F18/><N who="3" m="10463" /><G68/><T83/><D129/><U41/><E112/><V117/><F117/><W91/><G104/><T67/><D52/><U43/><E43/><V95/><F33/><W79/><G116/><T7/><D7/><U110/><E110/><V64/><F35/><W87/><G87/><T101/><D101/><AGARI ba="0,0" hai="54,56,60,79,80,86,89,91,92,98,101" m="10463" machi="101" ten="30,2000,0" yaku="8,1,52,1" doraHai="12" who="3" fromWho="0" sc="193,-20,317,0,223,0,267,20" /><INIT seed="3,0,0,2,4,82" ten="173,317,223,287" oya="3" hai0="123,70,0,73,16,13,7,108,101,116,53,124,77" hai1="105,31,35,21,114,33,40,12,51,99,83,96,133" hai2="50,67,61,24,131,115,104,54,91,72,25,6,125" hai3="26,112,68,48,80,59,130,76,15,58,39,23,109"/><W22/><G39/><T14/><D116/><U49/><E114/><V90/><F115/><W129/><G68/><T107/><D123/><U60/><E105/><V79/><F104/><W75/><G112/><T2/><D70/><U81/><E40/><V57/><F6/><W28/><G109/><T126/><D108/><U74/><E74/><V88/><F125/><N who="0" m="48234" /><D73/><U45/><E12/><V5/><F5/><W87/><G75/><T106/><D106/><U132/><E21/><V41/><F41/><W102/><G102/><T62/><D101/><U34/><E31/><V84/><F72/><W89/><G76/><T29/><D107/><U3/><E3/><N who="0" m="1065" /><D62/><U122/><E122/><V120/><F120/><W71/><G71/><T63/><D63/><U1/><E60/><V118/><F118/><W43/><G43/><T18/><D53/><N who="1" m="29871" /><E1/><V38/><F38/><W37/><G37/><T97/><D97/><N who="1" m="37451" /><E51/><V30/><F61/><W135/><G48/><T52/><D52/><U56/><E56/><V110/><F110/><W8/><G59/><T103/><D103/><U134/><AGARI ba="0,0" hai="33,34,35,81,83,132,133,134" m="37451,29871" machi="134" ten="40,1500,0" yaku="20,1" doraHai="82" who="1" fromWho="1" sc="173,-4,317,15,223,-4,287,-7" owari="169,-33.1,332,43.2,219,-18.1,280,8.0" /></mjloggm>