<mjloggm ver="2.3"><GO type="225" lobby="0"/><UN n0="%E3%83%81%E3%83%AF%E3%83%AF%E9%9A%8A%E9%95%B7" n1="%E6%81%A5%E6%99%92%E3%81%97" n2="%E3%81%90%E3%81%A1%E3%82%84%E3%81%BE" n3="%E3%82%BC%E3%83%AB%E3%83%80%E3%81%AE%E4%BC%9D%E8%AA%AC" dan="16,16,16,17" rate="2118.26,2155.51,2121.60,2173.03" sx="M,M,M,M"/><TAIKYOKU oya="0"/><INIT seed="0,0,0,5,0,30" ten="250,250,250,250" oya="0" hai0="112,47,45,18,26,133,12,21,22,118,114,29,2" hai1="79,134,129,92,76,128,14,40,10,73,97,75,104" hai2="89,7,58,64,24,25,43,42,116,17,86,125,98" hai3="20,53,90,38,115,99,66,102,41,4,37,52,63"/><T84/><D118/><U39/><E104/><V82/><F125/><W103/><BYE who="0" /><G115/><T109/><D109/><U28/><E134/><UN n0="%E3%83%81%E3%83%AF%E3%83%AF%E9%9A%8A%E9%95%B7" /><V61/><F116/><W48/><G4/><T16/><D2/><U95/><E39/><V83/><F7/><W60/><G20/><N who="0" m="15559" /><D133/><U93/><E40/><V19/><F98/><W57/><G41/><N who="2" m="15369" /><F83/><W55/><G48/><T13/><D112/><U101/><E28/><V35/><F35/><W68/><G90/><T110/><D114/><U87/><E14/><V15/><F17/><W36/><REACH who="3" step="1"/><G103/><REACH who="3" ten="250,250,250,240" step="2"/><T106/><D110/><U105/><E10/><AGARI ba="0,1" hai="10,15,19,24,25,58,61,64,82,86,89" m="15369" machi="10" ten="30,1000,0" yaku="8,1" doraHai="30" who="2" fromWho="1" sc="250,0,250,-10,250,20,240,0" /><INIT seed="1,0,0,1,0,112" ten="250,240,270,240" oya="1" hai0="46,58,69,16,51,107,17,3,62,73,88,105,116" hai1="34,22,130,37,99,118,66,25,91,64,115,54,110" hai2="117,1,98,93,89,61,9,30,131,60,106,38,52" hai3="59,109,87,104,78,40,100,111,113,20,101,10,45"/><U63/><E115/><V26/><F117/><W49/><G113/><T33/><D69/><U43/><E130/><V92/><F38/><W84/><G104/><T79/><D33/><U132/><E34/><V27/><F106/><W122/><G122/><T85/><D3/><U53/><E132/><V11/><F131/><W67/><G20/><T0/><D0/><U44/><E110/><N who="3" m="41994" /><G10/><N who="2" m="3593" /><F1/><W15/><G15/><T133/><D133/><U75/><E75/><V77/><F77/><W48/><G48/><T72/><D116/><U108/><E108/><V68/><F68/><W129/><G129/><T65/><D107/><U83/><E118/><V94/><F30/><W4/><G4/><T19/><D79/><U81/><E81/><V47/><F61/><N who="3" m="38335" /><G78/><T32/><D105/><U102/><E66/><V6/><F6/><W71/><G71/><T80/><REACH who="0" step="1"/><D32/><REACH who="0" ten="240,240,270,240" step="2"/><U21/><E64/><V29/><F29/><W126/><G126/><T95/><D95/><U55/><E83/><V42/><F94/><W90/><G87/><T121/><D121/><U24/><E22/><V123/><F93/><AGARI ba="0,1" hai="40,45,49,84,90,93,100,101" m="38335,41994" machi="93" ten="30,1000,0" yaku="14,1" doraHai="112" who="3" fromWho="2" sc="240,0,240,0,270,-10,240,20" /><INIT seed="2,0,0,3,4,43" ten="240,240,260,260" oya="2" hai0="94,42,32,62,27,82,125,70,26,112,38,132,76" hai1="85,84,96,5,1,63,108,66,135,119,89,44,50" hai2="92,11,68,2,14,81,107,18,124,73,15,39,31" hai3="57,51,48,110,4,49,55,97,117,23,6,128,69"/><V129/><F107/><W65/><G117/><T45/><D112/><U58/><E119/><V7/><F68/><W34/><G34/><T126/><D132/><U10/><E108/><V41/><F129/><W8/><G110/><T75/><D94/><U99/><E135/><V61/><F124/><N who="0" m="47722" /><D32/><U35/><E35/><V20/><F31/><W74/><G74/><T21/><D21/><U59/><E59/><V30/><F30/><W78/><G128/><T72/><D72/><U33/><E33/><V80/><F73/><W3/><G78/><T77/><D77/><U95/><REACH who="1" step="1"/><E99/><REACH who="1" ten="240,230,260,260" step="2"/><V106/><F106/><W100/><G97/><T79/><D79/><U46/><E46/><V93/><F2/><W13/><G57/><T101/><D101/><U9/><E9/><V116/><F116/><W56/><G56/><T16/><D76/><U120/><E120/><V52/><F61/><W53/><G100/><T29/><D62/><U71/><E71/><V134/><F134/><W90/><G8/><T37/><D70/><U130/><E130/><V47/><REACH who="2" step="1"/><F52/><AGARI ba="0,1" hai="1,5,10,44,50,52,58,63,66,84,85,89,95,96" machi="52" ten="30,7700,0" yaku="1,1,7,1,52,1,54,1,53,0" doraHai="43" doraHaiUra="111" who="1" fromWho="2" sc="240,0,230,87,260,-77,260,0" /><INIT seed="3,0,0,2,5,16" ten="240,317,183,260" oya="3" hai0="119,132,123,128,73,55,9,28,33,104,57,116,134" hai1="82,114,66,65,45,41,80,77,69,24,43,84,79" hai2="95,113,88,98,60,81,27,64,51,117,59,109,30" hai3="6,11,126,90,14,94,83,3,15,93,99,35,68"/><W52/><G68/><T105/><D123/><U36/><E114/><V5/><F109/><W78/><G35/><T61/><D73/><U58/><E69/><V133/><F133/><N who="0" m="51306" /><D128/><U38/><E58/><V50/><F113/><W76/><G126/><T25/><D9/><U7/><E7/><V56/><F117/><AGARI ba="0,0" hai="25,28,33,55,57,61,104,105,116,117,119" m="51306" machi="117" ten="30,1000,0" yaku="20,1" doraHai="16" who="0" fromWho="2" sc="240,10,317,0,183,-10,260,0" owari="250,-15.0,317,41.7,173,-32.7,260,6.0" /></mjloggm>