<mjloggm ver="2.3"><GO type="225" lobby="0"/><UN n0="%E3%81%8B%E3%82%8F%E3%81%A1%E3%82%83%E3%82%93%35%38" n1="%E3%81%82%E3%81%97%E3%82%85%E3%82%8A%E3%82%93" n2="%E5%B0%8F%E9%B3%A5%E9%81%8A%E7%B7%B4%E7%84%A1%32%31%E6%AD%B3" n3="%E3%83%96%E3%83%83%E3%83%91%E3%82%AA%E3%83%96%E3%83%81%E3%82%AD%E3%83%B3" dan="16,16,16,16" rate="2103.73,2155.53,2188.90,2186.16" sx="M,M,F,M"/><TAIKYOKU oya="0"/><INIT seed="0,0,0,3,5,94" ten="250,250,250,250" oya="0" hai0="85,66,112,38,87,44,27,11,105,20,99,28,54" hai1="59,117,8,56,69,29,121,12,71,62,97,57,65" hai2="14,109,84,98,1,60,115,104,81,17,132,30,103" hai3="108,63,45,13,10,43,110,128,52,47,111,119,127"/><T106/><D112/><U35/><E117/><V58/><F115/><W124/><G119/><T34/><D105/><U107/><E121/><V22/><F132/><W125/><G128/><T53/><D11/><U134/><E134/><V131/><F1/><W91/><G91/><T39/><D20/><U51/><E71/><V23/><F131/><W72/><G72/><T42/><D39/><U16/><E51/><V5/><F109/><W2/><G2/><T32/><D32/><U7/><E7/><V88/><F5/><N who="3" m="3279" /><G43/><T21/><D21/><U9/><E9/><V49/><F49/><W40/><G40/><T25/><D25/><N who="1" m="18863" /><E59/><AGARI ba="0,0" hai="45,47,52,59,63,108,110,111,124,125,127" m="3279" machi="59" ten="40,5200,0" yaku="14,1,18,1,54,1" doraHai="94" who="3" fromWho="1" sc="250,0,250,-52,250,0,250,52" /><INIT seed="1,0,0,0,2,39" ten="250,198,250,302" oya="1" hai0="43,48,127,104,26,110,89,126,120,75,31,79,97" hai1="22,135,69,12,116,53,106,123,54,17,58,78,73" hai2="105,72,85,67,77,55,38,62,124,117,83,44,18" hai3="25,68,42,99,9,90,57,87,4,20,34,76,81"/><U23/><E116/><V111/><F117/><W92/><G68/><T45/><D110/><U122/><E135/><V27/><F111/><W28/><G34/><T134/><D134/><U96/><E69/><V113/><F113/><W19/><G57/><T64/><D120/><U11/><E73/><V32/><F105/><W35/><G35/><T70/><D79/><U118/><E78/><V129/><F129/><W91/><G28/><T107/><D75/><U13/><E118/><V56/><F124/><N who="0" m="47658" /><D89/><U101/><E54/><V71/><F72/><W33/><G33/><N who="0" m="20727" /><D97/><U109/><E109/><V94/><F94/><W24/><G24/><T84/><D84/><U82/><E82/><V7/><F7/><W30/><G30/><T65/><D70/><U51/><REACH who="1" step="1"/><E23/><REACH who="1" ten="250,188,250,302" step="2"/><V49/><F32/><W60/><G76/><T108/><D108/><U52/><E52/><V112/><F112/><W10/><G81/><T2/><D2/><U132/><E132/><V74/><F74/><W131/><G20/><T47/><D47/><U102/><E102/><V88/><F77/><W100/><G100/><T0/><D0/><U80/><E80/><V16/><F27/><W133/><G25/><T37/><D65/><U119/><E119/><V3/><F3/><W93/><G133/><T95/><D64/><U8/><E8/><V114/><F114/><W66/><G10/><T50/><D95/><U15/><E15/><V86/><F86/><W1/><G87/><T121/><D121/><U103/><E103/><V115/><F115/><W98/><G93/><T40/><D40/><AGARI ba="0,1" hai="16,18,38,40,44,49,55,56,62,67,71,83,85,88" machi="40" ten="40,8000,1" yaku="24,2,52,1,54,2" doraHai="39" who="2" fromWho="0" sc="250,-80,188,0,250,90,302,0" /><INIT seed="2,0,0,4,4,121" ten="170,188,340,302" oya="2" hai0="82,16,135,47,102,17,76,133,103,0,114,18,41" hai1="83,72,109,30,87,36,66,113,131,13,104,93,97" hai2="29,58,80,84,120,116,105,23,78,42,67,94,60" hai3="70,130,55,73,74,1,45,125,5,54,57,62,11"/><V81/><F116/><W35/><G35/><T3/><D114/><U12/><E113/><V75/><F105/><W86/><G130/><T28/><D28/><U123/><E131/><V124/><F120/><W59/><G125/><T19/><N who="0" m="4096" /><DORA hai="95" /><T79/><D0/><U10/><E123/><V115/><F115/><W6/><G70/><T118/><D3/><U117/><E117/><V34/><F34/><W38/><G6/><T56/><D56/><U89/><E36/><V71/><F42/><W22/><G22/><T134/><D118/><U50/><E50/><V2/><F2/><W8/><G8/><T98/><D82/><U119/><E119/><V61/><F124/><W108/><G108/><T106/><REACH who="0" step="1"/><D103/><REACH who="0" ten="160,188,340,302" step="2"/><N who="1" m="62575" /><E109/><V4/><F80/><W88/><G59/><T111/><D111/><U51/><E30/><V14/><F29/><W99/><G57/><T122/><D122/><U100/><E100/><V44/><F81/><W90/><G1/><T96/><D96/><U127/><E127/><V126/><F58/><W101/><G99/><T24/><D24/><U52/><E66/><V15/><F67/><W77/><G101/><T49/><AGARI ba="0,1" hai="41,47,49,76,79,98,102,106,133,134,135" m="4096" machi="49" ten="50,12000,2" yaku="1,1,0,1,20,1,52,1,54,1,53,1" doraHai="121,95" doraHaiUra="91,43" who="0" fromWho="0" sc="160,130,188,-30,340,-60,302,-30" /><INIT seed="3,0,0,5,4,10" ten="290,158,280,272" oya="3" hai0="96,86,22,127,35,44,94,76,12,90,88,8,16" hai1="15,124,40,131,50,104,114,92,65,59,115,82,21" hai2="6,13,113,7,55,118,80,61,110,116,84,46,134" hai3="66,107,93,98,47,132,129,78,119,52,79,83,4"/><W45/><G119/><T28/><D127/><U29/><E104/><V77/><F113/><W30/><G107/><T18/><D35/><U121/><E121/><V73/><F73/><W31/><G129/><T109/><D109/><U27/><E131/><V75/><F75/><W70/><G132/><T41/><D28/><N who="3" m="10793" /><G70/><T81/><D44/><N who="3" m="16969" /><G66/><T85/><D41/><U11/><E124/><V68/><F110/><W24/><G4/><N who="0" m="3079" /><D22/><U67/><E40/><V0/><F0/><W105/><G105/><T34/><D34/><U63/><E67/><V123/><F134/><W25/><G83/><AGARI ba="0,0" hai="16,18,76,81,83,85,86,88,90,94,96" m="3079" machi="83" ten="30,7700,0" yaku="8,1,52,1,54,2" doraHai="10" who="0" fromWho="3" sc="290,77,158,0,280,0,272,-77" owari="367,46.7,158,-34.2,280,8.0,195,-20.5" /></mjloggm>