<mjloggm ver="2.3"><GO type="225" lobby="0"/><UN n0="%E3%83%96%E3%83%83%E3%83%91%E3%82%AA%E3%83%96%E3%83%81%E3%82%AD%E3%83%B3" n1="%E3%83%B4%E3%83%A0%EF%BC%99%E3%81%A6" n2="%E6%9D%B1%E9%A2%A8%E3%81%AE%E3%81%8D%E3%82%83%E3%81%B7%E3%81%95%E3%82%93" n3="%E3%81%BE%E3%81%A8%E3%81%9F" dan="16,17,16,16" rate="2198.94,2127.23,2180.18,2075.10" sx="M,M,M,M"/><TAIKYOKU oya="0"/><INIT seed="0,0,0,3,1,74" ten="250,250,250,250" oya="0" hai0="60,15,97,127,121,6,91,7,61,125,59,32,131" hai1="3,4,130,99,26,85,67,64,104,110,115,90,36" hai2="129,111,117,18,132,5,89,82,41,47,70,25,81" hai3="73,106,48,49,100,12,112,102,10,50,128,46,69"/><T16/><D32/><U39/><E110/><V55/><F70/><W108/><G112/><T28/><D28/><U118/><E118/><V33/><F117/><W78/><G69/><T87/><D121/><U53/><E115/><V37/><F111/><W98/><G128/><T122/><D122/><U66/><E130/><V1/><F129/><W72/><G72/><T38/><D38/><U52/><E26/><V23/><F132/><W40/><G102/><T62/><D131/><U14/><E3/><V45/><F89/><W68/><G68/><T93/><D59/><U126/><E126/><V24/><F55/><W134/><G134/><T116/><D116/><U135/><E135/><V119/><F47/><W76/><G108/><T133/><D133/><U65/><E65/><V22/><F33/><W103/><G103/><T35/><D35/><U58/><E99/><V75/><F119/><W51/><REACH who="3" step="1"/><G73/><REACH who="3" ten="250,250,250,240" step="2"/><T30/><D30/><U29/><E29/><V83/><F75/><W57/><G57/><T114/><D114/><U86/><E58/><V43/><F45/><W27/><G27/><T44/><D44/><U17/><E104/><V123/><F123/><W92/><G92/><T9/><REACH who="0" step="1"/><D97/><REACH who="0" ten="240,250,250,240" step="2"/><U20/><E39/><V77/><F37/><W96/><G96/><T31/><D31/><U109/><E36/><V54/><F23/><W56/><G56/><T19/><D19/><AGARI ba="0,2" hai="10,12,19,40,46,48,49,50,51,76,78,98,100,106" machi="19" ten="40,5200,0" yaku="1,1,52,2,53,0" doraHai="74" doraHaiUra="80" who="3" fromWho="0" sc="240,-52,250,0,250,0,240,72" /><INIT seed="1,0,0,0,3,59" ten="188,250,250,312" oya="1" hai0="62,6,106,131,5,121,87,8,52,118,48,17,90" hai1="114,89,102,126,26,32,21,18,84,105,0,41,47" hai2="63,111,30,125,100,67,93,68,16,75,128,19,71" hai3="109,135,25,98,80,103,70,60,22,10,78,132,1"/><U88/><E114/><V20/><F75/><N who="3" m="43103" /><G109/><T49/><D118/><U122/><E122/><V95/><F111/><W73/><G73/><T28/><D106/><U130/><E0/><V39/><F39/><W86/><G86/><T35/><D131/><U91/><E130/><V116/><F128/><W124/><G124/><T34/><D121/><U29/><E126/><V101/><F125/><W97/><G10/><T58/><D35/><U65/><E65/><V46/><F46/><W92/><G1/><T12/><D34/><U45/><E84/><V74/><F74/><W127/><G60/><T9/><D28/><U104/><E102/><V36/><F36/><W112/><G70/><T82/><REACH who="0" step="1"/><D17/><REACH who="0" ten="178,250,250,312" step="2"/><U4/><E4/><V107/><F116/><W110/><G127/><T7/><D7/><U43/><E32/><V85/><F107/><W23/><G110/><T27/><D27/><U55/><E29/><V69/><F30/><W115/><G25/><T3/><AGARI ba="0,1" hai="3,5,6,8,9,12,48,49,52,58,62,82,87,90" machi="3" ten="20,12000,2" yaku="1,1,0,1,7,1,52,1,54,1,53,1" doraHai="59" doraHaiUra="56" who="0" fromWho="0" sc="178,130,250,-60,250,-30,312,-30" /><INIT seed="2,0,0,0,3,106" ten="308,190,220,282" oya="2" hai0="3,90,132,107,103,13,59,77,124,20,52,22,2" hai1="85,93,16,33,79,87,88,14,17,67,9,46,7" hai2="71,99,113,115,54,48,98,123,111,11,29,117,60" hai3="43,40,45,34,68,37,6,76,64,105,30,101,38"/><V126/><F29/><W39/><G6/><T91/><D124/><U62/><E33/><V92/><F117/><W72/><G43/><T44/><D77/><U110/><E110/><V53/><F123/><W50/><G64/><T84/><D132/><U24/><E46/><V63/><F11/><W23/><G68/><T134/><D134/><U56/><E24/><V32/><F32/><W128/><G128/><T55/><D107/><U35/><E35/><V95/><F48/><W80/><G23/><N who="0" m="8747" /><D3/><U25/><E25/><V74/><F71/><W66/><G66/><T102/><D2/><U97/><E79/><V4/><F4/><W75/><G75/><T100/><D13/><U58/><E58/><V27/><F27/><N who="3" m="18783" /><G50/><N who="0" m="28743" /><D84/><AGARI ba="0,0" hai="7,9,14,16,17,56,62,67,84,85,87,88,93,97" machi="84" ten="40,5200,0" yaku="8,1,54,2" doraHai="106" who="1" fromWho="0" sc="308,-52,190,52,220,0,282,0" /><INIT seed="3,0,0,3,5,26" ten="256,242,220,282" oya="3" hai0="116,67,110,124,117,38,18,3,55,27,127,134,109" hai1="0,32,72,74,61,41,128,48,57,15,29,101,105" hai2="97,75,133,83,45,65,44,104,4,94,52,62,1" hai3="122,13,114,43,98,90,118,54,92,6,69,96,60"/><W70/><G114/><T106/><D106/><U125/><E0/><V86/><F104/><W20/><G43/><T36/><D3/><U64/><E125/><N who="0" m="48201" /><D18/><U23/><E128/><V50/><F75/><W30/><G118/><N who="0" m="45675" /><D27/><U115/><E115/><V68/><F133/><W33/><G33/><T5/><D5/><U19/><E41/><V129/><F129/><W25/><G122/><T66/><D134/><U22/><E48/><V40/><F1/><W56/><REACH who="3" step="1"/><G98/><REACH who="3" ten="256,242,220,272" step="2"/><T47/><D36/><U79/><E32/><V82/><F4/><W78/><G78/><T100/><D38/><U31/><E79/><V21/><F21/><W108/><G108/><T37/><D37/><U135/><E135/><V87/><F40/><W89/><G89/><T130/><D130/><U123/><E123/><V95/><F97/><W28/><G28/><T51/><D100/><U58/><E23/><V111/><F111/><AGARI ba="0,1" hai="47,51,55,66,67,109,110,111" m="45675,48201" machi="111" ten="40,8000,1" yaku="14,1,18,1,34,2" doraHai="26" who="0" fromWho="2" sc="256,90,242,0,220,-80,272,0" owari="346,44.6,242,-15.8,140,-36.0,272,7.2" /></mjloggm>