<mjloggm ver="2.3"><GO type="225" lobby="0"/><UN n0="%E3%81%A4%E3%81%A3%E3%81%B1%E3%82%8A%E3%83%9D%E3%83%BC%E3%83%AB" n1="%72%65%6E%6B%75%6E" n2="%E3%83%96%E3%83%83%E3%83%91%E3%82%AA%E3%83%96%E3%83%81%E3%82%AD%E3%83%B3" n3="%E6%A3%AE%E5%B1%B1%E7%94%B0%E7%9B%B4%E5%A4%AA%E6%9C%97%E4%B9%8B%E4%BB%8B" dan="17,17,16,16" rate="2156.16,2214.46,2148.97,2149.22" sx="M,M,M,M"/><TAIKYOKU oya="0"/><INIT seed="0,0,0,5,5,107" ten="250,250,250,250" oya="0" hai0="96,81,64,55,9,49,134,129,88,21,17,111,112" hai1="31,29,110,122,101,52,89,39,78,69,4,26,98" hai2="19,12,84,18,40,33,118,22,86,61,124,80,97" hai3="1,75,54,126,135,93,121,117,125,10,92,5,56"/><T105/><D112/><U68/><E39/><V70/><F124/><N who="3" m="47723" /><G117/><T13/><D134/><U53/><E122/><V50/><F118/><W34/><G34/><T41/><D129/><U38/><E38/><V11/><F33/><W76/><G135/><T57/><D111/><U15/><E110/><V23/><F70/><W20/><G20/><T79/><D41/><U73/><E89/><V95/><F61/><N who="3" m="35991" /><G121/><T6/><D64/><U32/><E29/><V48/><F40/><W27/><G27/><T14/><D105/><U45/><E4/><V66/><F66/><W71/><G71/><T104/><D104/><U8/><E45/><V114/><F114/><W116/><G116/><T106/><D106/><U119/><E69/><V0/><F0/><W65/><G65/><T62/><D62/><U25/><E68/><V72/><F11/><W3/><G3/><T67/><D67/><U74/><E26/><V115/><F115/><W102/><G102/><T87/><REACH who="0" step="1"/><D96/><REACH who="0" ten="240,250,250,250" step="2"/><U77/><E98/><V99/><F99/><W132/><G132/><T47/><D47/><U37/><E119/><V44/><F44/><W100/><G100/><T63/><D63/><U42/><E101/><V46/><F46/><W128/><G128/><T113/><D113/><U103/><E103/><N who="2" m="60863" /><F48/><W58/><G58/><T123/><D123/><U35/><E42/><V130/><F50/><W36/><G36/><T133/><D133/><U85/><E37/><V7/><F130/><W82/><AGARI ba="0,1" hai="1,5,10,75,76,82,92,93" m="35991,47723" machi="82" ten="30,2000,0" yaku="18,1,52,1" doraHai="107" who="3" fromWho="3" sc="240,-10,250,-5,250,-5,250,30" /><INIT seed="1,0,0,2,5,30" ten="230,245,245,280" oya="1" hai0="72,86,91,62,92,19,100,43,49,120,15,107,34" hai1="0,41,45,131,56,122,90,93,84,121,135,87,65" hai2="32,31,129,108,50,126,61,125,89,113,5,53,40" hai3="4,2,7,110,116,74,16,109,18,79,71,123,1"/><U52/><E0/><N who="3" m="106" /><G71/><T130/><D130/><U128/><E65/><V81/><F5/><N who="3" m="2123" /><G79/><T94/><D34/><U119/><E119/><V9/><F129/><N who="1" m="49737" /><E135/><V60/><F9/><W35/><G74/><T37/><D120/><U8/><E8/><V70/><F40/><W22/><G123/><T24/><D24/><U42/><E87/><N who="2" m="50415" /><F70/><W59/><G59/><T105/><D72/><U44/><E41/><V83/><F108/><N who="3" m="41579" /><G116/><T103/><D37/><N who="1" m="21583" /><E45/><V85/><F53/><W54/><G54/><T96/><D43/><U3/><E3/><V95/><F50/><AGARI ba="0,0" hai="50,52,56,84,90,93,121,122" m="21583,49737" machi="50" ten="30,2900,0" yaku="19,1,54,1" doraHai="30" who="1" fromWho="2" sc="230,0,245,29,245,-29,280,0" /><INIT seed="1,1,0,5,3,52" ten="230,274,216,280" oya="1" hai0="73,37,108,107,74,102,110,1,44,100,40,49,78" hai1="71,118,23,9,94,43,46,75,31,64,36,27,48" hai2="135,85,81,17,133,84,61,126,112,57,22,131,3" hai3="19,16,128,101,51,120,42,13,5,97,10,2,125"/><U66/><E118/><V106/><F126/><W21/><G128/><T113/><D1/><U24/><E75/><N who="0" m="28681" /><D113/><U18/><E71/><V59/><F131/><W114/><G114/><T129/><D129/><U35/><E36/><V122/><F112/><W56/><G125/><T104/><D78/><U117/><E117/><V80/><F122/><W124/><G124/><T134/><D49/><U89/><REACH who="1" step="1"/><E9/><REACH who="1" ten="230,264,216,280" step="2"/><V41/><F3/><W47/><G120/><T28/><D134/><N who="2" m="51210" /><F41/><W34/><G34/><T87/><D40/><U91/><E91/><N who="2" m="51591" /><F106/><W70/><G70/><T88/><D107/><U30/><E30/><V50/><F50/><W14/><G2/><T121/><D28/><U26/><E26/><N who="2" m="14671" /><F61/><W103/><G5/><T15/><D104/><U54/><E54/><V0/><F0/><W130/><G130/><T99/><D37/><U6/><E6/><V82/><F82/><W69/><G69/><T67/><D121/><U132/><E132/><V29/><F29/><W116/><G116/><T38/><D38/><U77/><E77/><AGARI ba="1,1" hai="57,59,77,81,85" m="14671,51591,51210" machi="77" ten="30,3900,0" yaku="20,1,52,2" doraHai="52" who="2" fromWho="1" sc="230,0,264,-42,216,52,280,0" /><INIT seed="2,0,0,0,0,27" ten="230,222,268,280" oya="2" hai0="93,14,110,116,19,125,119,48,76,23,97,123,3" hai1="40,70,59,18,83,11,0,114,107,45,98,132,69" hai2="56,84,77,120,113,115,30,96,88,75,7,41,100" hai3="101,5,61,81,112,106,21,65,103,31,73,15,86"/><V54/><F120/><W17/><G112/><T126/><D3/><U33/><E114/><V25/><F41/><W127/><G127/><N who="0" m="48651" /><D123/><U42/><E132/><V85/><F7/><W74/><G5/><T94/><D110/><U117/><E117/><N who="0" m="45129" /><D76/><U9/><E33/><N who="2" m="20687" /><F84/><W13/><G13/><T20/><D48/><U10/><E0/><V80/><F54/><W122/><G122/><T47/><D47/><U95/><E107/><N who="2" m="63879" /><F56/><W24/><G106/><T29/><D97/><U121/><E121/><V90/><F90/><W50/><G50/><T35/><D23/><U60/><E83/><V37/><F37/><W66/><G74/><T16/><D19/><U28/><E28/><V99/><F99/><W79/><G73/><T72/><D72/><U128/><E18/><V118/><F118/><W124/><G124/><T91/><D91/><U38/><E40/><V26/><F26/><AGARI ba="0,0" hai="14,16,20,26,29,35,93,94" m="45129,48651" machi="26" ten="30,7700,0" yaku="18,1,12,1,52,1,54,1" doraHai="27" who="0" fromWho="2" sc="230,77,222,0,268,-77,280,0" /><INIT seed="3,0,0,1,1,86" ten="307,222,191,280" oya="3" hai0="69,125,41,90,121,118,44,107,84,30,45,75,34" hai1="58,99,93,71,25,123,89,61,64,101,73,94,43" hai2="22,20,97,79,91,53,67,14,12,37,56,103,38" hai3="1,51,87,18,76,130,131,32,4,128,120,60,11"/><W135/><G120/><T82/><D118/><U23/><E123/><V110/><F79/><W36/><G36/><T52/><D69/><U59/><E73/><V19/><F67/><W5/><G135/><T13/><D121/><U96/><E43/><V74/><F74/><W39/><G39/><T27/><D107/><U116/><E116/><V21/><F110/><W49/><G32/><T62/><D125/><U65/><E71/><V72/><F72/><W8/><G18/><T78/><D13/><N who="2" m="5226" /><F37/><W114/><G60/><T109/><D109/><U70/><REACH who="1" step="1"/><E64/><REACH who="1" ten="307,212,191,280" step="2"/><V88/><F38/><W98/><G114/><T7/><D41/><U42/><E42/><V92/><F19/><AGARI ba="0,1" hai="19,23,25,58,59,61,65,70,89,93,94,96,99,101" machi="19" ten="30,3900,0" yaku="1,1,7,1,52,1,53,0" doraHai="86" doraHaiUra="127" who="1" fromWho="2" sc="307,0,212,49,191,-39,280,0" owari="307,40.7,261,-13.9,152,-34.8,280,8.0" /></mjloggm>