<mjloggm ver="2.3"><GO type="225" lobby="0"/><UN n0="%E3%83%81%E3%83%AF%E3%83%AF%E9%9A%8A%E9%95%B7" n1="%E5%91%A8%E6%9D%B1" n2="%E5%B8%86%E7%AB%8B%E5%A4%8F%E8%A1%A3" n3="%E5%8D%A0%E3%81%84%E5%B8%AB%E8%A3%8F%E3%81%AA%E3%81%84%E3%81%97" dan="16,17,17,17" rate="2128.09,2249.53,2167.21,2171.68" sx="M,M,M,M"/><TAIKYOKU oya="0"/><INIT seed="0,0,0,0,1,82" ten="250,250,250,250" oya="0" hai0="102,84,40,2,99,111,132,57,112,123,39,28,114" hai1="53,89,124,118,106,52,75,25,26,20,81,85,109" hai2="46,8,9,0,122,70,67,120,97,104,42,80,87" hai3="17,96,31,51,35,30,62,72,45,38,55,94,12"/><T135/><D123/><U13/><E106/><V78/><F70/><W127/><G72/><T68/><D68/><U58/><E118/><V101/><F67/><W1/><G1/><T79/><D2/><U91/><E109/><V48/><REACH who="2" step="1"/><F9/><REACH who="2" ten="250,250,240,250" step="2"/><W14/><G127/><T56/><D111/><U86/><E124/><V6/><AGARI ba="0,1" hai="0,6,8,42,46,48,78,80,87,97,101,104,120,122" machi="6" ten="30,7900,0" yaku="1,1,2,1,0,1,52,1,53,0" doraHai="82" doraHaiUra="71" who="2" fromWho="2" sc="250,-39,250,-20,240,89,250,-20" /><INIT seed="1,0,0,0,5,76" ten="211,230,329,230" oya="1" hai0="17,49,75,94,20,33,115,123,46,13,16,24,32" hai1="125,28,124,121,118,30,97,71,62,108,41,65,100" hai2="69,81,107,23,66,122,114,53,112,84,132,110,37" hai3="40,2,116,1,51,106,29,25,120,63,78,31,68"/><U131/><E121/><V67/><F37/><W5/><G120/><T55/><D123/><U92/><E118/><V14/><F122/><W70/><G116/><T127/><D115/><U134/><E134/><V18/><F107/><W7/><G106/><T47/><D127/><N who="1" m="48715" /><E131/><V8/><F110/><W130/><G130/><T27/><D75/><U10/><E108/><V129/><F132/><W43/><G78/><T102/><D46/><U111/><E111/><V90/><F129/><W72/><G51/><T98/><REACH who="0" step="1"/><D24/><REACH who="0" ten="201,230,329,230" step="2"/><U57/><E41/><V135/><F135/><W11/><G72/><T85/><D85/><U45/><E45/><V64/><F69/><W59/><G25/><T105/><D105/><U4/><E71/><V117/><F117/><W96/><G70/><T133/><D133/><U44/><E44/><V9/><F112/><W39/><G68/><T109/><D109/><U54/><E54/><V15/><F114/><W77/><G43/><T42/><D42/><U60/><E60/><V79/><F53/><W21/><G40/><T34/><D34/><U3/><AGARI ba="0,1" hai="3,4,10,28,30,57,62,65,92,97,100" m="48715" machi="3" ten="30,1500,0" yaku="18,1" doraHai="76" who="1" fromWho="1" sc="201,-5,230,25,329,-5,230,-5" /><INIT seed="1,1,0,0,3,4" ten="196,255,324,225" oya="1" hai0="90,109,93,36,83,78,53,99,72,69,92,6,80" hai1="68,23,49,110,19,115,14,0,40,128,13,121,119" hai2="7,18,85,58,62,73,124,20,123,5,116,47,39" hai3="88,24,111,25,133,86,59,102,91,70,2,33,11"/><U8/><E68/><V34/><F73/><W60/><G70/><T17/><D69/><U135/><E121/><V81/><F124/><W101/><G111/><T51/><D109/><U117/><E110/><V127/><F34/><W3/><G133/><T48/><D36/><U63/><E63/><V87/><F127/><W104/><G104/><T52/><D6/><U122/><E122/><V10/><F116/><W65/><G33/><T28/><D28/><U76/><E115/><V15/><F123/><W131/><G131/><T112/><D112/><U74/><E135/><V75/><F75/><W67/><G60/><T37/><D37/><U97/><E0/><V54/><F87/><W118/><G86/><T46/><D17/><U94/><E128/><V129/><F129/><W56/><REACH who="3" step="1"/><G11/><REACH who="3" ten="196,255,324,215" step="2"/><T105/><D105/><U108/><E108/><V32/><F32/><W30/><G30/><T95/><REACH who="0" step="1"/><D80/><REACH who="0" ten="186,255,324,215" step="2"/><U42/><E119/><AGARI ba="1,2" hai="2,3,24,25,56,59,65,67,88,91,101,102,118,119" machi="119" ten="25,6400,0" yaku="1,1,22,2,54,1,53,0" doraHai="4" doraHaiUra="41" who="3" fromWho="1" sc="186,0,255,-67,324,0,215,87" /><INIT seed="2,0,0,5,4,10" ten="186,188,324,302" oya="2" hai0="38,63,86,76,128,66,102,91,113,109,135,50,18" hai1="12,3,84,61,105,19,45,80,106,46,39,34,95" hai2="59,2,58,70,40,47,43,88,114,25,60,107,111" hai3="36,51,100,110,73,22,112,101,79,89,16,62,6"/><V52/><F107/><W71/><G36/><T49/><D113/><U98/><E3/><V20/><F114/><W77/><G112/><T81/><D38/><U56/><E34/><V104/><F104/><W13/><G110/><T132/><D109/><U24/><E24/><V125/><F2/><W31/><G73/><T130/><D102/><U69/><E69/><V5/><F5/><W11/><G31/><T99/><D18/><U42/><E46/><V1/><F1/><W133/><G133/><N who="0" m="51275" /><D99/><U78/><E95/><V116/><F125/><W30/><G30/><T120/><D120/><U21/><REACH who="1" step="1"/><E98/><REACH who="1" ten="186,178,324,302" step="2"/><V127/><F70/><W96/><G71/><N who="0" m="42463" /><D76/><U32/><E32/><V67/><F47/><W41/><G79/><T97/><D97/><U8/><E8/><V17/><F111/><W65/><G77/><T119/><D119/><U92/><E92/><V48/><F116/><W4/><G11/><T55/><D49/><U74/><E74/><V134/><F134/><W54/><G96/><T93/><D93/><U7/><E7/><V121/><F121/><W129/><G4/><T37/><D37/><U117/><E117/><V44/><F127/><W64/><G6/><T108/><D108/><U85/><E85/><V28/><F44/><AGARI ba="0,1" hai="44,50,55,81,86,91,128,130" m="42463,51275" machi="44" ten="30,1000,0" yaku="20,1" doraHai="10" who="0" fromWho="2" sc="186,20,178,0,324,-10,302,0" /><INIT seed="3,0,0,2,5,8" ten="206,178,314,302" oya="3" hai0="0,38,122,33,130,96,134,95,101,131,81,27,110" hai1="82,129,77,69,93,34,16,135,50,22,29,54,76" hai2="85,48,116,106,43,94,109,114,35,117,53,78,75" hai3="30,92,100,72,83,49,60,133,2,70,107,120,97"/><W12/><G120/><T13/><D0/><U47/><E69/><V121/><F106/><W87/><G2/><T42/><D122/><U41/><E135/><V6/><F35/><W10/><G133/><T112/><D134/><U46/><E129/><V66/><F121/><W36/><G36/><T62/><D112/><U25/><E93/><V104/><F104/><W23/><G72/><T113/><D113/><U18/><E82/><V67/><F109/><W65/><G49/><T15/><D110/><U19/><REACH who="1" step="1"/><E34/><REACH who="1" ten="206,168,314,302" step="2"/><V125/><F94/><W89/><G107/><T20/><D33/><U45/><E45/><V24/><F114/><W40/><G40/><T88/><D81/><U55/><E55/><V51/><F53/><W132/><G132/><T21/><D131/><U118/><E118/><V57/><F43/><W37/><G37/><T68/><D130/><U123/><E123/><V99/><F116/><W71/><G71/><T80/><D38/><U115/><E115/><V63/><F117/><W79/><G100/><T14/><D42/><U31/><E31/><V108/><F108/><W74/><G74/><T61/><D68/><U17/><N who="1" m="4096" /><DORA hai="111" /><U91/><E91/><V128/><F75/><W84/><G30/><N who="0" m="17767" /><D21/><U64/><E64/><V7/><F67/><W59/><G23/><T126/><D126/><U44/><E44/><V90/><F128/><W1/><G70/><T26/><D26/><U58/><E58/><V102/><F24/><W127/><G127/><T98/><D98/><U39/><AGARI ba="0,1" hai="22,25,29,39,41,46,47,50,54,76,77" m="4096" machi="39" ten="40,5200,0" yaku="1,1,0,1,54,1,53,0" doraHai="8,111" doraHaiUra="56,5" who="1" fromWho="1" sc="206,-13,168,62,314,-13,302,-26" owari="193,-30.7,230,-17.0,301,40.1,276,7.6" /></mjloggm>