<mjloggm ver="2.3"><GO type="225" lobby="0"/><UN n0="%E7%99%BD%E5%80%89%E5%AF%9B%E4%B9%8B" n1="%72%65%6E%6B%75%6E" n2="%E3%82%A2%E3%83%9E%E3%83%9D%EF%BD%9E%EF%BD%9E%E3%83%A9" n3="%E3%81%94%E3%83%BC%E3%81%A9%E3%82%93" dan="16,17,17,16" rate="2127.07,2221.84,2086.10,2081.60" sx="M,M,M,M"/><TAIKYOKU oya="0"/><INIT seed="0,0,0,1,2,43" ten="250,250,250,250" oya="0" hai0="21,118,34,3,26,67,96,58,12,132,37,108,17" hai1="46,24,60,71,4,31,42,102,131,32,81,55,62" hai2="134,98,0,65,30,14,104,117,87,76,91,15,111" hai3="38,103,7,116,70,86,56,79,23,39,41,8,69"/><T13/><D37/><U5/><E131/><V129/><F0/><W2/><G116/><T68/><D3/><U78/><E102/><V90/><F129/><W135/><G135/><T9/><D118/><U114/><E114/><V28/><F111/><W121/><G103/><T57/><D34/><U50/><E62/><V110/><F104/><W115/><G115/><T125/><D132/><U64/><REACH who="1" step="1"/><E42/><REACH who="1" ten="250,240,250,250" step="2"/><V120/><F117/><W10/><G41/><T1/><D108/><U77/><E77/><V40/><F76/><W82/><G121/><T49/><D125/><U80/><E80/><V126/><F40/><W94/><G82/><T123/><D123/><U84/><AGARI ba="0,1" hai="4,5,24,31,32,46,50,55,60,64,71,78,81,84" machi="84" ten="20,5200,0" yaku="1,1,0,1,7,1,52,1,53,0" doraHai="43" doraHaiUra="99" who="1" fromWho="1" sc="250,-26,240,62,250,-13,250,-13" /><INIT seed="1,0,0,1,0,90" ten="224,302,237,237" oya="1" hai0="82,20,8,41,77,29,32,19,66,24,70,68,107" hai1="135,108,15,112,114,76,7,0,44,134,78,51,45" hai2="132,36,74,57,63,14,75,5,97,94,22,6,92" hai3="128,13,49,11,99,110,115,30,48,100,95,26,60"/><U98/><E0/><V16/><F36/><W118/><G118/><T55/><D107/><U39/><E39/><V96/><F75/><W71/><G115/><N who="1" m="44074" /><E98/><N who="2" m="37995" /><F74/><W80/><G128/><T21/><D41/><U38/><E38/><V42/><F132/><N who="1" m="50729" /><E108/><V101/><F42/><W35/><G110/><T130/><D130/><U91/><E91/><V28/><F28/><W69/><G80/><T133/><D133/><U64/><E64/><N who="2" m="39023" /><F101/><W52/><G60/><T79/><D66/><U88/><E88/><V67/><F67/><W89/><G100/><T61/><D77/><N who="1" m="29803" /><E51/><V59/><F59/><W47/><REACH who="3" step="1"/><G49/><REACH who="3" ten="224,302,237,227" step="2"/><T10/><D61/><U123/><E123/><V117/><F117/><W54/><G54/><T106/><D55/><U2/><E2/><V87/><F87/><W65/><G65/><T40/><D70/><U27/><E27/><V9/><F5/><AGARI ba="0,1" hai="5,11,13,26,30,35,47,48,52,69,71,89,95,99" machi="5" ten="30,7700,0" yaku="1,1,7,1,52,1,54,1,53,0" doraHai="90" doraHaiUra="58" who="3" fromWho="2" sc="224,0,302,0,237,-77,227,87" /><INIT seed="2,0,0,1,4,32" ten="224,302,160,314" oya="2" hai0="3,35,62,108,23,48,89,7,61,26,37,106,111" hai1="86,58,72,87,110,91,39,27,18,17,31,46,4" hai2="34,33,16,93,126,78,19,133,10,57,1,92,113" hai3="51,55,85,25,105,107,2,75,44,131,95,64,128"/><V123/><F113/><W127/><G75/><T49/><D37/><U5/><E72/><V134/><F123/><W50/><G127/><T53/><D106/><U6/><E110/><N who="0" m="42025" /><D35/><N who="2" m="13322" /><F57/><W121/><G64/><T130/><D130/><U135/><E135/><N who="2" m="51723" /><F78/><W119/><G121/><T124/><D124/><U52/><E39/><V54/><F54/><W97/><G55/><T100/><D100/><U59/><E46/><V15/><F126/><W98/><G44/><N who="0" m="27783" /><D89/><U13/><E59/><V45/><F45/><W115/><G115/><T109/><D49/><U120/><E120/><V47/><F47/><W132/><G132/><T117/><D117/><U125/><E125/><V96/><F96/><W11/><G119/><T40/><D40/><U38/><E38/><V74/><F74/><W30/><G98/><T118/><D118/><U70/><E58/><V73/><F73/><W66/><G97/><T88/><D88/><U24/><E52/><V14/><F1/><W79/><G2/><T8/><N who="0" m="42033" /><T63/><DORA hai="81" /><D62/><U65/><E87/><V129/><F129/><W102/><G85/><T80/><D80/><U28/><E86/><V116/><F116/><W67/><G51/><T77/><D77/><U0/><E91/><V103/><F103/><W83/><G50/><T29/><AGARI ba="0,0" hai="3,7,8,23,26,29,61,63" m="27783,42033" machi="29" ten="40,2700,0" yaku="14,1,52,1" doraHai="32,81" who="0" fromWho="0" sc="224,27,302,-7,160,-13,314,-7" /><INIT seed="3,0,0,2,0,118" ten="251,295,147,307" oya="3" hai0="116,6,84,131,21,119,40,102,22,109,38,65,69" hai1="50,56,83,11,23,87,108,5,88,93,16,100,44" hai2="128,120,107,132,97,9,113,19,92,37,28,26,42" hai3="86,60,127,124,90,3,106,30,103,39,55,58,0"/><W33/><G39/><T81/><D109/><U73/><E108/><V52/><F113/><W31/><G103/><T71/><D131/><U35/><E35/><V45/><F128/><W18/><G106/><T80/><D102/><U53/><E73/><V72/><F132/><W115/><G115/><T4/><D84/><U99/><E11/><V82/><F107/><W105/><G105/><T111/><D111/><U96/><E5/><V114/><F114/><W75/><G18/><T27/><D65/><U51/><E99/><V129/><F129/><W15/><G15/><T67/><D67/><U133/><E133/><V32/><F82/><N who="3" m="49495" /><G75/><T20/><D40/><U25/><E44/><V130/><F72/><W121/><G121/><T63/><D63/><AGARI ba="0,0" hai="16,23,25,50,51,53,56,63,83,87,88,93,96,100" machi="63" ten="30,7700,0" yaku="7,1,8,1,54,2" doraHai="118" who="1" fromWho="0" sc="251,-77,295,77,147,0,307,0" owari="174,-22.6,372,47.2,147,-35.3,307,10.7" /></mjloggm>