<mjloggm ver="2.3"><GO type="225" lobby="0"/><UN n0="%E3%83%96%E3%83%83%E3%83%91%E3%82%AA%E3%83%96%E3%83%81%E3%82%AD%E3%83%B3" n1="%E8%A6%9A%E9%86%92%E3%81%97%E3%81%9F%E3%81%A8%E3%81%BE%E3%81%A8" n2="%70%68%65%6E%6F%6D%65" n3="%E5%91%A8%E6%9D%B1" dan="16,16,16,16" rate="2151.29,2086.53,2190.56,2147.79" sx="M,M,M,M"/><TAIKYOKU oya="0"/><INIT seed="0,0,0,0,0,109" ten="250,250,250,250" oya="0" hai0="46,73,47,3,17,87,61,118,43,77,79,50,8" hai1="80,76,57,125,71,84,74,83,75,5,11,116,131" hai2="133,2,81,42,134,37,63,48,66,16,122,115,103" hai3="72,45,1,114,15,70,60,59,58,51,52,129,31"/><T25/><D118/><U28/><E116/><V69/><F2/><W88/><G1/><T120/><D120/><U102/><E131/><V112/><F122/><W0/><G0/><T132/><D132/><N who="2" m="50794" /><F103/><W85/><G72/><T130/><D130/><U53/><E71/><V64/><F66/><W56/><G129/><T30/><D73/><U124/><E102/><V128/><F128/><W24/><G15/><T49/><D87/><U22/><E22/><V119/><F119/><W23/><G70/><T92/><D92/><U107/><E107/><V82/><F48/><W110/><G110/><T32/><D61/><N who="1" m="36015" /><E28/><V55/><F55/><W123/><G123/><T121/><D121/><U126/><E83/><N who="2" m="31755" /><F16/><W95/><REACH who="3" step="1"/><G114/><REACH who="3" ten="250,250,250,240" step="2"/><N who="2" m="43561" /><F42/><AGARI ba="0,1" hai="23,24,31,42,45,51,52,56,58,59,60,85,88,95" machi="42" ten="30,12000,2" yaku="1,1,7,1,8,1,54,2,53,1" doraHai="109" doraHaiUra="18" who="3" fromWho="2" sc="250,0,250,0,250,-120,240,130" /><INIT seed="1,0,0,3,2,108" ten="250,250,130,370" oya="1" hai0="70,117,58,20,119,34,123,47,133,128,71,6,16" hai1="68,76,101,89,48,82,29,125,122,61,65,132,5" hai2="109,74,91,113,14,25,77,126,99,56,64,55,38" hai3="127,54,23,69,88,93,66,26,42,90,18,31,103"/><U72/><E122/><V3/><F109/><W13/><G127/><T131/><D34/><U37/><E125/><V11/><F126/><W36/><G36/><T44/><D6/><U106/><E132/><V92/><F38/><W134/><G42/><T97/><D97/><U59/><E37/><V50/><F3/><W118/><G118/><N who="0" m="45067" /><D133/><U12/><E29/><V135/><F135/><W87/><G134/><T39/><D39/><U22/><E89/><V53/><F64/><W81/><G103/><T94/><D94/><U19/><E5/><V52/><F113/><W21/><G69/><N who="0" m="26123" /><D123/><U7/><E7/><V30/><F77/><W78/><G66/><T85/><D85/><U10/><E101/><V84/><F74/><W27/><G54/><T33/><D33/><U75/><E106/><V104/><F99/><W115/><G90/><T17/><D58/><U63/><E48/><V45/><F56/><W4/><G4/><T73/><D73/><U102/><E102/><V116/><F104/><W80/><G80/><T15/><D17/><U105/><E105/><V8/><F116/><W46/><G13/><T121/><D121/><U86/><REACH who="1" step="1"/><E22/><REACH who="1" ten="250,240,130,370" step="2"/><N who="2" m="15671" /><F8/><W28/><G28/><T120/><D120/><U129/><E129/><AGARI ba="0,1" hai="15,16,20,44,47,128,129,131" m="26123,45067" machi="129" ten="40,2600,0" yaku="19,1,54,1" doraHai="108" who="0" fromWho="1" sc="250,36,240,-26,130,0,370,0" /><INIT seed="2,0,0,2,3,111" ten="286,214,130,370" oya="2" hai0="6,57,61,46,5,48,30,118,127,38,90,68,114" hai1="130,35,74,49,119,52,17,98,73,44,67,124,0" hai2="37,134,25,56,83,59,112,115,32,82,84,28,91" hai3="29,101,21,23,70,131,122,102,132,75,99,116,16"/><V78/><F37/><W20/><G70/><T45/><D114/><U97/><E119/><V27/><F134/><W19/><G122/><T4/><D68/><U34/><E130/><V15/><F15/><W31/><G75/><T81/><D127/><U72/><E124/><V12/><F27/><W9/><G116/><T41/><D118/><U18/><E0/><V55/><F12/><W117/><G117/><T105/><D105/><U54/><E67/><V3/><F3/><W64/><G64/><T104/><D104/><U11/><E11/><V123/><F123/><W86/><G9/><T2/><D30/><U63/><E63/><V42/><F42/><W89/><G131/><T14/><D2/><U125/><E125/><V76/><F59/><W24/><G132/><T88/><D14/><U133/><E133/><V95/><F83/><W65/><G65/><T10/><D10/><U36/><E36/><V8/><F8/><W60/><G24/><T126/><D126/><U106/><E106/><V113/><REACH who="2" step="1"/><F82/><REACH who="2" ten="286,214,120,370" step="2"/><N who="3" m="49367" /><G29/><T7/><D81/><U62/><E62/><AGARI ba="0,1" hai="25,28,32,55,56,62,76,78,84,91,95,112,113,115" machi="62" ten="40,12000,1" yaku="1,1,52,3,53,0" doraHai="111" doraHaiUra="69" who="2" fromWho="1" sc="286,0,214,-120,120,130,370,0" /><INIT seed="2,1,0,0,0,79" ten="286,94,250,370" oya="2" hai0="94,15,121,117,34,88,131,135,9,12,68,60,66" hai1="18,16,75,84,65,76,5,91,7,64,92,22,30" hai2="97,129,23,33,93,49,126,73,52,56,104,8,62" hai3="58,24,116,81,4,47,95,103,80,108,86,37,69"/><V45/><F126/><W132/><G69/><T109/><D121/><U134/><E134/><V67/><F129/><W70/><G70/><T27/><D135/><U89/><E30/><V96/><F33/><W105/><G116/><T102/><D131/><U44/><E44/><V0/><F73/><W98/><G132/><T87/><D109/><U6/><E18/><V10/><F0/><W17/><G4/><T14/><D117/><U124/><E124/><V43/><F104/><W72/><G108/><T36/><D36/><U90/><E75/><V19/><F67/><W59/><G72/><T101/><REACH who="0" step="1"/><D9/><REACH who="0" ten="276,94,250,370" step="2"/><N who="2" m="3690" /><F93/><W82/><G95/><T123/><D123/><U21/><E21/><V11/><N who="2" m="3698" /><V110/><DORA hai="28" /><F110/><W31/><G37/><T25/><D25/><AGARI ba="1,1" hai="19,23,25,43,45,49,52,56,62,96,97" m="3698" machi="25" ten="30,2900,0" yaku="8,1,54,1" doraHai="79,28" who="2" fromWho="0" sc="276,-32,94,0,250,42,370,0" /><INIT seed="2,2,0,1,0,7" ten="244,94,292,370" oya="2" hai0="11,106,44,130,60,27,59,81,129,89,93,65,95" hai1="72,76,42,25,74,113,6,118,98,110,104,107,70" hai2="103,125,119,8,114,124,115,39,3,2,123,111,9" hai3="23,87,10,133,84,122,46,26,57,126,17,67,14"/><V16/><F119/><W41/><G122/><T36/><D106/><U29/><E42/><V22/><F39/><W132/><G126/><N who="2" m="48745" /><F123/><W83/><G57/><T71/><D27/><U100/><E110/><V0/><F103/><W21/><G67/><T49/><D81/><U109/><E109/><V64/><F64/><W1/><G1/><T50/><D36/><U58/><E58/><V48/><F111/><W99/><G99/><T120/><D120/><U117/><E113/><N who="2" m="43019" /><F48/><N who="3" m="26703" /><G23/><T53/><D89/><U5/><E70/><V40/><F40/><W97/><G97/><T128/><REACH who="0" step="1"/><D11/><REACH who="0" ten="234,94,292,370" step="2"/><U88/><E88/><V78/><F78/><W35/><G10/><T108/><D108/><U80/><E107/><V62/><F62/><W61/><G61/><T4/><D4/><U32/><REACH who="1" step="1"/><E72/><REACH who="1" ten="234,84,292,370" step="2"/><V12/><AGARI ba="2,2" hai="0,2,3,8,9,12,16,22" m="43019,48745" machi="12" ten="40,18000,2" yaku="18,1,34,2,52,2,54,1" doraHai="7" who="2" fromWho="2" sc="234,-62,84,-62,292,206,370,-62" /><INIT seed="2,3,0,4,3,87" ten="172,22,498,308" oya="2" hai0="81,13,48,73,46,113,11,14,32,122,98,77,108" hai1="37,42,40,88,18,54,43,97,64,72,121,133,21" hai2="132,75,74,66,110,106,125,112,3,123,130,126,85" hai3="135,25,44,23,9,35,19,124,57,116,118,104,86"/><V17/><RYUUKYOKU type="yao9" ba="3,0" sc="172,0,22,0,498,0,308,0" hai2="3,17,66,74,75,85,106,110,112,123,125,126,130,132" /><INIT seed="2,4,0,3,4,79" ten="172,22,498,308" oya="2" hai0="71,63,41,38,54,124,109,60,73,93,42,29,128" hai1="91,75,127,67,87,126,90,18,85,115,134,31,77" hai2="105,86,34,111,102,46,122,39,20,94,135,106,32" hai3="19,16,36,6,15,48,47,25,12,101,82,80,125"/><V70/><F70/><W33/><G125/><N who="1" m="47626" /><E18/><V27/><F122/><W3/><G36/><T10/><D73/><U58/><E58/><V74/><F135/><W103/><G3/><T51/><D124/><U56/><E56/><V123/><F74/><W119/><G119/><T83/><D128/><U37/><E67/><V133/><F133/><W4/><G33/><T110/><D29/><U50/><E50/><V8/><F123/><W35/><G35/><T117/><D117/><U120/><E37/><V22/><F8/><W2/><G2/><T53/><D10/><U52/><E31/><V89/><F22/><W96/><G96/><T61/><D38/><U132/><E52/><N who="0" m="20073" /><D71/><U30/><E30/><V1/><F111/><N who="0" m="42506" /><D51/><U65/><E65/><V104/><F1/><W107/><G48/><T113/><D113/><U98/><E120/><V21/><F21/><W72/><G72/><T68/><D68/><U24/><E24/><V28/><F34/><W76/><G107/><T130/><D130/><U114/><E98/><V69/><F69/><W17/><G25/><T78/><D41/><U7/><E7/><V55/><F32/><W11/><G11/><T44/><D42/><U81/><E134/><V99/><F39/><W100/><G47/><T118/><D118/><U95/><E132/><V23/><F23/><W45/><G45/><T0/><D44/><U5/><E5/><V108/><F108/><W43/><G43/><T49/><D49/><U13/><E13/><V57/><F46/><W112/><G4/><T92/><D0/><U121/><E121/><V129/><F129/><RYUUKYOKU ba="4,0" sc="172,10,22,10,498,10,308,-30" hai0="60,61,63,78,83,92,93" hai1="75,77,81,85,87,90,91,95,114,115" hai2="20,27,28,55,57,86,89,94,99,102,104,105,106" /><INIT seed="2,5,0,0,2,113" ten="182,32,508,278" oya="2" hai0="56,127,124,85,129,111,65,62,22,72,27,13,9" hai1="51,110,16,90,39,134,66,41,63,104,30,133,7" hai2="92,48,123,73,20,31,29,1,18,108,109,44,70" hai3="3,101,40,95,122,103,4,80,126,55,0,86,25"/><V26/><F70/><W35/><G122/><T28/><D72/><U10/><E104/><V84/><F73/><W118/><G40/><T83/><D111/><N who="2" m="42570" /><F1/><W99/><G126/><T46/><D129/><U117/><E110/><V98/><F84/><W106/><G4/><T68/><D68/><U79/><E79/><V64/><F64/><W81/><G118/><T43/><D43/><U59/><E39/><V57/><F57/><W102/><G106/><T82/><D46/><U112/><E112/><V116/><F123/><W96/><G35/><T60/><D60/><U94/><E30/><V15/><F26/><W50/><G25/><T87/><D87/><U120/><E117/><V132/><F132/><W54/><G86/><T128/><D128/><U38/><E120/><V119/><F29/><W8/><G0/><T78/><REACH who="0" step="1"/><D82/><REACH who="0" ten="172,32,508,278" step="2"/><U33/><E134/><V88/><F31/><W135/><G80/><T91/><D91/><U14/><E133/><V36/><F36/><W45/><G81/><T34/><D34/><U47/><E33/><V105/><F105/><W114/><G135/><T6/><AGARI ba="5,1" hai="6,9,13,22,27,28,56,62,65,78,83,85,124,127" machi="6" ten="30,2000,0" yaku="1,1,0,1,53,0" doraHai="113" doraHaiUra="125" who="0" fromWho="0" sc="172,45,32,-10,508,-15,278,-10" /><INIT seed="3,0,0,2,2,8" ten="217,22,493,268" oya="3" hai0="26,33,27,57,54,22,82,37,62,4,71,59,90" hai1="19,18,119,111,66,125,47,108,77,52,109,75,115" hai2="83,130,114,36,38,103,50,30,60,49,13,133,118" hai3="76,9,99,126,129,81,12,79,64,121,7,89,25"/><W31/><G126/><T128/><D37/><U97/><E125/><V28/><F83/><W88/><G121/><T34/><D128/><U105/><E66/><V110/><F60/><W68/><G129/><T20/><D71/><U116/><E19/><V78/><F103/><W131/><G131/><T84/><D4/><U6/><E18/><V16/><F16/><W85/><G68/><T1/><D1/><U23/><E6/><V102/><F102/><W40/><G64/><T15/><D34/><U112/><E23/><N who="0" m="8745" /><D33/><U80/><E52/><V132/><F78/><W104/><G40/><T65/><D27/><U120/><E47/><V11/><F11/><W41/><G41/><T10/><D26/><U94/><E94/><V107/><F107/><W63/><G63/><N who="0" m="36279" /><D10/><U53/><E53/><V3/><F13/><W48/><G48/><T101/><D101/><N who="1" m="62639" /><E120/><V21/><F21/><N who="3" m="15791" /><G104/><T29/><D29/><U92/><E92/><V98/><F3/><W55/><G55/><T93/><D93/><AGARI ba="0,0" hai="7,9,12,76,79,81,85,88,89,93,99" m="15791" machi="93" ten="30,5800,0" yaku="8,1,52,1,54,1" doraHai="8" who="3" fromWho="0" sc="217,-58,22,0,493,0,268,58" /><INIT seed="3,1,0,4,5,83" ten="159,22,493,326" oya="3" hai0="23,99,47,72,125,38,101,103,10,9,33,131,76" hai1="135,42,1,16,102,69,50,8,74,45,39,106,112" hai2="95,65,27,57,123,98,133,116,31,81,62,43,18" hai3="37,63,19,132,15,111,41,55,46,71,40,130,21"/><W114/><G130/><T52/><D33/><U66/><E135/><V70/><F116/><W118/><G132/><T24/><D131/><U4/><E112/><V78/><F133/><W13/><G114/><T94/><D125/><U17/><E50/><V20/><F123/><W122/><G122/><T28/><D72/><U51/><E51/><V67/><F43/><W109/><G118/><T93/><D76/><U6/><E6/><V61/><F31/><W80/><G41/><T121/><D121/><U68/><E16/><V3/><F3/><W25/><G80/><T0/><D0/><U87/><E17/><V113/><F113/><W100/><G100/><N who="0" m="38475" /><D38/><U79/><E87/><V12/><F12/><W2/><G2/><T22/><D22/><U91/><E91/><V97/><F95/><N who="0" m="36362" /><D99/><U54/><E54/><V77/><F77/><W11/><G13/><T14/><D14/><U58/><E58/><V32/><F32/><W129/><G129/><T36/><D36/><U127/><E66/><V134/><F134/><W29/><REACH who="3" step="1"/><G71/><REACH who="3" ten="159,22,493,316" step="2"/><T110/><D110/><U105/><E127/><V120/><F120/><W26/><G26/><T53/><D53/><U64/><E64/><V7/><F7/><W5/><G5/><T49/><AGARI ba="1,1" hai="9,10,23,24,28,47,49,52" m="36362,38475" machi="49" ten="30,2000,0" yaku="8,1,54,1" doraHai="83" who="0" fromWho="0" sc="159,33,22,-6,493,-6,316,-11" owari="192,-20.8,16,-48.4,487,58.7,305,10.5" /></mjloggm>