<mjloggm ver="2.3"><GO type="225" lobby="0"/><UN n0="%E9%B4%A8%4E%45%47%49" n1="%E3%80%90%E3%83%88%E3%83%AA%E3%83%A5%E3%83%95%E3%80%91" n2="%E7%B4%94%E6%BD%94%E3%83%94%E3%83%A9%E3%83%8B%E3%82%A2" n3="%E9%BB%99%E8%81%B4%E3%81%AE%E3%81%99%E3%82%9D%E3%82%81" dan="16,16,17,16" rate="2068.84,2097.63,2181.91,2120.66" sx="M,M,M,M"/><TAIKYOKU oya="0"/><INIT seed="0,0,0,3,2,3" ten="250,250,250,250" oya="0" hai0="5,0,4,1,102,119,94,96,93,53,38,115,77" hai1="34,46,104,99,108,52,67,36,117,17,27,75,87" hai2="78,109,10,101,135,24,68,114,35,97,120,26,81" hai3="44,33,125,130,58,133,124,7,32,121,25,59,89"/><T55/><D115/><U21/><E117/><V31/><F109/><W23/><G130/><T63/><D119/><U72/><E108/><V129/><F135/><W127/><G133/><T112/><D112/><U13/><E67/><V50/><F68/><W49/><G121/><T105/><D38/><U19/><E87/><V6/><F129/><W73/><G73/><T22/><D77/><U69/><E69/><V86/><F120/><W39/><G89/><T8/><D22/><U100/><E34/><N who="3" m="13418" /><G39/><T92/><REACH who="0" step="1"/><D63/><REACH who="0" ten="240,250,250,250" step="2"/><U76/><E76/><V90/><F114/><W85/><G127/><T48/><D48/><U43/><REACH who="1" step="1"/><E52/><REACH who="1" ten="240,240,250,250" step="2"/><V126/><F78/><W14/><G125/><T45/><D45/><U79/><E79/><V40/><F126/><W2/><G44/><T41/><D41/><U83/><E83/><V64/><F40/><W84/><G124/><T88/><D88/><U107/><E107/><V60/><F50/><W18/><G49/><T110/><D110/><U15/><E15/><V9/><F64/><W61/><G14/><T98/><D98/><U118/><E118/><V103/><F60/><W65/><G65/><T71/><D71/><U20/><AGARI ba="0,2" hai="13,17,19,20,21,27,36,43,46,72,75,99,100,104" machi="20" ten="20,2700,0" yaku="1,1,0,1,7,1,53,0" doraHai="3" doraHaiUra="66" who="1" fromWho="1" sc="240,-13,240,47,250,-7,250,-7" /><INIT seed="1,0,0,0,2,82" ten="227,287,243,243" oya="1" hai0="86,75,21,102,90,96,131,106,105,67,42,46,17" hai1="122,63,129,100,57,68,126,6,14,87,117,89,49" hai2="39,22,1,101,35,92,98,45,112,40,58,113,80" hai3="15,110,76,62,132,29,28,94,61,37,84,88,52"/><U70/><E117/><V64/><F35/><W55/><G37/><T19/><D131/><U24/><E122/><V130/><F1/><W34/><G110/><T128/><D128/><U12/><E129/><V134/><F130/><W69/><G132/><T103/><D75/><U79/><E100/><V85/><F134/><W74/><G74/><T78/><D67/><U124/><E24/><V97/><F97/><W33/><G33/><T59/><D59/><U44/><E79/><V54/><F22/><W51/><G76/><T81/><D78/><U4/><E57/><V43/><F43/><W71/><G69/><T120/><D120/><U99/><E99/><V107/><F64/><W8/><G71/><T23/><D103/><U73/><E73/><V65/><F65/><W114/><G114/><T13/><D96/><U27/><E27/><V66/><F66/><W11/><G11/><T2/><D2/><U93/><E63/><N who="3" m="24074" /><G34/><T116/><D102/><U48/><E93/><V56/><F107/><W119/><G119/><T77/><D77/><U20/><E20/><V115/><F54/><N who="3" m="20523" /><G51/><T50/><REACH who="0" step="1"/><D116/><REACH who="0" ten="217,287,243,243" step="2"/><U10/><E68/><V127/><F56/><W135/><G135/><T47/><D47/><U9/><E44/><V18/><F58/><W118/><G118/><T36/><D36/><U38/><E38/><V95/><F45/><W5/><AGARI ba="0,1" hai="5,8,15,28,29,84,88,94" m="20523,24074" machi="5" ten="30,7900,0" yaku="8,1,52,1,54,2" doraHai="82" who="3" fromWho="3" sc="217,-20,287,-39,243,-20,243,89" /><INIT seed="2,0,0,1,2,62" ten="197,248,223,332" oya="2" hai0="100,7,3,20,115,16,10,41,118,31,86,126,128" hai1="9,84,22,57,96,65,80,47,124,68,107,45,55" hai2="119,82,102,104,40,112,8,83,120,131,18,4,133" hai3="63,121,71,73,50,111,66,36,85,95,46,26,13"/><V58/><F112/><W37/><G73/><T87/><D115/><U75/><E124/><V39/><F119/><W44/><G121/><T35/><D126/><U2/><E75/><V78/><F120/><W56/><G111/><T94/><D118/><U116/><E22/><V27/><F131/><W101/><G26/><T42/><D128/><U15/><E2/><V127/><F127/><W69/><G13/><T29/><D87/><U135/><E135/><V109/><F133/><W48/><G95/><T81/><D94/><U106/><E68/><N who="3" m="26186" /><G101/><T122/><D100/><U17/><E116/><V6/><F109/><W92/><G85/><T64/><D122/><U70/><E96/><V123/><F58/><W72/><G92/><T74/><D74/><U117/><E117/><V43/><F39/><N who="3" m="14923" /><G72/><T25/><D31/><U51/><E106/><V108/><F108/><W21/><G21/><T132/><D132/><U130/><E107/><V53/><F102/><W110/><G110/><T24/><REACH who="0" step="1"/><D64/><REACH who="0" ten="187,248,223,332" step="2"/><U98/><E130/><V34/><F123/><W76/><G76/><AGARI ba="0,1" hai="3,7,10,16,20,24,25,29,35,41,42,76,81,86" machi="76" ten="30,7700,0" yaku="1,1,2,1,7,1,54,1,53,0" doraHai="62" doraHaiUra="89" who="0" fromWho="3" sc="187,87,248,0,223,0,332,-77" /><INIT seed="3,0,0,4,3,107" ten="274,248,223,255" oya="3" hai0="106,94,44,66,68,75,47,27,2,41,61,87,21" hai1="99,122,95,81,34,19,43,20,73,85,78,77,46" hai2="130,15,39,65,55,90,63,45,101,92,50,3,118" hai3="30,4,26,86,124,36,109,83,23,102,62,33,49"/><W38/><G124/><T115/><D106/><U58/><E122/><V89/><F118/><W93/><G109/><T113/><D2/><U133/><E133/><V40/><F3/><W7/><G33/><T110/><D87/><U28/><E58/><V84/><F130/><W125/><G125/><T9/><D94/><U79/><E34/><V35/><F35/><W116/><G116/><T119/><D9/><U72/><E28/><V80/><F101/><W54/><G62/><T100/><D100/><U134/><E134/><V69/><F15/><W117/><G117/><T17/><D119/><U128/><E128/><V88/><F92/><W25/><G25/><T104/><D104/><U121/><E121/><V120/><F120/><W91/><G38/><T135/><D47/><U5/><E5/><V59/><AGARI ba="0,0" hai="39,40,45,50,55,59,63,65,69,80,84,88,89,90" machi="59" ten="20,8000,1" yaku="0,1,7,1,24,2,54,1" doraHai="107" who="2" fromWho="2" sc="274,-20,248,-20,223,80,255,-40" owari="254,5.4,228,-17.2,303,40.3,215,-28.5" /></mjloggm>