<mjloggm ver="2.3"><GO type="225" lobby="0"/><UN n0="%E6%81%A5%E6%99%92%E3%81%97" n1="%77%72%77%72%77%72%77%72" n2="%E5%91%A8%E6%9D%B1" n3="%E3%83%81%E3%83%83%E3%82%BF%E3%82%BD%E3%83%BC" dan="16,17,16,16" rate="2097.90,2142.81,2165.60,2113.22" sx="M,M,M,F"/><TAIKYOKU oya="0"/><INIT seed="0,0,0,1,5,100" ten="250,250,250,250" oya="0" hai0="13,3,103,14,35,56,42,78,70,25,98,9,49" hai1="66,48,99,84,52,97,118,0,30,77,31,8,58" hai2="26,64,91,24,83,81,36,51,120,6,54,34,96" hai3="15,130,19,124,2,125,71,1,22,116,87,43,112"/><T44/><D70/><U93/><E118/><V132/><F36/><W79/><G116/><T133/><D133/><U38/><E38/><V105/><F120/><W109/><G112/><T27/><D78/><U20/><E66/><V101/><F132/><W29/><G71/><T61/><D3/><U121/><E121/><V104/><F6/><W28/><G43/><T33/><D33/><U47/><E47/><V65/><F34/><W80/><G109/><T127/><D127/><N who="3" m="48713" /><G130/><T63/><D63/><U123/><E123/><V55/><F101/><W12/><G12/><T32/><D32/><U18/><E8/><V117/><F96/><N who="1" m="36937" /><E0/><AGARI ba="0,0" hai="0,1,2,15,19,22,28,29,79,80,87" m="48713" machi="0" ten="30,1000,0" yaku="18,1" doraHai="100" who="3" fromWho="1" sc="250,0,250,-10,250,0,250,10" /><INIT seed="1,0,0,0,1,62" ten="250,240,250,260" oya="1" hai0="87,29,77,70,76,112,133,109,82,47,41,88,1" hai1="28,26,117,55,31,32,56,36,59,23,6,54,44" hai2="15,14,18,132,74,34,121,79,125,90,98,27,58" hai3="107,8,60,73,105,49,108,66,38,126,20,89,33"/><U94/><E117/><V72/><F121/><W16/><G108/><T128/><D112/><U13/><E36/><V65/><F132/><W80/><G38/><T0/><D109/><U3/><E94/><V81/><F125/><W43/><G33/><T110/><D110/><U10/><E28/><V22/><F72/><W50/><G8/><T104/><D133/><U39/><E39/><V124/><F124/><W7/><G7/><T17/><D104/><U118/><E118/><V114/><F114/><W129/><G129/><T21/><D29/><U99/><E99/><V106/><F34/><W115/><G126/><T24/><D128/><U52/><REACH who="1" step="1"/><E44/><REACH who="1" ten="250,230,250,260" step="2"/><V40/><F106/><W64/><G115/><T30/><D30/><U103/><E103/><V91/><F98/><W113/><G113/><T83/><D83/><U84/><E84/><V25/><F81/><W130/><G130/><T134/><D82/><U86/><E86/><V5/><F74/><W42/><G73/><T101/><D87/><U61/><E61/><N who="2" m="38071" /><F79/><W96/><G60/><T116/><D77/><U63/><E63/><V37/><F37/><W48/><G105/><T119/><D76/><U69/><E69/><V2/><F91/><W135/><G135/><T131/><D88/><U85/><E85/><V95/><F95/><N who="3" m="56431" /><G107/><T19/><D70/><U75/><E75/><V93/><F93/><W123/><G123/><T102/><D116/><U111/><E111/><V51/><F90/><W127/><G127/><T57/><D119/><U11/><E11/><N who="2" m="4463" /><F2/><N who="0" m="1130" /><D134/><U97/><E97/><V120/><F120/><W67/><G80/><RYUUKYOKU ba="0,1" sc="250,-30,230,10,250,10,260,10" hai1="3,6,10,13,23,26,31,32,52,54,55,56,59" hai2="15,18,22,25,27,40,51" hai3="16,20,42,43,48,49,50,64,66,67" /><INIT seed="1,1,1,3,3,122" ten="220,240,260,270" oya="1" hai0="90,13,75,8,93,1,89,129,85,130,49,81,61" hai1="107,77,5,102,92,98,134,69,32,95,127,60,70" hai2="56,116,76,65,121,72,118,113,48,71,74,4,123" hai3="128,66,80,108,131,57,104,15,20,117,82,21,3"/><U0/><E134/><V67/><F4/><W84/><G117/><N who="2" m="45161" /><F76/><W135/><G3/><T58/><D1/><U25/><E127/><V26/><F26/><W91/><G104/><T23/><D23/><U7/><E77/><V37/><F74/><W28/><G135/><T73/><D49/><U10/><E7/><V45/><F72/><W105/><G105/><T109/><D109/><U53/><E53/><N who="2" m="31783" /><F113/><W96/><G108/><T36/><D36/><U62/><E62/><N who="2" m="40375" /><F67/><W54/><G96/><T29/><D29/><N who="1" m="19503" /><E69/><V22/><F22/><W79/><G66/><AGARI ba="1,1" hai="0,5,10,60,66,70,92,95,98,102,107" m="19503" machi="66" ten="30,1500,0" yaku="25,1" doraHai="122" who="1" fromWho="3" sc="220,0,240,28,260,0,270,-18" /><INIT seed="1,2,0,0,5,109" ten="220,268,260,252" oya="1" hai0="12,36,59,99,26,33,113,42,50,107,117,30,75" hai1="11,78,35,67,86,105,21,37,15,76,85,80,131" hai2="103,32,27,121,133,60,18,104,106,54,125,5,81" hai3="56,120,123,20,92,135,87,101,47,57,13,88,111"/><U16/><E131/><V114/><F121/><W124/><G111/><T22/><D117/><U127/><E127/><V74/><F125/><W24/><G124/><T72/><D36/><U55/><E35/><V25/><F5/><W126/><G126/><T45/><D59/><U95/><E105/><V128/><F103/><W44/><G135/><T40/><D40/><U46/><E67/><V28/><F133/><W130/><G130/><T122/><D122/><U110/><E110/><V19/><F128/><W17/><G101/><T108/><D108/><U1/><E37/><V64/><F54/><W58/><G120/><T31/><D31/><U0/><E95/><V53/><F53/><W77/><G123/><T119/><D119/><U134/><E134/><V39/><F39/><W96/><G24/><T48/><D48/><N who="1" m="29079" /><E0/><V62/><F74/><W83/><AGARI ba="2,0" hai="13,17,20,44,47,56,57,58,77,83,87,88,92,96" machi="83" ten="30,4000,0" yaku="0,1,8,1,54,1" doraHai="109" who="3" fromWho="3" sc="220,-12,268,-22,260,-12,252,46" /><INIT seed="2,0,0,5,0,133" ten="208,246,248,298" oya="2" hai0="104,47,43,121,33,90,82,93,16,39,45,84,41" hai1="123,5,48,29,61,15,49,101,108,134,12,120,18" hai2="131,58,9,111,11,4,89,110,80,102,51,13,97" hai3="34,130,74,118,2,79,76,87,95,1,105,114,0"/><V127/><F131/><W20/><G118/><T59/><D121/><N who="1" m="46667" /><E134/><V135/><F135/><W53/><G130/><T99/><D33/><U103/><E108/><N who="2" m="41515" /><F127/><W30/><G34/><T57/><D104/><U129/><E129/><V72/><F11/><W62/><G105/><T92/><D92/><U21/><E29/><V119/><F119/><W98/><G74/><T81/><D81/><U28/><E28/><V94/><F72/><W128/><G128/><T40/><D16/><N who="1" m="10375" /><E5/><V64/><F80/><W23/><G114/><T46/><REACH who="0" step="1"/><D39/><REACH who="0" ten="198,246,248,298" step="2"/><U25/><E25/><V85/><F94/><W8/><G30/><T22/><D22/><U10/><E101/><AGARI ba="0,1" hai="40,41,43,45,46,47,57,59,82,84,90,93,99,101" machi="101" ten="40,5200,0" yaku="1,1,8,1,53,1" doraHai="133" doraHaiUra="78" who="0" fromWho="1" sc="198,62,246,-52,248,0,298,0" /><INIT seed="3,0,0,2,1,92" ten="260,194,248,298" oya="3" hai0="12,102,75,63,111,46,73,88,2,11,71,123,76" hai1="98,95,57,118,89,69,37,90,84,93,80,131,48" hai2="35,1,121,45,107,91,134,125,51,66,109,100,115" hai3="130,54,68,16,55,127,97,25,122,82,74,44,42"/><W132/><G122/><T30/><D123/><U8/><E69/><V10/><F121/><W85/><G68/><T31/><D2/><U83/><E37/><V129/><F115/><W20/><G74/><T135/><D46/><U50/><E131/><V77/><F129/><W15/><G127/><T17/><D102/><U19/><E118/><V27/><F66/><W58/><G132/><T24/><D135/><U28/><E28/><V86/><F77/><W65/><G130/><T56/><D76/><U72/><E72/><V5/><F109/><W108/><G108/><T34/><D31/><U18/><E8/><V70/><F70/><W41/><G65/><T128/><D71/><U67/><E67/><V61/><F61/><N who="3" m="36055" /><G97/><T22/><D111/><U126/><E126/><V103/><F107/><W99/><G99/><T124/><D124/><U39/><E39/><V26/><F134/><W4/><G44/><T21/><D128/><U3/><E3/><V101/><F35/><W116/><G55/><T43/><D43/><N who="3" m="16393" /><G116/><T87/><D75/><U0/><E0/><V52/><REACH who="2" step="1"/><F125/><REACH who="2" ten="260,194,238,298" step="2"/><W110/><G110/><T119/><D119/><U113/><E113/><V60/><F60/><W23/><G4/><T94/><D73/><U13/><E57/><V29/><F29/><W96/><G23/><T9/><D34/><U59/><E59/><V38/><F38/><W106/><G106/><T117/><D117/><U14/><E84/><V36/><F36/><W79/><G96/><AGARI ba="0,1" hai="13,14,18,19,48,50,80,83,89,90,93,95,96,98" machi="96" ten="25,8000,1" yaku="22,2,8,1,52,2" doraHai="92" who="1" fromWho="3" sc="260,0,194,90,238,0,298,-80" /><INIT seed="4,0,0,2,4,110" ten="260,284,238,218" oya="0" hai0="91,83,135,15,51,0,129,42,22,58,34,54,102" hai1="84,28,92,85,29,108,117,32,86,80,116,27,39" hai2="68,106,2,7,66,61,121,9,33,90,38,16,109" hai3="99,95,49,14,57,115,43,37,13,31,45,67,25"/><T46/><D0/><U132/><E108/><V127/><F109/><W69/><G115/><T79/><D129/><U120/><E120/><V20/><F127/><W24/><G24/><T73/><D135/><U50/><E39/><V4/><F121/><W12/><G69/><T130/><D34/><U76/><E132/><V77/><F38/><W104/><G104/><T93/><D102/><U81/><E29/><V75/><F106/><W123/><G123/><T103/><D103/><U8/><E8/><V55/><F7/><W107/><G107/><T111/><D111/><U113/><E113/><V125/><F125/><W35/><G67/><T118/><D118/><U10/><E10/><V64/><F33/><W63/><G37/><T59/><D130/><U52/><E92/><V100/><F100/><W88/><REACH who="3" step="1"/><G14/><REACH who="3" ten="260,284,238,208" step="2"/><T21/><D15/><U60/><E117/><V133/><F133/><W74/><G74/><T105/><D105/><U71/><E116/><V48/><F66/><W44/><G44/><T26/><D26/><U87/><E71/><V82/><F68/><W122/><G122/><T126/><D126/><U19/><E27/><V114/><F114/><W56/><G56/><T1/><D59/><U89/><E32/><V78/><F64/><W72/><G72/><T47/><D46/><U53/><E28/><V30/><F75/><W65/><AGARI ba="0,1" hai="12,13,25,31,35,43,45,49,57,63,65,88,95,99" machi="65" ten="20,8000,1" yaku="1,1,0,1,7,1,54,1,53,1" doraHai="110" doraHaiUra="36" who="3" fromWho="3" sc="260,-40,284,-20,238,-20,208,90" /><INIT seed="5,0,0,5,3,68" ten="220,264,218,298" oya="1" hai0="99,66,10,125,73,123,130,133,9,65,25,121,117" hai1="55,88,67,6,37,43,19,72,8,22,32,98,26" hai2="96,124,18,3,70,0,13,84,69,58,62,106,39" hai3="2,109,77,61,86,46,132,35,64,89,103,97,45"/><U47/><E67/><V116/><F116/><W127/><G109/><T28/><D117/><U95/><E72/><V56/><F39/><W44/><G127/><T113/><D73/><U51/><E32/><V57/><F124/><W29/><G132/><T108/><D108/><U11/><E6/><V15/><F84/><W131/><G131/><T105/><D125/><U50/><E37/><V102/><F15/><W114/><G114/><T63/><D113/><U107/><E107/><V74/><F74/><W110/><G110/><T24/><D130/><U21/><E22/><V112/><F112/><W115/><G115/><T59/><D66/><U75/><E75/><V118/><F118/><W42/><G2/><T34/><D25/><U16/><E19/><V5/><F62/><W100/><G77/><T20/><D34/><U93/><E93/><V33/><F33/><W49/><G29/><T91/><D133/><U81/><E81/><V90/><F90/><W78/><G35/><T12/><D12/><U120/><E120/><N who="0" m="46153" /><D105/><U31/><E31/><V41/><F41/><W135/><G78/><T23/><D20/><U76/><E76/><V36/><F36/><W1/><G1/><N who="2" m="585" /><F5/><W40/><G135/><T129/><D129/><U48/><E48/><V7/><F7/><W54/><G40/><T38/><D38/><U82/><E82/><V60/><F60/><W80/><G42/><T134/><D134/><U92/><E92/><AGARI ba="0,0" hai="9,10,23,24,28,59,63,65,91,92,99" m="46153" machi="92" ten="30,1000,0" yaku="13,1" doraHai="68" who="0" fromWho="1" sc="220,10,264,-10,218,0,298,0" /><INIT seed="6,0,0,5,4,135" ten="230,254,218,298" oya="2" hai0="103,131,47,23,101,13,4,104,81,37,14,88,44" hai1="26,73,22,3,122,109,116,56,127,66,38,100,114" hai2="108,133,72,110,67,15,119,84,112,48,57,96,21" hai3="32,54,134,12,95,68,78,28,52,35,126,123,71"/><V40/><F72/><W51/><G123/><T75/><D131/><U27/><E109/><N who="2" m="42091" /><F119/><W91/><G134/><T25/><D104/><U29/><E116/><V50/><F133/><W8/><G78/><T82/><D75/><U87/><E122/><V46/><F112/><W86/><G54/><T129/><D129/><U125/><E73/><V62/><F96/><W85/><G86/><N who="0" m="50255" /><D82/><U121/><E121/><V124/><F84/><W63/><G28/><N who="0" m="17471" /><D37/><U49/><E38/><N who="2" m="21783" /><F124/><N who="1" m="47689" /><E114/><V17/><AGARI ba="0,0" hai="15,17,21,48,50,57,62,67" m="21783,42091" machi="17" ten="30,1500,0" yaku="10,1" doraHai="135" who="2" fromWho="2" sc="230,-5,254,-5,218,15,298,-5" /><INIT seed="6,1,0,3,5,103" ten="225,249,233,293" oya="2" hai0="100,102,18,47,70,109,64,120,122,6,62,111,76" hai1="16,14,13,79,3,12,50,89,32,133,39,91,1" hai2="8,83,105,135,71,130,24,22,34,113,123,129,48" hai3="80,28,82,45,40,33,72,58,37,84,127,93,54"/><V21/><F123/><W88/><G127/><T99/><D6/><U66/><E39/><V38/><F38/><W7/><G7/><T51/><D102/><U65/><E32/><V61/><F135/><W55/><G55/><T26/><D76/><U15/><E133/><V53/><F113/><W77/><G28/><T69/><D69/><U124/><E124/><V86/><F8/><W112/><G33/><T118/><D118/><U87/><E50/><V97/><F34/><W115/><REACH who="3" step="1"/><G82/><REACH who="3" ten="225,249,233,283" step="2"/><T67/><D120/><U4/><E4/><V60/><F129/><W94/><G94/><T25/><D122/><U9/><E1/><V110/><F130/><W20/><G20/><T57/><D109/><U78/><E3/><V56/><F110/><W29/><G29/><T2/><D111/><U92/><E65/><V23/><F24/><W116/><G116/><T95/><D2/><U41/><E66/><V31/><F31/><W90/><G90/><T108/><D108/><U125/><E125/><V35/><F35/><W128/><G128/><T46/><D26/><U49/><E89/><V119/><F119/><W131/><G131/><T81/><D67/><U132/><E132/><V17/><F23/><W98/><G98/><T121/><D121/><U36/><E78/><V10/><F22/><W96/><G96/><T106/><D25/><U44/><E79/><V43/><F21/><W52/><G52/><N who="0" m="31903" /><D95/><U107/><E107/><V117/><F117/><W73/><G73/><T5/><D5/><U75/><E75/><V126/><F126/><W19/><G19/><T68/><D18/><RYUUKYOKU ba="1,1" sc="225,-15,249,15,233,-15,283,15" hai1="9,12,13,14,15,16,36,41,44,49,87,91,92" hai3="37,40,45,54,58,72,77,80,84,88,93,112,115" /><INIT seed="7,2,1,0,0,53" ten="210,264,218,298" oya="3" hai0="93,135,39,17,59,9,74,131,95,119,124,115,105" hai1="40,72,5,47,78,118,73,104,96,65,90,11,49" hai2="89,14,66,18,123,97,36,45,134,133,25,88,41" hai3="69,56,30,20,3,86,80,85,98,84,58,34,48"/><W38/><G38/><T102/><D119/><U1/><E118/><V67/><F25/><N who="3" m="16679" /><G69/><T100/><D39/><U91/><E65/><N who="2" m="24587" /><F123/><W113/><G113/><T7/><D115/><U0/><E0/><V116/><F116/><W44/><G34/><T128/><D74/><U106/><E72/><V63/><F63/><W19/><G3/><N who="0" m="255" /><D124/><U108/><E108/><V112/><F112/><W28/><G28/><T125/><D125/><U111/><E111/><V46/><F46/><W50/><G98/><N who="0" m="61591" /><D102/><U60/><E60/><V16/><F97/><W120/><G120/><T130/><D135/><N who="2" m="51722" /><F18/><W129/><G129/><N who="0" m="33027" /><T132/><DORA hai="42" /><D132/><U22/><E96/><V76/><F76/><W99/><G19/><T114/><D114/><U4/><E78/><V54/><F54/><N who="3" m="29959" /><G99/><T10/><D59/><N who="3" m="22569" /><G50/><T29/><D29/><U121/><E49/><V51/><F36/><W107/><G107/><T43/><D43/><U15/><E40/><V6/><F6/><W87/><G87/><T23/><D10/><AGARI ba="2,1" hai="10,14,16,41,45,51,88,89" m="51722,24587" machi="10" ten="30,7700,0" yaku="20,1,52,1,54,2" doraHai="53,42" who="2" fromWho="0" sc="210,-83,264,0,218,93,298,0" owari="127,-37.3,264,-13.6,311,41.1,298,9.8" /></mjloggm>