<mjloggm ver="2.3"><GO type="225" lobby="0"/><UN n0="%E5%91%A8%E6%9D%B1" n1="%E6%98%93%E5%88%A9%E8%96%A9%E4%BC%AF" n2="%4C%4F%4C%49%54%41" n3="%69%4F%4B%4F%69" dan="17,17,16,16" rate="2147.01,2155.95,2103.59,2119.30" sx="M,F,F,M"/><TAIKYOKU oya="0"/><INIT seed="0,0,0,2,2,13" ten="250,250,250,250" oya="0" hai0="56,92,54,108,42,107,10,102,112,37,105,39,49" hai1="96,111,91,93,12,14,87,85,115,123,67,126,41" hai2="8,106,38,50,95,78,129,21,120,104,76,57,109" hai3="23,89,128,30,121,80,63,83,29,116,97,15,58"/><T81/><D112/><U77/><E123/><V44/><F120/><W22/><G121/><T74/><D108/><U117/><E117/><V55/><F129/><W17/><G116/><T43/><D92/><U59/><E111/><V79/><F109/><W127/><G128/><T94/><D94/><U47/><E126/><V3/><F21/><W25/><G30/><T71/><D71/><U82/><E115/><V125/><F125/><W103/><G89/><T6/><D81/><U88/><E67/><V124/><F124/><W119/><G119/><T53/><D74/><U135/><E59/><V48/><F38/><W26/><G26/><T64/><D64/><U52/><E135/><V101/><F95/><N who="3" m="58815" /><G127/><T46/><D102/><N who="1" m="60687" /><E41/><V100/><F3/><W72/><G72/><T75/><D75/><U90/><E87/><V130/><F130/><W110/><G110/><T9/><D9/><U5/><E5/><V65/><F104/><W68/><G68/><T27/><D27/><U20/><E20/><V113/><F113/><W61/><G61/><T60/><D37/><U132/><E132/><V18/><F106/><W1/><G1/><T16/><D6/><U11/><E11/><V66/><F66/><AGARI ba="0,0" hai="15,17,22,23,25,29,58,63,66,80,83" m="58815" machi="66" ten="30,3900,0" yaku="25,1,8,1,52,1" doraHai="13" who="3" fromWho="2" sc="250,0,250,0,250,-39,250,39" /><INIT seed="1,0,0,3,3,74" ten="250,250,211,289" oya="1" hai0="55,7,95,52,5,41,37,69,58,20,36,27,32" hai1="133,103,67,119,82,45,130,17,54,125,3,81,98" hai2="79,60,12,72,53,2,75,49,87,115,117,16,134" hai3="57,23,116,124,129,101,51,65,78,26,40,122,8"/><U33/><E119/><V30/><F117/><W102/><G122/><T25/><D69/><U46/><E33/><V132/><F2/><W77/><G116/><T131/><D131/><U106/><E3/><V128/><F128/><W114/><G114/><T29/><D95/><U44/><E130/><V80/><F30/><W38/><G38/><T112/><D112/><U85/><E133/><N who="2" m="51307" /><F60/><N who="3" m="38031" /><G124/><T71/><D71/><U84/><E67/><V6/><F6/><W68/><G68/><T99/><D99/><U35/><E35/><V108/><F108/><W126/><G126/><T105/><D105/><U70/><E70/><V21/><F115/><W120/><G120/><T92/><D92/><U135/><E125/><V111/><F111/><W73/><G73/><T10/><D41/><U15/><E54/><V100/><F100/><N who="3" m="38507" /><G8/><T76/><D5/><U18/><E135/><V127/><F127/><W64/><G64/><T24/><D32/><U94/><E106/><V62/><F62/><W104/><G104/><T123/><D123/><U93/><E93/><V121/><F121/><W97/><G97/><T48/><D55/><U109/><E109/><V83/><F80/><W107/><G107/><T14/><D37/><U90/><REACH who="1" step="1"/><E15/><REACH who="1" ten="250,240,211,289" step="2"/><V28/><F28/><N who="3" m="17503" /><G129/><T118/><D118/><U56/><E56/><AGARI ba="0,1" hai="12,16,21,49,53,56,72,75,79,83,87" m="51307" machi="56" ten="30,3900,0" yaku="20,1,52,1,54,1" doraHai="74" who="2" fromWho="1" sc="250,0,240,-39,211,49,289,0" /><INIT seed="2,0,0,0,3,50" ten="250,201,260,289" oya="2" hai0="5,118,41,55,3,57,82,108,72,44,121,11,128" hai1="61,38,135,36,54,33,73,58,131,51,107,75,10" hai2="31,86,122,106,102,70,67,126,90,15,112,17,76" hai3="46,22,104,21,91,77,84,110,127,134,79,52,99"/><V98/><F112/><W100/><G110/><T111/><D121/><U129/><E135/><V30/><F122/><W1/><G1/><T115/><D115/><U42/><E107/><V92/><F126/><W117/><G117/><T13/><D128/><N who="1" m="49227" /><E33/><V132/><F132/><W43/><G134/><T65/><D65/><U96/><E96/><V53/><F76/><W49/><G127/><T120/><D120/><U18/><E10/><V97/><F70/><W101/><G101/><T24/><D118/><U4/><E4/><V48/><F97/><W64/><G64/><T133/><D133/><U25/><E25/><V29/><F67/><W68/><G68/><T32/><D24/><U40/><E18/><V19/><REACH who="2" step="1"/><F15/><REACH who="2" ten="250,201,250,289" step="2"/><W28/><G79/><N who="0" m="44391" /><D13/><U12/><E12/><V123/><F123/><W113/><G77/><T109/><D111/><U85/><E85/><V87/><F87/><W56/><G113/><T116/><D116/><U16/><E75/><V83/><F83/><W130/><G130/><T95/><D109/><U71/><E73/><V78/><F78/><W0/><G0/><T59/><D108/><U81/><E81/><V35/><F35/><W20/><G28/><T103/><D32/><U27/><E71/><V6/><F6/><W7/><G7/><T124/><D124/><U45/><E27/><V80/><F80/><W66/><G66/><T119/><D119/><U47/><E16/><V8/><F8/><W37/><G84/><T74/><D74/><U39/><AGARI ba="0,1" hai="36,38,39,40,42,45,47,51,54,58,61" m="49227" machi="39" ten="30,7900,0" yaku="19,1,34,2,52,1" doraHai="50" who="1" fromWho="1" sc="250,-20,201,89,250,-39,289,-20" /><INIT seed="3,0,0,4,4,54" ten="230,290,211,269" oya="3" hai0="13,75,62,63,129,4,86,60,74,94,23,104,126" hai1="132,38,121,44,0,3,71,61,134,21,33,67,111" hai2="6,40,20,123,19,53,112,72,110,78,27,1,113" hai3="47,2,52,77,9,35,109,99,96,116,48,29,80"/><W91/><G116/><T73/><D104/><U42/><E121/><V128/><F123/><W59/><G35/><T118/><D118/><U133/><E33/><V50/><F110/><W26/><G109/><T39/><D39/><U25/><E111/><V89/><F128/><W115/><G115/><T69/><D129/><U31/><AGARI ba="0,0" hai="0,3,21,25,31,38,42,44,61,67,71,132,133,134" machi="31" ten="30,2000,0" yaku="0,1,20,1" doraHai="54" who="1" fromWho="1" sc="230,-5,290,20,211,-5,269,-10" owari="225,-17.5,310,41.0,206,-29.4,259,5.9" /></mjloggm>