<mjloggm ver="2.3"><GO type="225" lobby="0"/><UN n0="%61%74%73%75%74%6F%64%6F" n1="%63%68%78%62%64" n2="%2D%E8%B1%8A%E5%8F%A3%E3%82%81%E3%81%90%E3%81%BF%2D" n3="%4C%4F%4C%49%54%41" dan="16,16,17,16" rate="2082.29,2109.30,2169.77,2113.03" sx="M,M,F,F"/><TAIKYOKU oya="0"/><INIT seed="0,0,0,0,5,73" ten="250,250,250,250" oya="0" hai0="80,101,17,98,53,51,92,44,1,35,13,116,124" hai1="131,42,15,74,135,20,21,84,112,107,65,16,97" hai2="0,91,3,50,55,105,125,25,57,96,127,89,121" hai3="128,49,114,29,94,28,67,32,11,104,43,78,81"/><T82/><D124/><N who="2" m="47690" /><F121/><W24/><G114/><T22/><D116/><U100/><E74/><V126/><N who="2" m="47698" /><V52/><DORA hai="75" /><F25/><W33/><G104/><T79/><D1/><N who="2" m="586" /><F55/><W27/><G128/><T47/><D35/><U111/><E111/><V106/><F106/><W90/><G11/><T87/><REACH who="0" step="1"/><D82/><REACH who="0" ten="240,250,250,250" step="2"/><U71/><E112/><V123/><F123/><W18/><G81/><T120/><D120/><U23/><E131/><V60/><F60/><W14/><G33/><T19/><D19/><U130/><E130/><V61/><F61/><W83/><G18/><T110/><D110/><U8/><E135/><V6/><F6/><W109/><G32/><T77/><D77/><U56/><E71/><V134/><F134/><W31/><G78/><T72/><D72/><U88/><E42/><V36/><F36/><W41/><G109/><T102/><D102/><AGARI ba="0,1" hai="50,52,57,89,91,96,102,105" m="586,47698" machi="102" ten="50,3200,0" yaku="18,1,54,1" doraHai="73,75" who="2" fromWho="0" sc="240,-32,250,0,250,42,250,0" /><INIT seed="1,0,0,5,5,99" ten="208,250,292,250" oya="1" hai0="92,105,133,59,30,125,40,49,110,6,135,128,120" hai1="84,5,113,108,18,89,94,43,131,104,45,19,87" hai2="47,68,63,98,53,28,79,96,57,64,72,56,25" hai3="95,36,103,117,26,91,60,97,101,15,80,114,39"/><U134/><E113/><V122/><F122/><W77/><G114/><T116/><D105/><U48/><E134/><N who="0" m="51209" /><D116/><U66/><E131/><V37/><F79/><W73/><G117/><T93/><D120/><U1/><E108/><V17/><F17/><W33/><G15/><T106/><D106/><U62/><E104/><V102/><F72/><W126/><G126/><T88/><D125/><U34/><E34/><V112/><F112/><W23/><G33/><T14/><D30/><U132/><E132/><V20/><F57/><W71/><G39/><T65/><D128/><U16/><E1/><V50/><REACH who="2" step="1"/><F102/><REACH who="2" ten="208,250,282,250" step="2"/><W130/><G130/><T24/><D110/><U4/><REACH who="1" step="1"/><E84/><REACH who="1" ten="208,240,282,250" step="2"/><V38/><F38/><W90/><G36/><T82/><D59/><AGARI ba="0,2" hai="4,5,16,18,19,43,45,48,59,62,66,87,89,94" machi="59" ten="40,12000,1" yaku="1,1,2,1,8,1,54,1,53,0" doraHai="99" doraHaiUra="29" who="1" fromWho="0" sc="208,-120,240,140,282,0,250,0" /><INIT seed="1,1,0,3,4,24" ten="88,380,282,250" oya="1" hai0="110,7,74,94,36,59,90,78,98,123,93,17,119" hai1="41,49,12,81,32,65,4,56,5,88,63,45,85" hai2="46,86,16,130,112,122,114,2,11,35,50,21,76" hai3="48,75,40,14,67,87,43,117,1,73,9,92,96"/><U82/><E32/><V128/><F35/><W134/><G1/><T135/><D36/><U34/><E34/><V19/><F122/><W100/><G134/><T58/><D7/><U105/><E105/><V91/><F76/><W104/><G117/><T116/><D17/><U27/><E27/><V95/><F2/><W89/><G67/><T133/><D58/><U20/><E81/><V10/><F10/><W6/><REACH who="3" step="1"/><G48/><REACH who="3" ten="88,380,282,240" step="2"/><T107/><D59/><U53/><E65/><V72/><F50/><W42/><AGARI ba="1,1" hai="6,9,14,40,42,43,73,75,87,89,92,96,100,104" machi="42" ten="30,8000,1" yaku="1,1,2,1,0,1,53,2" doraHai="24" doraHaiUra="106" who="3" fromWho="3" sc="88,-21,380,-41,282,-21,240,93" /><INIT seed="2,0,0,5,4,106" ten="67,339,261,333" oya="2" hai0="93,119,50,30,48,124,56,31,21,115,79,87,92" hai1="89,70,113,20,125,8,75,39,100,5,131,132,121" hai2="110,49,99,15,129,12,123,2,32,13,25,18,9" hai3="120,114,77,109,42,58,108,29,103,116,72,66,17"/><V4/><F123/><W98/><G120/><T127/><D87/><U64/><E89/><V19/><F49/><W52/><G116/><T105/><D21/><U10/><E10/><V59/><F59/><W76/><G114/><T27/><D56/><U55/><E55/><V33/><F99/><W60/><G42/><T117/><D105/><U45/><E45/><V135/><F135/><W97/><G29/><T111/><D115/><U85/><E85/><V95/><F95/><N who="3" m="58815" /><G98/><T67/><D111/><N who="3" m="42569" /><G17/><N who="2" m="6153" /><F110/><W22/><G22/><T26/><REACH who="0" step="1"/><D79/><REACH who="0" ten="57,339,261,333" step="2"/><U61/><E20/><V134/><F134/><W35/><G76/><T38/><D38/><U74/><E39/><V71/><F71/><W63/><G77/><T11/><D11/><U44/><E113/><V83/><F83/><W47/><G58/><T102/><D102/><U14/><E121/><V90/><F90/><W130/><G47/><T57/><D57/><U7/><E44/><V101/><F101/><W24/><G63/><T104/><D104/><U84/><E132/><V80/><F80/><W133/><G60/><T82/><D82/><U46/><E46/><V53/><F53/><W96/><G52/><T126/><D126/><U118/><E125/><V34/><F129/><W107/><G130/><T94/><D94/><U65/><E131/><V69/><F69/><W78/><G133/><T68/><D68/><U40/><E70/><V88/><F88/><W54/><G107/><T91/><D91/><U16/><E100/><V41/><F41/><W37/><G54/><T73/><D73/><U62/><E74/><V43/><F43/><RYUUKYOKU ba="0,1" sc="57,15,339,-15,261,15,333,-15" hai0="26,27,30,31,48,50,67,92,93,117,119,124,127" hai2="2,4,9,12,13,15,25,32,33,34" /><INIT seed="2,1,1,5,1,103" ten="72,324,276,318" oya="2" hai0="68,110,53,62,82,125,95,52,10,27,98,70,42" hai1="25,85,12,99,30,123,3,135,132,33,24,65,80" hai2="101,96,72,119,47,90,51,19,116,126,58,40,2" hai3="36,118,115,29,76,75,102,54,120,11,17,20,4"/><V46/><F126/><W114/><G118/><T7/><D110/><U108/><E3/><V26/><F2/><W86/><G120/><T55/><D125/><U87/><E108/><V134/><F134/><N who="1" m="51241" /><E123/><V97/><F72/><W67/><G36/><T112/><D112/><N who="3" m="43049" /><G67/><T21/><D42/><U32/><E65/><V43/><F58/><W92/><G29/><T14/><D70/><U63/><E63/><V129/><F129/><W41/><G41/><T31/><D68/><U56/><E56/><V64/><F64/><W113/><G113/><T66/><D82/><U133/><N who="1" m="51249" /><U38/><DORA hai="100" /><E38/><V9/><F90/><W39/><G54/><T23/><D23/><U6/><E99/><V16/><F9/><W78/><G20/><T117/><D117/><U106/><E106/><V48/><F101/><W121/><G11/><T91/><REACH who="0" step="1"/><D66/><REACH who="0" ten="62,324,276,318" step="2"/><U69/><E69/><V79/><F79/><W8/><G76/><T107/><D107/><U104/><E104/><V18/><F119/><W50/><G78/><T49/><D49/><U83/><E83/><V57/><F116/><W61/><G50/><T1/><D1/><U131/><E80/><V35/><F57/><AGARI ba="1,2" hai="7,10,14,21,27,31,52,53,55,57,62,91,95,98" machi="57" ten="40,5200,0" yaku="1,1,8,1,54,1,53,0" doraHai="103,100" doraHaiUra="28,44" who="0" fromWho="2" sc="62,75,324,0,276,-55,318,0" /><INIT seed="3,0,0,4,2,19" ten="137,324,221,318" oya="3" hai0="70,82,132,56,111,10,20,89,131,94,68,64,72" hai1="35,48,8,22,16,90,69,47,77,6,124,31,134" hai2="51,32,112,53,103,128,80,100,84,117,123,81,115" hai3="93,57,37,21,98,113,95,33,2,121,43,23,29"/><W13/><G113/><T106/><D106/><U4/><E69/><V129/><F32/><W60/><G121/><T116/><D116/><U101/><E134/><V91/><F117/><W15/><G2/><T27/><D132/><U17/><E124/><V133/><F133/><W55/><G33/><T45/><D111/><U26/><E77/><V109/><F109/><W63/><G37/><T99/><D131/><N who="2" m="50250" /><F123/><W50/><G93/><T79/><D10/><U65/><E65/><V71/><F71/><W130/><G130/><T83/><D45/><U88/><E101/><N who="2" m="38987" /><F81/><W54/><G43/><T39/><D39/><U41/><E17/><V34/><F34/><W78/><G78/><T120/><D120/><U126/><E126/><V67/><F67/><W73/><G73/><T58/><D83/><U46/><E46/><AGARI ba="0,0" hai="46,51,53,80,84,91,112,115" m="38987,50250" machi="46" ten="30,1000,0" yaku="19,1" doraHai="19" who="2" fromWho="1" sc="137,0,324,-10,221,10,318,0" owari="137,-36.3,314,11.4,231,-16.9,318,41.8" /></mjloggm>