<mjloggm ver="2.3"><GO type="225" lobby="0"/><UN n0="%E9%B3%B4%E8%8C%B6" n1="%E3%82%8F%E3%81%8B%E3%81%B0%2A%E3%82%AC%E3%83%BC%E3%83%AB" n2="%E3%81%AD%E3%82%80%E3%81%84%40%E9%9B%80%E9%B3%B4%E4%BC%9A" n3="%E5%8F%AF%E5%85%90%E9%82%A3%E7%94%B1%E5%A4%9A" dan="16,16,16,16" rate="2176.58,2181.62,2215.48,2082.76" sx="M,M,M,F"/><TAIKYOKU oya="0"/><INIT seed="0,0,0,0,3,56" ten="250,250,250,250" oya="0" hai0="114,49,15,100,119,58,39,28,25,16,61,125,10" hai1="51,99,47,55,116,133,134,97,13,87,0,31,37" hai2="96,66,52,123,126,80,32,124,91,18,107,69,89" hai3="98,76,57,82,60,117,40,128,129,62,102,122,130"/><T30/><D39/><U2/><E116/><V29/><F123/><W46/><G117/><T121/><D119/><U106/><E31/><V64/><F18/><W38/><G57/><T63/><D121/><U86/><E37/><V72/><F29/><N who="0" m="11370" /><D125/><N who="2" m="48234" /><F32/><W110/><G110/><T12/><D114/><U48/><E13/><N who="0" m="5193" /><D100/><U75/><E75/><V34/><F34/><W6/><G6/><T3/><D3/><U26/><E26/><V92/><F107/><N who="3" m="63959" /><G122/><T24/><D10/><U127/><E127/><V50/><F69/><W81/><G81/><T85/><D85/><AGARI ba="0,0" hai="38,40,46,60,62,76,82,85,128,129,130" m="63959" machi="85" ten="30,3900,0" yaku="19,1,52,2" doraHai="56" who="3" fromWho="0" sc="250,-39,250,0,250,0,250,39" /><INIT seed="1,0,0,0,0,37" ten="211,250,250,289" oya="1" hai0="90,47,95,21,112,25,57,88,79,101,126,11,118" hai1="82,17,50,45,7,119,42,130,41,20,44,24,106" hai2="23,108,77,105,87,102,1,72,78,115,2,38,107" hai3="69,120,13,52,76,18,104,14,28,131,36,93,103"/><U121/><E121/><V110/><F23/><W22/><G120/><T97/><D112/><U10/><E119/><V16/><F38/><W94/><G69/><T114/><D114/><U8/><E106/><V34/><F34/><W89/><G131/><T54/><D118/><U12/><E130/><V124/><F115/><W15/><G36/><T48/><D126/><U46/><E82/><V128/><F128/><W117/><G117/><T63/><D79/><U49/><E10/><V67/><F67/><W129/><G129/><T58/><D11/><U127/><E127/><V132/><F132/><W66/><G66/><N who="0" m="39279" /><D58/><U43/><AGARI ba="0,0" hai="7,8,12,17,20,24,41,42,43,44,45,46,49,50" machi="43" ten="30,12000,1" yaku="0,1,8,1,52,3" doraHai="37" who="1" fromWho="1" sc="211,-40,250,120,250,-40,289,-40" /><INIT seed="1,1,0,5,3,93" ten="171,370,210,249" oya="1" hai0="56,100,17,103,85,59,116,46,128,111,38,134,2" hai1="36,47,6,11,132,14,24,39,67,131,31,115,64" hai2="33,44,22,91,18,9,15,88,87,72,108,125,74" hai3="73,21,51,92,30,112,43,19,135,133,49,77,71"/><U89/><E115/><V57/><F33/><W84/><G112/><T48/><D116/><U16/><E131/><V118/><F118/><W61/><G30/><T34/><D128/><U119/><E119/><V80/><F108/><W68/><G73/><T121/><D111/><U62/><E132/><N who="3" m="50762" /><G61/><T37/><D34/><U52/><E89/><V42/><F125/><W69/><G43/><T75/><D2/><U110/><E110/><V53/><F91/><N who="3" m="53351" /><G77/><T83/><D75/><U13/><E39/><V130/><F130/><W95/><G95/><T35/><D35/><U63/><E36/><V124/><F124/><W79/><G79/><T117/><D117/><U90/><E90/><V127/><F127/><W123/><G123/><T8/><D48/><N who="1" m="28703" /><E24/><AGARI ba="1,0" hai="19,21,24,49,51,68,69,71" m="53351,50762" machi="24" ten="40,1300,0" yaku="20,1" doraHai="93" who="3" fromWho="1" sc="171,0,370,-16,210,0,249,16" /><INIT seed="2,0,0,5,5,113" ten="171,354,210,265" oya="2" hai0="97,32,38,61,132,26,67,77,125,93,82,1,62" hai1="49,45,81,33,11,17,122,96,37,88,116,78,133" hai2="34,91,98,19,30,8,9,28,44,95,76,74,73" hai3="131,60,114,79,29,102,0,36,110,63,64,69,72"/><V3/><F76/><W108/><G0/><T47/><D125/><U80/><E116/><V59/><F44/><W22/><G36/><T109/><D109/><N who="3" m="42089" /><G114/><T40/><D132/><U52/><E33/><V112/><F112/><W107/><G131/><T6/><D26/><U20/><E133/><V46/><F46/><W89/><G89/><T66/><D32/><U100/><E37/><V18/><F59/><W128/><G128/><T15/><D15/><U35/><E35/><V119/><F34/><W13/><G63/><T23/><D23/><U58/><E122/><V126/><F126/><W135/><G135/><T24/><D24/><N who="1" m="14351" /><E11/><V94/><F91/><W124/><G124/><T65/><D6/><U55/><E100/><V127/><F127/><W41/><G41/><T101/><REACH who="0" step="1"/><D1/><REACH who="0" ten="161,354,210,265" step="2"/><U105/><E105/><V90/><F3/><W118/><G13/><T39/><D39/><U87/><E96/><V57/><F98/><W134/><G134/><T54/><D54/><U86/><E55/><V120/><F8/><W84/><G22/><T103/><D103/><U117/><E117/><V99/><F9/><W27/><G118/><T31/><D31/><U12/><E12/><V51/><F119/><W75/><G27/><T50/><D50/><U129/><E129/><V10/><F10/><W56/><G29/><T83/><D83/><U111/><E111/><V25/><F30/><W4/><G4/><T104/><D104/><U5/><E5/><V123/><F28/><W16/><G102/><T21/><D21/><U71/><E80/><V42/><F25/><W43/><G107/><RYUUKYOKU ba="0,1" sc="161,30,354,-10,210,-10,265,-10" hai0="38,40,47,61,62,65,66,67,77,82,93,97,101" /><INIT seed="3,1,1,0,3,40" ten="191,344,200,255" oya="3" hai0="35,16,3,20,13,68,9,11,84,81,106,46,116" hai1="39,88,61,118,14,94,25,72,113,38,86,128,100" hai2="130,120,27,53,52,95,85,83,36,67,132,34,89" hai3="55,78,10,33,51,64,42,71,131,24,102,90,15"/><W12/><G131/><T44/><D68/><U76/><E113/><V45/><F130/><W8/><G78/><N who="0" m="46135" /><D106/><U37/><E128/><V98/><F132/><W110/><G110/><T43/><D35/><U17/><E25/><V126/><F126/><W69/><G102/><T2/><D3/><U4/><E4/><V62/><F120/><W109/><G42/><T66/><D2/><U59/><E100/><V22/><F34/><W19/><G64/><T58/><D116/><U123/><E123/><V117/><F117/><W79/><G79/><T41/><D43/><U28/><E28/><V103/><F36/><W48/><G109/><T60/><D41/><U1/><E1/><V124/><F45/><AGARI ba="1,1" hai="9,11,13,16,20,44,45,46,58,60,66" m="46135" machi="45" ten="30,8000,1" yaku="8,1,52,3,54,1" doraHai="40" who="0" fromWho="2" sc="191,93,344,0,200,-83,255,0" owari="284,8.4,344,44.4,117,-38.3,255,-14.5" /></mjloggm>