<mjloggm ver="2.3"><GO type="225" lobby="0"/><UN n0="%E6%9C%88%E5%B3%B6%E5%9F%BA" n1="%E3%83%A9%E3%83%BC%E3%83%A1%E3%83%B3%E4%BA%94%E9%83%8E" n2="%E3%82%8F%E3%81%8B%E3%81%B0%2A%E3%82%AC%E3%83%BC%E3%83%AB" n3="%4B%2E%32%2E%4B%2E" dan="17,16,16,16" rate="2177.68,2149.52,2062.58,2174.62" sx="M,M,M,M"/><TAIKYOKU oya="0"/><INIT seed="0,0,0,5,4,58" ten="250,250,250,250" oya="0" hai0="134,120,8,32,62,108,4,128,56,91,35,119,118" hai1="84,100,31,63,83,29,52,23,6,133,73,80,21" hai2="126,10,127,96,34,5,124,66,131,77,129,57,79" hai3="19,64,70,30,94,105,11,49,46,44,102,130,16"/><T0/><D120/><U71/><E133/><V67/><F34/><W74/><G105/><T99/><D134/><U69/><E73/><V106/><F106/><W27/><G74/><T87/><D128/><N who="2" m="49226" /><F96/><W104/><G104/><T45/><D99/><U40/><E100/><V24/><F24/><W122/><G130/><T101/><D101/><U59/><E6/><V75/><F75/><W90/><G102/><T3/><D3/><U7/><E7/><V15/><F57/><W26/><G46/><T13/><D108/><U41/><E69/><V38/><F38/><W28/><G122/><T12/><D45/><U2/><E71/><V98/><F98/><N who="3" m="57687" /><G64/><AGARI ba="0,0" hai="5,10,15,64,66,67,77,79,124,126,127" m="49226" machi="64" ten="40,2600,0" yaku="18,1,19,1" doraHai="58" who="2" fromWho="3" sc="250,0,250,0,250,26,250,-26" /><INIT seed="1,0,0,4,0,59" ten="250,250,276,224" oya="1" hai0="79,43,96,14,61,48,107,98,21,37,89,99,11" hai1="62,86,113,104,27,51,125,28,53,40,39,101,131" hai2="87,67,134,103,117,26,73,114,135,119,55,130,58" hai3="77,64,81,22,132,84,15,97,33,80,3,45,74"/><U1/><E113/><V88/><F114/><W120/><G120/><T90/><D37/><U31/><E1/><V20/><F73/><W0/><G33/><T92/><D107/><U121/><E121/><V76/><F67/><W42/><G132/><N who="2" m="50729" /><F103/><W12/><G97/><T69/><D69/><U111/><E125/><V17/><F76/><W91/><G64/><T72/><D72/><U123/><E123/><V94/><F130/><W93/><G81/><T108/><D79/><U24/><E131/><V35/><F35/><W7/><G22/><T60/><D21/><U95/><E104/><V46/><F46/><W56/><G56/><T118/><D118/><U68/><E111/><V32/><F32/><W36/><REACH who="3" step="1"/><G0/><REACH who="3" ten="250,250,276,214" step="2"/><T8/><D108/><U65/><E65/><V16/><F17/><W115/><G115/><T4/><D99/><U124/><E124/><V49/><AGARI ba="0,1" hai="16,20,26,49,55,58,87,88,94,117,119" m="50729" machi="49" ten="30,4000,0" yaku="20,1,54,2" doraHai="59" who="2" fromWho="2" sc="250,-10,250,-20,276,50,214,-10" /><INIT seed="2,0,0,2,0,75" ten="240,230,326,204" oya="2" hai0="93,130,128,112,2,73,22,96,80,119,105,9,74" hai1="47,50,31,10,99,132,116,58,15,6,11,27,4" hai2="91,106,43,52,90,135,64,42,76,63,33,83,134" hai3="82,129,17,5,29,104,38,89,60,37,24,123,12"/><V77/><F106/><W16/><G104/><T95/><D112/><U72/><E72/><N who="0" m="27753" /><D119/><U122/><E116/><V98/><F33/><W59/><G123/><T62/><D80/><U30/><E122/><V19/><F19/><W115/><G115/><T39/><D39/><U53/><E132/><N who="2" m="50731" /><F52/><W18/><G129/><N who="0" m="49771" /><D62/><U49/><E99/><V1/><F1/><W3/><G3/><T84/><D22/><U55/><REACH who="1" step="1"/><E27/><REACH who="1" ten="240,220,326,204" step="2"/><V40/><F98/><W87/><G24/><T69/><D96/><U51/><E51/><V110/><F110/><W100/><G100/><T88/><D105/><U120/><E120/><V107/><F107/><W97/><G97/><T78/><D84/><U65/><E65/><V118/><F118/><W101/><G101/><T25/><D25/><U56/><E56/><N who="2" m="36967" /><F83/><W7/><G29/><T121/><D121/><U41/><E41/><V36/><F36/><W35/><G35/><T21/><D93/><U28/><E28/><V70/><F70/><W46/><G46/><T108/><D69/><U111/><E111/><V124/><F124/><W117/><G117/><T71/><D71/><U61/><E61/><V8/><F43/><W133/><G133/><T102/><D108/><U45/><E45/><V67/><F67/><N who="3" m="39327" /><G38/><T66/><D66/><U32/><E32/><V81/><F81/><W13/><G37/><T44/><D44/><U26/><E26/><V23/><F42/><W114/><G114/><T34/><D34/><U48/><E48/><V0/><F40/><W85/><G87/><T14/><D102/><U79/><E79/><V92/><F76/><RYUUKYOKU ba="0,1" sc="240,-15,220,15,326,-15,204,15" hai1="4,6,10,11,15,30,31,47,49,50,53,55,58" hai3="5,7,12,13,16,17,18,82,85,89" /><INIT seed="3,1,1,2,2,53" ten="225,235,311,219" oya="3" hai0="6,66,127,112,69,83,82,15,19,39,60,37,47" hai1="31,67,71,89,16,113,3,87,17,14,33,95,62" hai2="111,122,79,56,64,1,58,91,100,110,46,13,80" hai3="32,96,121,57,2,25,98,59,78,118,84,0,20"/><W5/><G32/><T119/><D119/><U116/><E113/><V38/><F1/><W30/><G118/><T40/><D112/><U36/><E3/><V132/><F132/><W77/><G121/><T42/><D127/><U48/><E36/><V61/><F122/><W99/><G0/><T102/><D102/><U124/><E124/><V107/><F91/><W9/><REACH who="3" step="1"/><G77/><REACH who="3" ten="225,235,311,209" step="2"/><T51/><D39/><U73/><E116/><V97/><F38/><W104/><G104/><T108/><D37/><U101/><E33/><V26/><F79/><W10/><G10/><T34/><D34/><U130/><E130/><V45/><F107/><W24/><G24/><T135/><D135/><U72/><E14/><V12/><F26/><W22/><G22/><T88/><D15/><U55/><E101/><V86/><F100/><W103/><G103/><T52/><D88/><U131/><E131/><V81/><F12/><W114/><G114/><T105/><D105/><U7/><E89/><V70/><F13/><W134/><G134/><T54/><D6/><U68/><E7/><V117/><F117/><W92/><G92/><T75/><D82/><AGARI ba="1,2" hai="2,5,9,20,25,30,57,59,78,82,84,96,98,99" machi="82" ten="40,7700,0" yaku="1,1,52,2,53,0" doraHai="53" doraHaiUra="109" who="3" fromWho="0" sc="225,-80,235,0,311,0,209,100" /><INIT seed="3,2,0,1,1,95" ten="145,235,311,309" oya="3" hai0="24,109,83,59,76,69,15,50,38,93,101,47,31" hai1="57,37,25,79,117,0,99,60,134,35,39,70,114" hai2="91,49,74,34,112,2,119,13,65,30,100,127,124" hai3="17,71,40,131,41,116,73,121,52,104,88,58,102"/><W97/><G116/><T80/><D69/><U61/><E114/><V12/><F112/><W54/><G121/><T44/><D109/><U130/><E117/><V90/><F2/><W75/><G71/><T72/><D80/><U133/><E0/><V16/><F119/><W89/><G131/><T135/><D135/><N who="1" m="51723" /><E130/><V78/><F100/><W6/><G6/><T113/><D113/><U8/><E79/><V84/><F65/><W3/><G3/><T66/><D38/><U96/><E8/><V14/><F78/><W64/><G64/><T81/><D81/><U7/><E7/><V120/><F74/><W56/><G17/><T86/><D15/><U22/><E35/><V115/><F115/><W106/><G97/><N who="1" m="37450" /><E70/><V1/><F1/><W92/><G92/><T11/><D11/><U53/><E61/><V94/><F120/><W33/><G102/><T111/><D111/><U62/><E62/><V28/><F34/><AGARI ba="2,0" hai="33,34,40,41,52,54,56,58,73,75,88,89,104,106" machi="34" ten="25,9600,0" yaku="22,2,54,2" doraHai="95" who="3" fromWho="2" sc="145,0,235,0,311,-102,309,102" owari="145,-35.5,235,3.5,209,-19.1,411,51.1" /></mjloggm>