<mjloggm ver="2.3"><GO type="225" lobby="0"/><UN n0="%E4%B8%8B%E4%BA%95%E8%8D%89" n1="%E3%83%96%E3%83%83%E3%83%91%E3%82%AA%E3%83%96%E3%83%81%E3%82%AD%E3%83%B3" n2="%E3%81%BD%E3%81%A1%E3%81%9F%E3%81%93%E3%82%84" n3="%E3%81%BF%E3%81%BF%E3%81%9A" dan="16,16,17,18" rate="2147.37,2193.41,2118.29,2195.36" sx="M,M,M,M"/><TAIKYOKU oya="0"/><INIT seed="0,0,0,4,0,69" ten="250,250,250,250" oya="0" hai0="4,24,126,77,41,5,8,46,101,120,105,92,51" hai1="115,135,3,45,14,11,130,63,25,134,85,65,22" hai2="1,18,19,76,23,79,107,78,113,30,58,0,49" hai3="59,44,33,96,98,106,40,73,124,56,80,9,27"/><T48/><D120/><U91/><E115/><V109/><F113/><W15/><G124/><T67/><D105/><U88/><E3/><V43/><F107/><W62/><G106/><T119/><D119/><U64/><E130/><V53/><F109/><W123/><G123/><T50/><D126/><U2/><E2/><V32/><F32/><W121/><G121/><T93/><D67/><U17/><E45/><N who="2" m="25791" /><F0/><W132/><G132/><T117/><D117/><U52/><E135/><V81/><F1/><W102/><G33/><T103/><D24/><U29/><E134/><V125/><F125/><W28/><G80/><T128/><D128/><U90/><REACH who="1" step="1"/><E85/><REACH who="1" ten="250,240,250,250" step="2"/><N who="2" m="48295" /><F30/><W112/><G44/><T116/><D116/><U95/><E95/><N who="0" m="36425" /><D46/><U55/><E55/><V89/><F89/><W108/><G112/><T66/><D41/><U100/><E100/><N who="0" m="38473" /><D66/><U86/><E86/><V54/><F53/><W82/><G40/><T37/><D77/><N who="2" m="29194" /><F23/><W6/><G102/><T16/><D37/><U122/><E122/><V47/><F47/><W13/><G28/><T7/><D8/><U34/><E34/><V10/><F10/><W118/><G9/><T31/><D31/><U110/><E110/><V75/><F75/><W111/><G118/><T61/><D61/><AGARI ba="0,1" hai="18,19,54,58,61" m="29194,48295,25791" machi="61" ten="30,1000,0" yaku="8,1" doraHai="69" who="2" fromWho="0" sc="250,-10,240,0,250,20,250,0" /><INIT seed="1,0,0,0,3,74" ten="240,240,270,250" oya="1" hai0="38,10,39,6,22,65,120,127,124,106,21,58,62" hai1="76,70,13,91,33,113,121,54,49,109,72,105,0" hai2="55,25,52,129,122,15,119,3,20,63,92,28,75" hai3="1,128,43,116,8,23,87,73,17,18,68,123,9"/><U12/><E113/><V67/><F3/><W117/><G123/><T4/><D106/><U24/><E121/><V108/><F122/><W79/><G68/><T82/><D120/><U31/><E0/><V118/><F75/><W80/><G128/><T86/><D10/><N who="3" m="4201" /><G1/><T19/><D4/><U69/><E105/><V61/><F129/><W41/><G73/><T130/><D130/><U83/><E109/><V51/><F108/><W60/><G60/><T88/><D6/><U32/><E32/><V7/><F63/><W77/><G17/><T34/><D34/><U89/><E70/><V125/><F125/><N who="0" m="48202" /><D22/><U59/><REACH who="1" step="1"/><E69/><REACH who="1" ten="240,230,270,250" step="2"/><V103/><F118/><W102/><G117/><T85/><D85/><U115/><E115/><V78/><F119/><W96/><G116/><T99/><D99/><U48/><E48/><V97/><F51/><W81/><G96/><T84/><D84/><U14/><AGARI ba="0,1" hai="12,13,14,24,31,33,49,54,59,72,76,83,89,91" machi="14" ten="30,6000,0" yaku="1,1,0,1,52,1,53,0" doraHai="74" doraHaiUra="64" who="1" fromWho="1" sc="240,-20,230,70,270,-20,250,-20" /><INIT seed="1,1,0,2,2,31" ten="220,300,250,230" oya="1" hai0="102,13,9,92,64,45,28,46,56,123,74,80,20" hai1="78,52,69,67,55,22,39,93,3,129,132,32,87" hai2="51,11,95,6,82,58,115,7,96,133,130,75,113" hai3="34,1,81,21,103,108,107,114,36,131,111,97,15"/><U48/><E3/><V5/><F130/><W63/><G114/><N who="2" m="43529" /><F133/><W29/><G1/><T71/><D71/><U117/><E117/><V90/><F58/><W24/><G36/><T134/><D134/><U40/><E132/><V8/><F51/><W77/><G131/><T85/><D74/><U57/><E129/><V35/><F35/><W106/><G106/><T110/><D110/><N who="3" m="42025" /><G63/><N who="0" m="37991" /><D123/><U72/><E22/><V50/><F50/><W27/><G15/><T76/><D9/><U120/><E55/><V86/><F75/><N who="3" m="43199" /><G24/><N who="0" m="16391" /><D13/><U42/><E72/><V116/><F116/><W112/><G112/><T33/><D33/><AGARI ba="1,0" hai="21,27,29,33,34,97,103,107" m="43199,42025" machi="33" ten="30,3900,0" yaku="14,1,52,2" doraHai="31" who="3" fromWho="0" sc="220,-42,300,0,250,0,230,42" /><INIT seed="2,0,0,5,1,95" ten="178,300,250,272" oya="2" hai0="84,130,46,63,103,25,101,91,56,5,22,106,100" hai1="34,61,8,110,55,85,105,115,80,26,21,108,54" hai2="4,31,33,12,38,87,70,126,83,42,16,117,6" hai3="10,3,96,60,50,65,79,129,97,52,19,45,44"/><V120/><F117/><W92/><G129/><T76/><D130/><U82/><E115/><V118/><F118/><W99/><G79/><T114/><D114/><U127/><E34/><V17/><F70/><W71/><G44/><T123/><D123/><U35/><E35/><V49/><F38/><W102/><REACH who="3" step="1"/><G19/><REACH who="3" ten="178,300,250,262" step="2"/><N who="0" m="12511" /><D106/><U23/><E127/><V90/><F120/><W29/><G29/><T135/><D135/><U7/><E105/><V27/><F126/><W14/><G14/><T125/><D125/><U40/><E110/><V112/><F112/><W111/><G111/><T133/><D133/><U86/><E108/><V116/><F116/><W121/><G121/><T37/><D76/><U89/><E40/><V104/><F104/><W28/><G28/><T11/><D46/><U41/><E41/><V134/><F134/><W18/><G18/><T77/><D77/><U51/><E7/><AGARI ba="0,1" hai="3,7,10,45,50,52,60,65,71,92,96,97,99,102" machi="7" ten="40,8000,1" yaku="1,1,52,3,54,1,53,0" doraHai="95" doraHaiUra="36" who="3" fromWho="1" sc="178,0,300,-80,250,0,262,90" /><INIT seed="3,0,0,5,4,103" ten="178,220,250,352" oya="3" hai0="42,124,101,62,79,4,132,5,115,134,39,111,129" hai1="0,9,20,24,37,67,19,61,86,78,128,48,23" hai2="131,135,47,73,6,109,121,89,93,95,16,97,91" hai3="14,88,53,31,119,75,123,110,17,44,105,99,55"/><W66/><G123/><T85/><D101/><U70/><E128/><V33/><F33/><W71/><G119/><T32/><D62/><U36/><E48/><V60/><F73/><W118/><G118/><T63/><D63/><U76/><E23/><V81/><F131/><W56/><G75/><T13/><D32/><U3/><E3/><V1/><F109/><W57/><G31/><T35/><D35/><U15/><E0/><V64/><F135/><N who="0" m="51754" /><D111/><U77/><REACH who="1" step="1"/><E86/><REACH who="1" ten="178,210,250,352" step="2"/><V127/><F1/><W133/><G133/><T54/><D115/><U11/><E11/><V18/><F121/><W51/><G110/><T130/><D13/><U46/><E46/><V87/><F47/><W10/><G44/><N who="0" m="23647" /><D54/><U59/><E59/><V65/><F60/><W43/><G57/><T68/><D68/><U117/><E117/><V120/><F120/><W50/><G55/><T126/><D85/><U22/><E22/><V90/><F87/><W40/><G50/><T107/><D79/><U83/><E83/><V84/><F81/><W52/><G53/><T49/><D49/><U41/><E41/><V69/><F69/><W38/><G71/><T8/><D8/><U25/><E25/><V82/><F82/><W72/><G52/><T7/><D107/><U58/><E58/><V112/><F84/><W108/><G51/><T2/><D2/><U30/><AGARI ba="0,1" hai="9,15,19,20,24,30,36,37,61,67,70,76,77,78" machi="30" ten="30,4000,0" yaku="1,1,0,1,53,1" doraHai="103" doraHaiUra="12" who="1" fromWho="1" sc="178,-10,210,50,250,-10,352,-20" owari="168,-33.2,260,6.0,240,-16.0,332,43.2" /></mjloggm>