<mjloggm ver="2.3"><GO type="225" lobby="0"/><UN n0="%72%69%6F%75%63%68%61%6E" n1="%E3%83%81%E3%83%83%E3%82%BF%E3%82%BD%E3%83%BC" n2="%E9%BB%99%E8%81%B4%E3%81%AE%E3%81%99%E3%82%9D%E3%82%81" n3="%E6%B4%BE%E9%81%A3%E3%81%AE%E3%82%B8%E3%83%A3%E3%83%83%E3%82%AF" dan="16,16,16,17" rate="2146.08,2191.83,2143.63,2207.94" sx="M,F,M,M"/><TAIKYOKU oya="0"/><INIT seed="0,0,0,0,4,60" ten="250,250,250,250" oya="0" hai0="8,54,62,77,129,47,13,25,55,118,65,119,98" hai1="28,33,69,48,16,128,66,70,15,64,10,11,104" hai2="76,73,20,85,133,26,40,124,88,68,112,135,59" hai3="115,34,99,86,19,114,37,3,111,80,113,6,122"/><T30/><D129/><U82/><E128/><V29/><F68/><W74/><G111/><T21/><D77/><U126/><E104/><V131/><F131/><W7/><G37/><T110/><D110/><U5/><E126/><V67/><F112/><W123/><G74/><T22/><D21/><U72/><E69/><V103/><F103/><W127/><G34/><T116/><D98/><U56/><E70/><V107/><F107/><W93/><G19/><T57/><REACH who="0" step="1"/><D47/><REACH who="0" ten="240,250,250,250" step="2"/><U97/><E97/><V35/><F20/><W84/><G127/><T2/><D2/><U90/><E33/><V83/><F124/><W41/><G3/><T125/><D125/><U95/><E28/><V63/><REACH who="2" step="1"/><F40/><REACH who="2" ten="240,250,240,250" step="2"/><W91/><G41/><T130/><D130/><U106/><E10/><V14/><F14/><W12/><G12/><T49/><D49/><U32/><E32/><V23/><F23/><W51/><G51/><T89/><D89/><U44/><E48/><V17/><F17/><AGARI ba="0,2" hai="8,13,17,22,25,30,54,55,57,62,65,116,118,119" machi="17" ten="40,3900,0" yaku="1,1,52,1,53,0" doraHai="60" doraHaiUra="94" who="0" fromWho="2" sc="240,59,250,0,240,-39,250,0" /><INIT seed="0,1,0,5,5,1" ten="299,250,201,250" oya="0" hai0="119,116,83,76,123,103,38,33,88,125,120,4,78" hai1="87,132,97,18,31,13,68,15,121,110,65,53,12" hai2="14,59,58,94,3,67,25,135,70,60,130,80,105" hai3="41,91,43,11,36,115,21,96,57,73,26,17,128"/><T0/><D38/><U23/><E110/><V81/><F105/><W55/><G115/><T35/><D103/><U111/><E111/><V45/><F3/><W79/><G128/><T66/><D66/><U28/><E132/><V5/><F135/><W124/><G124/><T48/><D125/><U54/><E121/><V126/><F130/><W62/><G36/><T46/><D123/><U39/><E39/><V127/><F25/><W47/><G47/><T22/><D120/><U61/><E97/><V102/><F45/><W82/><REACH who="3" step="1"/><G11/><REACH who="3" ten="299,250,201,240" step="2"/><N who="0" m="2439" /><D46/><U109/><E109/><V134/><F127/><W129/><G129/><T71/><D119/><U75/><E75/><V16/><F126/><W89/><G89/><T84/><D88/><U6/><E87/><V27/><F134/><W51/><G51/><T118/><D48/><U24/><REACH who="1" step="1"/><E6/><REACH who="1" ten="299,240,201,240" step="2"/><V107/><F5/><W9/><G9/><T98/><D84/><U112/><E112/><V20/><F102/><W95/><AGARI ba="1,2" hai="17,21,26,41,43,55,57,62,73,79,82,91,95,96" machi="95" ten="30,7900,0" yaku="1,1,0,1,25,2,53,0" doraHai="1" doraHaiUra="122" who="3" fromWho="3" sc="299,-40,240,-21,201,-21,240,102" /><INIT seed="1,0,0,5,4,130" ten="259,219,180,342" oya="1" hai0="77,10,75,93,13,107,56,78,62,76,91,72,103" hai1="108,42,66,98,101,99,97,125,63,104,69,16,92" hai2="0,119,26,38,53,120,35,80,79,67,128,43,89" hai3="17,74,112,39,131,25,2,27,58,31,134,100,110"/><U64/><E125/><V90/><F119/><W126/><G74/><T12/><D107/><U68/><E108/><V115/><F120/><W124/><G39/><T19/><D103/><U54/><E42/><V83/><F128/><W52/><G100/><T46/><D12/><U23/><E54/><V132/><F115/><W29/><G2/><T133/><D133/><U86/><E86/><V47/><F0/><W4/><G134/><T102/><D102/><U70/><E104/><V51/><F132/><W135/><G135/><T37/><D46/><U5/><E5/><V36/><F67/><W117/><G4/><T49/><D49/><U18/><E18/><V113/><F113/><W14/><G131/><T105/><D37/><U44/><E44/><V45/><F38/><W59/><G59/><T15/><D15/><U61/><REACH who="1" step="1"/><E69/><REACH who="1" ten="259,209,180,342" step="2"/><V57/><F47/><W116/><G110/><T55/><REACH who="0" step="1"/><D105/><REACH who="0" ten="249,209,180,342" step="2"/><U40/><E40/><V87/><F43/><W129/><G129/><T21/><D21/><U73/><E73/><V33/><F36/><W28/><G124/><T118/><D118/><U3/><E3/><V88/><F45/><W48/><G126/><T6/><D6/><U24/><AGARI ba="0,2" hai="16,23,24,61,63,64,66,68,70,92,97,98,99,101" machi="24" ten="20,18000,2" yaku="1,1,0,1,7,1,9,1,54,1,53,2" doraHai="130" doraHaiUra="60" who="1" fromWho="1" sc="249,-60,209,200,180,-60,342,-60" /><INIT seed="1,1,0,2,5,1" ten="189,409,120,282" oya="1" hai0="8,18,74,50,62,39,15,127,25,68,101,94,46" hai1="93,70,118,113,108,76,100,90,55,32,5,96,116" hai2="80,56,42,44,102,30,85,52,28,9,35,121,86" hai3="81,126,115,67,21,60,0,130,29,40,72,97,98"/><U38/><E113/><V133/><F133/><W75/><G115/><T125/><D74/><U17/><E32/><V123/><F102/><W12/><G40/><T66/><D39/><U61/><E38/><V77/><F85/><W84/><G0/><T128/><D128/><U65/><E76/><V31/><F35/><W104/><G130/><T63/><D62/><U49/><E108/><V95/><F95/><W48/><G48/><T10/><D10/><U135/><E135/><V114/><F9/><W91/><G126/><N who="0" m="48139" /><D25/><U51/><E51/><V87/><F87/><W22/><G72/><T59/><D101/><U26/><E26/><V73/><F73/><W54/><G54/><N who="0" m="30039" /><D94/><U2/><E17/><V89/><F114/><W36/><G104/><T131/><D131/><U45/><E100/><V106/><F106/><W112/><G36/><T109/><D109/><U41/><E41/><V132/><F132/><W107/><G107/><T83/><D83/><U92/><E93/><V122/><F77/><W110/><G75/><T27/><D27/><U124/><E124/><V119/><F119/><W134/><G134/><T57/><AGARI ba="1,0" hai="8,15,18,57,59,63,66,68" m="30039,48139" machi="57" ten="30,1100,0" yaku="18,1" doraHai="1" who="0" fromWho="0" sc="189,14,409,-6,120,-4,282,-4" /><INIT seed="2,0,0,4,5,7" ten="203,403,116,278" oya="2" hai0="54,88,41,87,11,9,62,57,94,125,127,4,27" hai1="36,132,33,95,83,50,104,89,119,114,80,17,103" hai2="105,2,102,37,22,31,97,64,3,6,38,122,72" hai3="85,118,133,76,134,25,90,109,108,91,19,29,70"/><V115/><F115/><W49/><G70/><T73/><D73/><U131/><E36/><V110/><F122/><W123/><G118/><T52/><D41/><U74/><E33/><V28/><F72/><W117/><G117/><T43/><D43/><U18/><E119/><V10/><F110/><N who="3" m="42603" /><G123/><T47/><D27/><U107/><E114/><V13/><F64/><W100/><G100/><T16/><D16/><U68/><E68/><V0/><REACH who="2" step="1"/><F22/><REACH who="2" ten="203,403,106,278" step="2"/><W45/><G134/><T120/><D120/><U14/><E74/><V111/><F111/><W34/><G133/><T12/><REACH who="0" step="1"/><D11/><REACH who="0" ten="193,403,106,278" step="2"/><U8/><E8/><V15/><F15/><W116/><G116/><T121/><D121/><U53/><E14/><V124/><F124/><W32/><G32/><T82/><D82/><U51/><E80/><V112/><F112/><W71/><G34/><T44/><D44/><U126/><E83/><V129/><F129/><W96/><G45/><T99/><D99/><U130/><E126/><V30/><AGARI ba="0,2" hai="0,2,3,6,10,13,28,30,31,37,38,97,102,105" machi="30" ten="40,18000,2" yaku="1,1,0,1,52,1,53,3" doraHai="7" doraHaiUra="35" who="2" fromWho="2" sc="193,-60,403,-60,106,200,278,-60" /><INIT seed="2,1,0,1,2,0" ten="133,343,306,218" oya="2" hai0="108,57,6,133,90,111,7,5,18,109,19,82,77" hai1="101,31,1,26,104,3,85,115,49,110,15,103,71" hai2="22,36,68,30,118,47,42,69,43,114,120,99,62" hai3="2,106,75,59,64,60,93,50,102,72,126,24,20"/><V11/><F114/><W28/><G126/><T25/><D133/><U94/><E115/><V63/><F118/><W44/><G106/><T55/><D90/><U56/><E71/><V134/><F120/><W92/><G2/><T66/><D66/><U73/><E73/><V21/><F134/><W13/><G13/><T48/><D25/><U81/><E110/><V54/><F99/><N who="3" m="59751" /><G93/><T105/><D105/><U52/><E104/><V51/><F30/><W45/><G45/><T76/><D76/><U124/><E124/><V79/><F79/><W17/><G17/><T29/><D29/><U4/><E3/><V119/><F11/><W34/><G34/><T100/><D100/><U122/><E94/><V113/><F119/><W74/><G74/><AGARI ba="1,0" hai="5,6,7,18,19,48,55,57,74,77,82,108,109,111" machi="74" ten="50,8000,1" yaku="14,1,52,3" doraHai="0" who="0" fromWho="3" sc="133,83,343,0,306,0,218,-83" /><INIT seed="3,0,0,3,0,110" ten="216,343,306,135" oya="3" hai0="61,112,113,70,41,132,97,104,54,130,122,49,116" hai1="128,30,9,53,65,101,120,46,83,32,5,15,103" hai2="133,124,1,17,12,22,20,125,127,80,14,84,92" hai3="73,37,89,0,81,69,94,100,31,98,115,36,48"/><W19/><G0/><T85/><D116/><U107/><E128/><V111/><F111/><W123/><G123/><T119/><D119/><U63/><E120/><V7/><F133/><W90/><G69/><T21/><D122/><U51/><E107/><V79/><F92/><W43/><G31/><T56/><D132/><U114/><E114/><N who="0" m="44137" /><D130/><U44/><E44/><V55/><F1/><W59/><G115/><T71/><D85/><U6/><E6/><V13/><F7/><W131/><G131/><T126/><D126/><U106/><E106/><V3/><F3/><W50/><G73/><T121/><D121/><U4/><E4/><V72/><F72/><W86/><G100/><N who="0" m="62479" /><D21/><U78/><E32/><V39/><F39/><W82/><G82/><T62/><D62/><U38/><E38/><V2/><F2/><W16/><G37/><T118/><D118/><U18/><E63/><V25/><REACH who="2" step="1"/><F55/><REACH who="2" ten="216,343,296,135" step="2"/><N who="3" m="32247" /><G36/><T88/><D88/><U134/><E101/><V109/><F109/><W67/><G67/><N who="0" m="39335" /><D41/><U28/><E134/><V117/><F117/><W52/><G43/><T29/><D29/><AGARI ba="0,1" hai="12,13,14,17,20,22,25,29,79,80,84,124,125,127" machi="29" ten="40,2600,0" yaku="1,1,18,1,53,0" doraHai="110" doraHaiUra="95" who="2" fromWho="0" sc="216,-26,343,0,296,36,135,0" owari="190,-21.0,343,44.3,332,13.2,135,-36.5" /></mjloggm>