<mjloggm ver="2.3"><GO type="225" lobby="0"/><UN n0="%E3%81%8B%E3%82%8F%E3%81%A1%E3%82%83%E3%82%93%35%38" n1="%72%61%6B%33" n2="%E3%81%93%E3%81%9F%E3%82%8D%E3%81%86%E3%81%8F%E3%82%93" n3="%E3%82%A2%E3%83%9E%E3%83%9D%EF%BD%9E%EF%BD%9E%E3%83%A9" dan="16,16,16,17" rate="2161.38,2122.24,2059.33,2074.00" sx="M,M,M,M"/><TAIKYOKU oya="0"/><INIT seed="0,0,0,1,5,106" ten="250,250,250,250" oya="0" hai0="86,109,103,56,19,13,25,69,83,30,126,40,44" hai1="123,92,132,22,76,119,11,120,27,68,121,42,128" hai2="57,111,78,135,35,58,79,113,29,67,131,61,95" hai3="17,37,124,53,34,77,73,74,18,4,129,81,39"/><T70/><D126/><U52/><E119/><V16/><F113/><W125/><G129/><T41/><D109/><U9/><E128/><V48/><F111/><W99/><G34/><T118/><D118/><U94/><E68/><V130/><F135/><W32/><G32/><T85/><D103/><U112/><E132/><V36/><F36/><N who="3" m="13899" /><G4/><T21/><D56/><U28/><E112/><V54/><F95/><W98/><G53/><T14/><D14/><U108/><E108/><V89/><F130/><W38/><G38/><T12/><D12/><U90/><E42/><V122/><F122/><W72/><G77/><T88/><D41/><U115/><E115/><V62/><F89/><W96/><G81/><T97/><D97/><U75/><E52/><V133/><F133/><W7/><G7/><T64/><D64/><U47/><E47/><V117/><F117/><W10/><G10/><T104/><D104/><U116/><E116/><V51/><F131/><W102/><G102/><T114/><D114/><U0/><E0/><V105/><F105/><W55/><G55/><T66/><D66/><U59/><E59/><V45/><F45/><W127/><AGARI ba="0,0" hai="17,18,72,73,74,96,98,99,124,125,127" m="13899" machi="127" ten="50,16000,3" yaku="29,2,28,2,18,1,52,3" doraHai="106" who="3" fromWho="3" sc="250,-80,250,-40,250,-40,250,160" /><INIT seed="1,0,0,2,2,100" ten="170,210,210,410" oya="1" hai0="24,59,29,65,64,75,13,37,42,3,56,49,85" hai1="96,116,71,117,73,28,47,34,0,50,122,127,57" hai2="105,63,1,55,48,130,89,115,111,7,58,125,106" hai3="67,107,101,77,40,118,97,2,39,76,18,99,44"/><U134/><E0/><V133/><F1/><W93/><G118/><T21/><D75/><U83/><E122/><V12/><F111/><W94/><G107/><T126/><D126/><U79/><E127/><V129/><F125/><W20/><G67/><T60/><D37/><U82/><E71/><V25/><F133/><W45/><G45/><T110/><D110/><U15/><E134/><V14/><F25/><W41/><G41/><T112/><D112/><U92/><E57/><V80/><F7/><W121/><G2/><T124/><D3/><U32/><E83/><V68/><F68/><W70/><G70/><T54/><D124/><U61/><E61/><V8/><F63/><W11/><G11/><T36/><D36/><U5/><E15/><V43/><F43/><W87/><G87/><T90/><D13/><N who="2" m="5226" /><F8/><W119/><G119/><T74/><D74/><U27/><E32/><V52/><F55/><W128/><G128/><N who="2" m="49257" /><F115/><W95/><G121/><T114/><D114/><U103/><REACH who="1" step="1"/><E5/><REACH who="1" ten="170,200,210,410" step="2"/><V78/><F89/><W81/><G81/><T104/><D59/><U16/><E16/><V69/><F69/><W23/><G18/><T10/><D10/><U51/><E51/><V84/><AGARI ba="0,1" hai="48,52,58,78,80,84,105,106" m="49257,5226" machi="84" ten="30,7900,0" yaku="19,1,52,2,54,1" doraHai="100" who="2" fromWho="2" sc="170,-20,200,-39,210,89,410,-20" /><INIT seed="2,0,0,0,4,89" ten="150,161,299,390" oya="2" hai0="39,131,59,94,38,56,21,77,110,90,71,99,114" hai1="58,9,76,41,36,66,5,102,40,14,135,118,18" hai2="134,100,63,101,34,124,49,7,64,81,107,27,54" hai3="92,106,130,48,98,103,53,69,50,46,126,15,121"/><V45/><F124/><W104/><G121/><T127/><D114/><U16/><E118/><V10/><F134/><W79/><G126/><T84/><D127/><U60/><E135/><V111/><F111/><W122/><G122/><T62/><D110/><U82/><E102/><V26/><F81/><W24/><G69/><T22/><D71/><U83/><E83/><V65/><F65/><W33/><G79/><T91/><D131/><U108/><E108/><V80/><F80/><W37/><G37/><T12/><D77/><U72/><REACH who="1" step="1"/><E36/><REACH who="1" ten="150,151,299,390" step="2"/><V2/><F107/><W19/><G103/><T74/><D74/><U97/><E97/><V51/><F101/><W52/><G98/><T125/><D125/><U68/><E68/><V3/><F100/><W87/><G106/><T70/><D70/><U44/><E44/><V6/><F45/><W119/><G46/><T96/><D38/><U4/><E4/><V20/><F7/><W116/><G104/><T23/><D39/><U93/><E93/><V120/><F120/><W32/><G92/><N who="0" m="54343" /><D99/><U43/><AGARI ba="0,1" hai="5,9,14,16,18,40,41,43,58,60,66,72,76,82" machi="43" ten="30,4000,0" yaku="1,1,0,1,54,1,53,0" doraHai="89" doraHaiUra="129" who="1" fromWho="1" sc="150,-10,151,50,299,-20,390,-10" /><INIT seed="3,0,0,2,4,33" ten="140,201,279,380" oya="3" hai0="53,54,41,15,57,42,101,48,56,44,1,63,103" hai1="2,11,32,59,81,107,84,26,94,100,16,105,20" hai2="17,129,82,66,122,115,73,131,123,24,46,23,96" hai3="18,67,22,40,28,31,14,91,89,51,99,38,58"/><W5/><G38/><T121/><D121/><N who="2" m="46090" /><F66/><W128/><G128/><N who="2" m="49225" /><F96/><W77/><G77/><T85/><D1/><U134/><E134/><V7/><F7/><W13/><G40/><T108/><D108/><U116/><E116/><V60/><F60/><N who="3" m="38295" /><G51/><T43/><D85/><U93/><E32/><V83/><F73/><W113/><G113/><T27/><D27/><U3/><E59/><V133/><F133/><W69/><G69/><T34/><D34/><U52/><E94/><V45/><F115/><W64/><G64/><N who="0" m="39015" /><D15/><U104/><E11/><V65/><F65/><W68/><G68/><T110/><D103/><U119/><E119/><V61/><F61/><W86/><G99/><T95/><D95/><U114/><E114/><V124/><F124/><W120/><G120/><T90/><D90/><U132/><E132/><V117/><F117/><W106/><G91/><T79/><D79/><U78/><E100/><V76/><F76/><W12/><G106/><T97/><D97/><U4/><E93/><V10/><F10/><W70/><G70/><T30/><D101/><U112/><E112/><V9/><F9/><W19/><G5/><T126/><D126/><U111/><E4/><V6/><F6/><W50/><G89/><T88/><D88/><U102/><E102/><V135/><F135/><W74/><G86/><T47/><D110/><U49/><E111/><V55/><F83/><W118/><G74/><T130/><D130/><U21/><E107/><V39/><F82/><W37/><G118/><T109/><D109/><U80/><E105/><V98/><F98/><W36/><G12/><RYUUKYOKU ba="0,0" sc="140,0,201,0,279,0,380,0" owari="140,-36.0,201,-19.9,279,7.9,380,48.0" /></mjloggm>