<mjloggm ver="2.3"><GO type="225" lobby="0"/><UN n0="%E3%83%B4%E3%83%A0%EF%BC%99%E3%81%A6" n1="%E7%99%BD%E5%80%89%E5%AF%9B%E4%B9%8B" n2="%E9%A6%AC%E5%BC%95%E7%81%AB%33" n3="%E3%81%BE%E3%81%A8%E3%81%9F" dan="17,16,16,16" rate="2132.07,2174.43,2121.84,2086.93" sx="M,M,M,M"/><TAIKYOKU oya="0"/><INIT seed="0,0,0,3,5,88" ten="250,250,250,250" oya="0" hai0="127,130,71,131,45,61,50,129,1,51,66,52,106" hai1="15,100,115,30,109,118,97,83,117,123,114,119,38" hai2="40,103,91,42,62,31,65,86,28,57,17,8,96" hai3="32,112,46,90,80,101,53,60,122,3,98,19,13"/><T35/><D35/><U124/><E38/><V89/><F89/><W58/><G3/><T20/><D1/><U81/><E30/><V132/><F132/><W37/><G32/><T9/><D9/><U126/><E15/><V104/><F28/><W41/><G112/><N who="1" m="43050" /><E109/><V48/><F31/><W21/><G122/><T16/><D106/><N who="1" m="63759" /><E123/><V70/><F17/><W54/><G90/><T55/><D127/><AGARI ba="0,0" hai="81,83,117,118,119,124,126,127" m="63759,43050" machi="127" ten="40,8000,1" yaku="18,1,11,1,34,2" doraHai="88" who="1" fromWho="0" sc="250,-80,250,80,250,0,250,0" /><INIT seed="1,0,0,0,3,105" ten="170,330,250,250" oya="1" hai0="133,113,116,60,49,131,102,114,40,62,128,5,41" hai1="85,111,88,92,97,57,71,16,98,34,100,103,19" hai2="54,6,82,68,81,99,104,21,118,121,124,107,55" hai3="79,67,51,8,77,35,22,64,44,46,134,38,94"/><U31/><E71/><V9/><F118/><W14/><G35/><T11/><D102/><N who="1" m="38955" /><E34/><V52/><F121/><W17/><G134/><T58/><D116/><U24/><E111/><V69/><F124/><W72/><G38/><T130/><D11/><U37/><E37/><V13/><F21/><W10/><G46/><N who="0" m="25799" /><D5/><U7/><E7/><V27/><F27/><W91/><G77/><T43/><D133/><U135/><E135/><V53/><N who="2" m="13312" /><DORA hai="45" /><V36/><F36/><W33/><G33/><T89/><D89/><U66/><E31/><V48/><F48/><W106/><G79/><T112/><D60/><N who="1" m="38159" /><E24/><V63/><F68/><W73/><G106/><T0/><D0/><U120/><E120/><V18/><F6/><W29/><G29/><T125/><D125/><U74/><E74/><V109/><F109/><W87/><G73/><T12/><D12/><U23/><E23/><V15/><F15/><W1/><G72/><T122/><D122/><U108/><E108/><V32/><F32/><W28/><G1/><T2/><D2/><U93/><E93/><V61/><F107/><W75/><G75/><T25/><D25/><U126/><E126/><V86/><F104/><W20/><G20/><T90/><D90/><U65/><E65/><AGARI ba="0,0" hai="41,43,58,62,65,112,113,114,128,130,131" m="25799" machi="65" ten="40,8000,1" yaku="19,1,34,2,52,1" doraHai="105,45" who="0" fromWho="1" sc="170,80,330,-80,250,0,250,0" /><INIT seed="2,0,0,5,4,9" ten="250,250,250,250" oya="2" hai0="38,44,47,12,19,23,87,37,43,7,53,21,3" hai1="112,107,125,61,28,24,73,42,39,56,88,75,129" hai2="2,70,32,124,10,122,49,8,60,76,62,33,116" hai3="99,67,103,93,86,45,14,77,83,5,27,94,13"/><V82/><F116/><W89/><G67/><T74/><D74/><U41/><E107/><V84/><F122/><W121/><G121/><T55/><D3/><U130/><E112/><V31/><F124/><W117/><G117/><T59/><D7/><U52/><E125/><V40/><F8/><W66/><G66/><T22/><D87/><U134/><E134/><V65/><F62/><W1/><G1/><T30/><D30/><U96/><E75/><V18/><F31/><W71/><G71/><T58/><D58/><U4/><E4/><V35/><F2/><W50/><G27/><T36/><D53/><U78/><E78/><V115/><F115/><W68/><G68/><T97/><D97/><U98/><E73/><V91/><F49/><W119/><G5/><T128/><D128/><N who="1" m="49259" /><E39/><V85/><F40/><N who="1" m="15465" /><E88/><V26/><F26/><W126/><G126/><T69/><D69/><U109/><E109/><V20/><F20/><AGARI ba="0,0" hai="20,24,28,52,56,61,96,98" m="15465,49259" machi="20" ten="30,2000,0" yaku="19,1,54,1" doraHai="9" who="1" fromWho="2" sc="250,0,250,20,250,-20,250,0" /><INIT seed="3,0,0,5,4,117" ten="250,270,230,250" oya="3" hai0="66,102,15,70,28,0,100,72,96,45,37,25,80" hai1="84,59,6,52,56,57,38,16,126,131,62,122,43" hai2="121,91,92,61,134,31,79,133,85,36,101,21,55" hai3="49,90,32,78,19,83,75,26,118,82,98,77,89"/><W115/><G115/><T11/><D0/><U65/><E6/><V30/><F36/><W9/><G118/><T97/><D72/><U23/><E122/><V135/><F101/><W103/><G49/><T63/><D80/><U27/><E126/><V73/><F121/><W87/><G9/><T42/><D102/><U58/><E131/><V124/><F124/><W93/><REACH who="3" step="1"/><G19/><REACH who="3" ten="250,270,230,240" step="2"/><T40/><D40/><U48/><E43/><V107/><F107/><W8/><G8/><T34/><REACH who="0" step="1"/><D100/><REACH who="0" ten="240,270,230,240" step="2"/><U13/><E38/><V99/><F135/><W39/><G39/><T33/><D33/><U86/><REACH who="1" step="1"/><E27/><REACH who="1" ten="240,260,230,240" step="2"/><N who="2" m="16751" /><F134/><W109/><G109/><T7/><AGARI ba="0,3" hai="7,11,15,25,28,34,37,42,45,63,66,70,96,97" machi="7" ten="20,2700,0" yaku="1,1,0,1,7,1,53,0" doraHai="117" doraHaiUra="114" who="0" fromWho="0" sc="240,57,260,-7,230,-7,240,-13" /><INIT seed="4,0,0,5,5,92" ten="297,253,223,227" oya="0" hai0="116,17,89,77,121,64,40,47,28,55,66,22,39" hai1="23,88,70,51,41,46,56,54,33,129,25,127,57" hai2="9,11,12,114,72,106,69,13,20,59,99,120,119" hai3="135,123,87,16,62,43,29,103,37,118,44,108,82"/><T10/><D116/><U5/><E70/><V65/><F120/><W74/><G108/><T73/><D121/><U133/><E33/><V111/><F111/><W27/><G118/><T107/><D107/><U79/><E127/><V50/><F72/><W100/><G74/><T48/><D89/><U34/><E34/><V75/><F75/><W85/><G85/><T83/><D10/><U42/><E79/><V2/><F2/><W125/><G29/><T14/><D28/><N who="1" m="17471" /><E5/><V71/><F119/><W15/><G27/><T63/><D63/><U38/><E38/><V117/><F117/><W76/><G135/><T49/><D39/><U104/><E104/><V113/><F106/><W86/><G125/><T68/><D68/><U80/><E129/><V96/><F20/><W30/><G30/><T0/><D0/><U7/><E7/><V126/><F126/><W53/><G87/><T31/><D31/><U19/><E19/><V81/><F50/><W18/><G18/><T132/><D132/><U67/><E133/><V102/><F102/><W91/><G76/><T3/><D3/><U84/><E67/><V101/><F101/><W52/><G123/><T35/><D35/><U1/><E1/><V60/><F60/><W4/><G4/><T115/><D115/><U78/><E78/><V112/><F112/><W32/><G32/><T130/><D130/><U93/><E80/><V6/><F6/><W21/><G62/><T36/><D36/><U110/><E110/><V128/><F128/><W90/><G90/><T58/><AGARI ba="0,0" hai="14,17,22,40,47,48,49,55,58,64,66,73,77,83" machi="58" ten="20,2100,0" yaku="0,1,7,1" doraHai="92" who="0" fromWho="0" sc="297,21,253,-7,223,-7,227,-7" owari="318,41.8,246,4.6,216,-28.4,220,-18.0" /></mjloggm>