<mjloggm ver="2.3"><GO type="225" lobby="0"/><UN n0="%E6%B8%A9%E2%98%85%E6%83%85%E2%98%85%E6%8E%AA%E2%98%85%E7%BD%AE" n1="%E6%A0%B9%E5%85%83%E3%81%8B%E3%82%89%E5%90%B9%E3%81%A3%E9%A3%9B%E3%81%B6" n2="%E6%98%A5%E3%81%AE%E3%81%8B%E3%81%91%E3%82%89" n3="%E3%83%A9%E3%82%A4%E3%83%B3%E3%81%AE%E8%99%8E" dan="17,16,16,16" rate="2193.76,2096.11,2073.54,2143.75" sx="M,F,F,M"/><TAIKYOKU oya="0"/><INIT seed="0,0,0,4,5,17" ten="250,250,250,250" oya="0" hai0="95,29,81,87,15,114,97,19,53,1,60,125,0" hai1="51,8,117,75,134,133,32,122,92,102,23,21,109" hai2="38,129,91,94,18,14,10,77,90,5,130,98,30" hai3="62,49,110,101,82,66,93,68,37,39,120,42,61"/><T78/><D114/><U80/><E109/><V64/><F38/><W47/><G110/><T45/><D125/><U27/><E117/><V58/><F77/><W108/><G108/><T55/><D29/><N who="1" m="19519" /><E122/><V24/><F91/><W79/><G120/><T46/><D1/><U9/><E51/><V121/><F121/><W44/><G101/><T59/><D0/><U135/><E102/><V69/><F69/><W57/><G93/><T52/><D95/><U100/><E80/><V89/><F89/><W131/><G131/><N who="2" m="50185" /><F5/><W4/><G4/><T28/><D28/><U72/><E8/><V35/><F58/><W56/><G82/><T50/><D97/><N who="1" m="59431" /><E9/><V85/><F64/><N who="3" m="40983" /><G79/><T83/><D83/><U104/><E104/><V70/><F70/><N who="3" m="42319" /><G37/><T105/><D105/><U126/><E126/><V128/><N who="2" m="50193" /><V2/><DORA hai="34" /><F2/><W65/><G65/><T3/><D3/><U22/><AGARI ba="0,0" hai="21,22,23,72,75,133,134,135" m="59431,19519" machi="22" ten="40,8000,1" yaku="20,1,52,3" doraHai="17,34" who="1" fromWho="1" sc="250,-40,250,80,250,-20,250,-20" /><INIT seed="1,0,0,4,1,20" ten="210,330,230,230" oya="1" hai0="49,131,88,81,119,43,15,68,51,123,11,135,101" hai1="108,33,39,93,60,97,66,134,17,27,52,127,90" hai2="31,110,46,24,30,126,114,55,50,48,13,104,77" hai3="63,22,65,19,113,7,98,75,87,56,76,14,2"/><U106/><E127/><V35/><F126/><W118/><G113/><T41/><D68/><U125/><E134/><V58/><F114/><W122/><G122/><T128/><D119/><U85/><E39/><V4/><F110/><W112/><G112/><T132/><D101/><U54/><E108/><V71/><F104/><W5/><G75/><T26/><D123/><U23/><E33/><V121/><F121/><W0/><G118/><T129/><D26/><U40/><E40/><N who="0" m="15433" /><D135/><U37/><E37/><V67/><F71/><W21/><G0/><T36/><D36/><U61/><E61/><V53/><F67/><W133/><G2/><T102/><D102/><U117/><E117/><V111/><F111/><W95/><G133/><T91/><D132/><U10/><E10/><V29/><REACH who="2" step="1"/><F77/><REACH who="2" ten="210,330,220,230" step="2"/><W105/><G105/><T45/><D45/><U109/><E66/><V44/><F44/><W72/><G76/><T84/><D91/><U130/><E90/><V83/><F83/><W86/><G65/><T32/><D32/><U73/><E125/><V107/><F107/><W99/><G56/><T3/><D3/><U94/><E106/><V18/><F18/><AGARI ba="0,1" hai="11,15,18,49,51,81,84,88,128,129,131" m="15433" machi="18" ten="30,2000,0" yaku="19,1,54,1" doraHai="20" who="0" fromWho="2" sc="210,30,330,0,220,-20,230,0" /><INIT seed="2,0,0,2,2,47" ten="240,330,200,230" oya="2" hai0="88,126,49,63,99,13,62,3,93,28,24,52,27" hai1="131,67,134,45,115,83,38,23,70,65,32,1,61" hai2="53,104,117,37,87,100,30,57,19,8,41,12,101" hai3="130,46,9,129,128,64,43,90,40,16,113,68,18"/><V26/><F117/><W56/><G68/><T124/><D3/><U127/><E23/><V92/><F104/><W72/><G72/><T84/><D13/><U133/><E115/><V98/><F37/><W91/><G113/><T4/><D4/><U50/><E1/><V15/><F41/><W75/><G75/><T14/><D14/><U89/><E32/><V108/><F108/><W105/><G105/><T0/><D0/><U34/><E34/><V112/><F112/><W103/><G103/><T10/><D10/><U31/><E31/><V85/><F100/><W81/><G43/><T125/><D99/><U118/><E118/><V66/><F66/><W22/><G64/><T71/><D71/><U74/><E65/><V25/><F15/><N who="3" m="7279" /><G56/><N who="0" m="32783" /><D24/><N who="2" m="9322" /><F30/><W17/><G22/><AGARI ba="0,0" hai="22,27,28,62,63,84,88,93,124,125,126" m="32783" machi="22" ten="30,7700,0" yaku="18,1,52,1,54,2" doraHai="47" who="0" fromWho="3" sc="240,77,330,0,200,0,230,-77" /><INIT seed="3,0,0,0,1,24" ten="317,330,200,153" oya="3" hai0="27,94,15,84,6,13,45,129,61,25,20,68,112" hai1="47,127,11,0,10,56,46,19,93,133,81,123,98" hai2="130,92,114,76,60,1,71,29,135,108,110,75,52" hai3="99,55,36,58,85,33,66,2,118,57,16,50,51"/><W116/><G36/><T40/><D129/><U79/><E123/><V41/><F114/><W115/><G115/><T69/><D112/><U70/><E70/><V82/><F130/><W21/><G2/><T63/><D69/><U18/><E127/><V59/><F135/><W90/><G33/><T105/><D105/><U91/><E133/><V109/><F1/><W72/><G72/><T104/><D104/><U9/><E56/><V131/><F131/><W7/><G7/><T12/><D6/><U77/><E0/><V35/><F41/><W5/><G5/><T103/><D27/><U125/><E125/><V80/><F71/><W54/><G99/><N who="0" m="59895" /><D68/><U101/><E101/><V44/><F44/><N who="1" m="16937" /><E81/><N who="2" m="45215" /><F92/><W86/><G66/><T111/><D111/><U53/><E53/><V3/><F3/><W119/><REACH who="3" step="1"/><G90/><REACH who="3" ten="317,330,200,143" step="2"/><T14/><D84/><U31/><E98/><V17/><F17/><W107/><G107/><T34/><D34/><U74/><E19/><V124/><F124/><W78/><G78/><T134/><D134/><U96/><E18/><V37/><F37/><W113/><G113/><T87/><D87/><U26/><E74/><V73/><F73/><W64/><G64/><T42/><D20/><AGARI ba="0,1" hai="9,10,11,20,26,31,77,79,91,93,96" m="16937" machi="20" ten="30,2000,0" yaku="8,1,52,1" doraHai="24" who="1" fromWho="0" sc="317,-20,330,30,200,0,143,0" owari="297,9.7,360,46.0,200,-20.0,143,-35.7" /></mjloggm>