<mjloggm ver="2.3"><GO type="225" lobby="0"/><UN n0="%43%68%65" n1="%E3%83%A9%E3%82%A4%E3%83%B3%E3%81%AE%E8%99%8E" n2="%E4%B8%AD%E5%B9%B4%E3%81%AE%E5%8D%B1%E6%A9%9F" n3="%E6%B4%BE%E9%81%A3%E3%81%AE%E3%82%B8%E3%83%A3%E3%83%83%E3%82%AF" dan="16,16,16,17" rate="2211.79,2149.46,2128.88,2189.51" sx="M,M,M,M"/><TAIKYOKU oya="0"/><INIT seed="0,0,0,5,5,109" ten="250,250,250,250" oya="0" hai0="1,67,33,44,120,66,18,28,134,0,8,123,60" hai1="63,59,89,39,101,61,135,31,103,117,114,53,81" hai2="4,26,84,46,47,34,90,70,16,13,73,92,77" hai3="72,74,68,98,97,51,9,94,5,106,105,102,119"/><T6/><D1/><U40/><E117/><V131/><F70/><W85/><G68/><T93/><D134/><U22/><E135/><V17/><F131/><W99/><G51/><T19/><D67/><U37/><E37/><V124/><F124/><W55/><G55/><T88/><D44/><N who="2" m="16938" /><F73/><N who="3" m="28267" /><G9/><T132/><D132/><U65/><E39/><V76/><F34/><W108/><G5/><T126/><D126/><U56/><E40/><V15/><F26/><W115/><G119/><T11/><D28/><U58/><E58/><V62/><F4/><W118/><G118/><T32/><D32/><U128/><E128/><V52/><F13/><W110/><G115/><T75/><D75/><U83/><E114/><V121/><F121/><W38/><G38/><T91/><D33/><U122/><E122/><V10/><F17/><W113/><G113/><T45/><D45/><U112/><E112/><V50/><F62/><W20/><G20/><T41/><D41/><U78/><E22/><V64/><F64/><W54/><G54/><T24/><D19/><U71/><E31/><V104/><F104/><N who="3" m="40043" /><G85/><N who="0" m="52367" /><D24/><U2/><E71/><V43/><F43/><W100/><G94/><T116/><D116/><U12/><E2/><V7/><F7/><W21/><G21/><T30/><D30/><U79/><E12/><V86/><F86/><W125/><G125/><T95/><D18/><U133/><E133/><V111/><F111/><AGARI ba="0,0" hai="97,98,99,100,102,108,110,111" m="40043,28267" machi="111" ten="40,8000,1" yaku="28,2,14,1,34,2" doraHai="109" who="3" fromWho="2" sc="250,0,250,0,250,-80,250,80" /><INIT seed="1,0,0,4,0,76" ten="250,250,170,330" oya="1" hai0="97,29,22,88,91,55,68,23,113,84,133,4,126" hai1="65,66,69,20,108,10,73,8,38,130,117,14,98" hai2="119,3,54,13,115,79,12,67,27,129,16,64,52" hai3="106,57,101,40,135,0,7,15,51,25,2,62,59"/><U112/><E112/><V103/><F3/><W99/><G135/><T32/><D113/><U78/><E117/><V45/><F115/><W109/><G109/><T120/><D68/><U71/><E38/><V46/><F119/><W24/><G15/><N who="2" m="5705" /><F129/><W1/><G7/><T92/><D133/><U87/><E73/><V81/><F103/><W118/><G118/><T18/><D4/><U70/><E130/><V100/><F100/><W56/><G62/><T128/><D128/><U43/><E43/><V44/><F67/><W102/><G102/><T74/><D74/><U9/><E98/><V104/><F64/><W36/><G36/><T96/><D126/><U42/><E42/><V83/><F104/><W6/><G6/><T49/><D120/><U26/><E14/><V131/><F131/><W114/><G114/><T107/><D107/><U75/><E75/><V127/><F127/><W50/><G40/><T21/><D18/><U63/><E108/><V116/><F116/><W111/><G111/><T121/><D121/><U86/><E66/><V11/><F11/><W31/><G31/><T94/><D32/><U85/><REACH who="1" step="1"/><E78/><REACH who="1" ten="250,240,170,330" step="2"/><V122/><F122/><W53/><G53/><N who="2" m="20585" /><F79/><W125/><G125/><T28/><REACH who="0" step="1"/><D97/><REACH who="0" ten="240,240,170,330" step="2"/><U93/><E93/><V35/><F35/><W105/><G106/><T123/><D123/><U34/><E34/><V48/><F48/><W5/><G5/><T90/><D90/><U110/><E110/><V95/><F95/><W30/><G50/><T82/><D82/><U37/><E37/><V77/><F77/><W132/><G51/><T60/><D60/><RYUUKYOKU ba="0,2" sc="240,10,240,10,170,10,330,-30" hai0="21,22,23,28,29,49,55,84,88,91,92,94,96" hai1="8,9,10,20,26,63,65,69,70,71,85,86,87" hai2="16,27,44,45,46,81,83" /><INIT seed="1,1,2,5,3,77" ten="250,250,180,300" oya="1" hai0="51,33,53,10,105,68,114,119,74,120,54,86,90" hai1="115,58,45,83,88,109,134,125,8,99,62,61,14" hai2="56,48,40,44,29,16,79,23,73,71,103,47,37" hai3="18,75,129,118,107,31,39,135,81,59,26,102,27"/><U112/><E125/><V55/><F103/><W52/><G39/><T87/><D74/><U19/><E134/><V36/><F29/><W49/><G129/><T69/><D114/><U7/><E109/><V30/><F30/><W113/><G113/><T42/><D33/><U98/><E115/><V5/><F5/><W94/><G107/><T92/><D105/><U85/><E112/><V38/><F71/><W35/><G135/><T131/><D119/><U24/><E45/><V111/><F111/><W116/><G94/><T132/><D131/><U108/><E108/><V4/><F4/><W84/><G75/><T117/><D117/><N who="3" m="45161" /><G102/><T82/><D132/><U25/><E62/><V124/><F124/><W60/><G60/><T66/><D120/><U3/><E3/><V80/><REACH who="2" step="1"/><F47/><REACH who="2" ten="250,250,170,300" step="2"/><W12/><G31/><T9/><D69/><U93/><E7/><V11/><F11/><N who="3" m="6431" /><G35/><T28/><D28/><U63/><E63/><V13/><AGARI ba="1,3" hai="13,16,23,36,37,38,40,44,48,55,56,73,79,80" machi="13" ten="20,8000,1" yaku="1,1,0,1,7,1,52,1,54,1,53,0" doraHai="77" doraHaiUra="100" who="2" fromWho="2" sc="250,-21,250,-41,170,113,300,-21" /><INIT seed="2,0,0,1,1,76" ten="229,209,283,279" oya="2" hai0="36,59,103,25,83,135,26,37,27,39,66,42,124" hai1="88,125,21,52,63,71,20,78,35,130,80,45,61" hai2="122,18,86,119,51,126,68,65,2,23,3,87,114" hai3="56,108,112,81,30,46,11,113,53,118,101,115,85"/><V50/><F114/><W77/><G108/><T134/><D103/><U82/><E35/><V132/><F119/><W29/><G118/><T99/><D124/><U22/><E125/><V47/><F126/><W4/><G101/><T97/><D42/><U24/><E130/><V116/><F116/><W91/><G46/><T100/><D83/><N who="1" m="31787" /><E71/><V133/><F122/><W110/><G110/><T117/><D117/><U1/><E1/><V0/><F65/><W7/><G91/><T70/><D70/><U73/><E73/><V19/><F68/><W32/><G32/><T109/><D109/><U57/><E78/><V129/><F129/><W28/><G11/><T75/><D75/><U120/><E120/><V105/><F105/><W43/><G43/><T89/><D89/><U90/><E45/><V98/><F98/><W58/><G58/><T34/><D34/><U102/><E102/><V67/><F67/><W69/><G69/><T17/><D17/><N who="2" m="6154" /><F23/><N who="1" m="8777" /><E63/><AGARI ba="0,0" hai="4,7,28,29,30,53,56,63,77,81,85,112,113,115" machi="63" ten="50,3200,0" yaku="11,1,52,1" doraHai="76" who="3" fromWho="1" sc="229,0,209,-32,283,0,279,32" /><INIT seed="3,0,0,3,5,38" ten="229,177,283,311" oya="3" hai0="20,32,5,55,23,105,133,9,108,58,49,113,30" hai1="50,65,77,95,57,43,28,61,37,134,106,60,63" hai2="25,31,127,27,3,79,13,24,64,0,45,35,84" hai3="102,121,115,39,12,59,100,107,99,122,16,86,78"/><W41/><G115/><T11/><D113/><U111/><E106/><V44/><F127/><W4/><G4/><T90/><D105/><U129/><E77/><V34/><F64/><W1/><G1/><N who="2" m="585" /><F84/><W18/><G18/><T126/><D108/><U131/><E28/><V87/><F87/><W71/><G71/><T22/><D133/><U96/><E95/><V42/><F79/><W112/><G112/><T101/><D101/><U21/><E21/><V118/><F42/><W54/><G100/><T132/><D126/><U93/><E93/><V56/><F56/><W97/><G97/><T70/><D132/><U98/><E98/><V36/><F36/><W26/><G26/><N who="2" m="10345" /><F45/><W66/><G66/><T47/><D90/><U29/><E96/><V103/><F44/><N who="3" m="23615" /><G86/><T114/><D114/><U120/><E29/><V19/><F103/><W51/><G78/><T88/><D88/><U125/><E125/><V67/><F67/><W33/><G33/><T130/><D32/><U15/><E134/><V80/><F80/><W117/><G117/><T69/><D30/><U40/><E120/><V119/><F34/><W73/><G73/><T46/><D70/><U53/><E111/><V7/><F7/><W124/><G124/><T109/><D69/><N who="1" m="42151" /><E15/><V17/><F17/><W48/><G48/><T82/><D109/><U72/><E72/><V104/><F104/><W10/><G121/><T94/><D5/><U2/><E2/><V116/><F116/><W6/><G6/><T135/><D135/><U128/><E40/><V110/><F110/><W85/><G122/><T123/><D123/><RYUUKYOKU ba="0,0" sc="229,-30,177,10,283,10,311,10" hai1="37,43,50,53,57,61,63,128,129,131" hai2="13,19,27,31,35,118,119" hai3="10,12,16,51,54,59,85,99,102,107" owari="199,-20.1,187,-31.3,293,9.3,321,42.1" /></mjloggm>