<mjloggm ver="2.3"><GO type="225" lobby="0"/><UN n0="%E3%83%96%E3%83%83%E3%83%91%E3%82%AA%E3%83%96%E3%83%81%E3%82%AD%E3%83%B3" n1="%E3%83%B4%E3%83%A0%EF%BC%99%E3%81%A6" n2="%E3%81%B2%E3%81%AA%E3%81%AE%E3%82%8A%E3%81%8F" n3="%E3%81%95%E3%81%8D%E3%81%9F%E3%81%BE%E6%9E%97%E6%AA%8E" dan="17,17,16,16" rate="2185.05,2151.56,2103.74,2102.59" sx="M,M,M,M"/><TAIKYOKU oya="0"/><INIT seed="0,0,0,0,4,135" ten="250,250,250,250" oya="0" hai0="10,130,123,57,79,20,78,22,73,90,37,124,42" hai1="19,39,54,32,59,133,87,31,45,74,67,41,109" hai2="119,82,47,64,53,112,9,134,97,125,13,26,36" hai3="132,11,114,52,103,25,126,71,107,95,120,94,27"/><T1/><D123/><U89/><E74/><V81/><F112/><W16/><G114/><T101/><D101/><U35/><E133/><V30/><F134/><W128/><G132/><T85/><D130/><U105/><E105/><V46/><F64/><W43/><G43/><T3/><D57/><U4/><E109/><V23/><F119/><W28/><G71/><T48/><D42/><U58/><E4/><V102/><F36/><W121/><G128/><T14/><D37/><U40/><E40/><V88/><F125/><W33/><G126/><T76/><D48/><U129/><E129/><V5/><F53/><W116/><G116/><T7/><D73/><U62/><E19/><V75/><F75/><W113/><G107/><T118/><D118/><U117/><E31/><V106/><REACH who="2" step="1"/><F81/><REACH who="2" ten="250,250,240,250" step="2"/><W127/><G127/><T104/><D124/><U69/><E117/><V92/><F92/><W6/><G95/><T100/><D104/><U91/><E59/><V0/><F0/><W34/><G113/><T110/><D110/><U93/><REACH who="1" step="1"/><E91/><REACH who="1" ten="250,240,240,250" step="2"/><V111/><F111/><W115/><G115/><T61/><D90/><U99/><E99/><V122/><F122/><W77/><G121/><T51/><D78/><U21/><E21/><V86/><AGARI ba="0,2" hai="5,9,13,23,26,30,46,47,82,86,88,97,102,106" machi="86" ten="30,4000,0" yaku="1,1,0,1,54,1,53,0" doraHai="135" doraHaiUra="49" who="2" fromWho="2" sc="250,-20,240,-10,240,60,250,-10" /><INIT seed="1,0,0,2,2,31" ten="230,230,300,240" oya="1" hai0="97,96,121,41,70,123,62,53,86,93,51,80,109" hai1="85,27,0,10,91,58,88,15,46,71,14,48,107" hai2="118,68,47,2,17,108,6,84,74,110,56,135,112" hai3="54,1,66,111,105,89,64,9,129,126,102,81,44"/><U23/><E71/><V122/><F118/><W76/><G111/><T132/><D109/><U22/><E107/><V75/><F68/><W45/><G129/><T77/><D132/><U37/><E37/><V127/><F122/><N who="0" m="46602" /><D41/><U33/><E58/><V114/><F56/><W13/><G1/><T25/><D93/><U50/><E0/><V100/><F2/><W134/><G134/><T83/><D25/><U87/><E27/><V106/><F106/><W12/><G105/><T98/><D83/><U21/><E21/><V92/><F6/><W116/><G102/><T5/><D5/><U7/><E7/><V69/><F69/><W11/><G76/><T95/><D70/><U128/><E46/><V124/><F92/><W43/><G43/><T29/><D29/><U99/><E99/><V125/><F125/><W36/><G36/><T4/><D4/><U72/><E72/><V40/><F40/><W28/><G28/><T49/><D95/><U24/><E24/><V103/><F135/><W57/><G126/><T115/><D115/><U16/><E10/><V113/><F113/><W18/><G116/><T52/><D62/><U3/><E3/><V82/><F82/><W35/><G81/><T59/><D98/><U101/><E101/><V78/><F78/><W73/><G89/><T131/><D131/><U8/><E8/><V34/><F112/><W65/><G73/><T26/><D26/><U39/><E39/><V19/><F114/><W55/><G9/><T130/><D130/><U104/><E104/><V133/><F108/><W94/><G11/><T60/><D60/><RYUUKYOKU ba="0,0" sc="230,30,230,-10,300,-10,240,-10" hai0="49,51,52,53,59,77,80,86,96,97" /><INIT seed="2,1,0,1,4,29" ten="260,220,290,230" oya="2" hai0="28,87,52,135,115,57,63,26,66,88,33,3,74" hai1="118,22,51,86,132,31,50,21,1,134,89,37,95" hai2="47,78,55,108,97,9,42,119,62,128,90,25,16" hai3="126,111,45,67,84,123,121,64,102,14,60,120,40"/><V12/><F119/><W34/><G111/><T96/><D115/><U61/><E118/><V112/><F128/><W58/><G126/><T65/><D135/><N who="1" m="51755" /><E37/><V75/><F112/><W56/><G102/><T79/><D3/><U18/><E1/><V82/><F108/><W73/><G73/><T114/><D114/><U59/><E31/><V127/><F127/><W68/><G84/><T130/><D130/><U19/><E22/><V43/><F25/><W70/><G14/><T80/><REACH who="0" step="1"/><D96/><REACH who="0" ten="250,220,290,230" step="2"/><U35/><E35/><V32/><F32/><W98/><G98/><T30/><D30/><U110/><E110/><V93/><REACH who="2" step="1"/><F62/><REACH who="2" ten="250,220,280,230" step="2"/><N who="3" m="39959" /><G34/><T94/><AGARI ba="1,2" hai="26,28,33,52,57,63,65,66,74,79,80,87,88,94" machi="94" ten="20,12000,2" yaku="1,1,0,1,7,1,52,1,54,2,53,0" doraHai="29" doraHaiUra="101" who="0" fromWho="0" sc="250,143,220,-31,280,-61,230,-31" /><INIT seed="3,0,0,0,3,84" ten="393,189,219,199" oya="3" hai0="8,79,68,88,56,2,115,73,87,80,135,105,108" hai1="64,0,12,111,39,57,11,17,130,71,94,85,90" hai2="10,1,128,66,78,82,96,52,74,48,27,86,91" hai3="62,76,83,31,61,45,97,117,55,123,133,53,89"/><W121/><G117/><T42/><D68/><U132/><E39/><V26/><F66/><W35/><G133/><T23/><D108/><U7/><E111/><V3/><F96/><W98/><G35/><T15/><D135/><U70/><E132/><V46/><F128/><W60/><G31/><T29/><D115/><U131/><E57/><V120/><F120/><W54/><G45/><T9/><D105/><U134/><E134/><V113/><F113/><W13/><G13/><T16/><D2/><U25/><E25/><V20/><F10/><W19/><G19/><T122/><D122/><N who="3" m="46601" /><G76/><T126/><D126/><U103/><E103/><V112/><F27/><W28/><G28/><T124/><D124/><U34/><E34/><V4/><F4/><W36/><G36/><T72/><D42/><U107/><E107/><V129/><F129/><N who="1" m="49161" /><E64/><V63/><F63/><N who="3" m="16131" /><W18/><DORA hai="43" /><G18/><T127/><D16/><U41/><E41/><V92/><F112/><W81/><G89/><T58/><D88/><U118/><E118/><V75/><F75/><W102/><G102/><T50/><D15/><U59/><E59/><V6/><F6/><W33/><G33/><T51/><D73/><U30/><E30/><AGARI ba="0,0" hai="1,3,20,26,30,46,48,52,74,78,82,86,91,92" machi="30" ten="30,7700,0" yaku="7,1,52,2,54,1" doraHai="84,43" who="2" fromWho="1" sc="393,0,189,-77,219,77,199,0" owari="393,49.3,112,-38.8,296,9.6,199,-20.1" /></mjloggm>