<mjloggm ver="2.3"><GO type="225" lobby="0"/><UN n0="%77%72%77%72%77%72%77%72" n1="%E3%81%99%E3%81%84%E3%81%BE%E3%81%9B%E3%83%BC%E3%82%93" n2="%E7%99%BD%E5%80%89%E5%AF%9B%E4%B9%8B" n3="%E5%8D%A0%E3%81%84%E5%B8%AB%E8%A3%8F%E3%81%AA%E3%81%84%E3%81%97" dan="16,18,16,17" rate="2111.17,2233.85,2155.49,2240.81" sx="M,M,M,M"/><TAIKYOKU oya="0"/><INIT seed="0,0,0,4,3,122" ten="250,250,250,250" oya="0" hai0="132,116,117,130,112,16,3,45,109,41,44,73,50" hai1="27,35,91,75,46,21,8,104,83,47,12,66,24" hai2="55,105,110,48,87,22,14,25,61,134,13,82,97" hai3="92,101,84,4,102,31,127,89,1,128,114,30,99"/><T40/><D3/><U90/><E104/><V113/><F113/><W98/><G114/><T77/><D112/><U56/><E35/><V129/><F134/><W65/><G128/><T15/><D130/><U70/><E70/><V29/><F129/><W39/><G39/><T120/><D120/><U5/><E75/><V6/><F6/><W54/><G127/><T118/><D132/><U17/><E27/><V124/><F61/><W100/><G65/><T9/><D109/><U131/><E131/><V10/><F10/><W36/><G36/><T58/><D58/><U59/><E59/><V28/><F28/><W74/><G74/><T71/><D71/><U26/><E24/><V93/><F105/><W111/><G111/><T7/><D7/><U62/><REACH who="1" step="1"/><E83/><REACH who="1" ten="250,240,250,250" step="2"/><V135/><F135/><W79/><G30/><T107/><D107/><U78/><E78/><N who="2" m="46551" /><F124/><W11/><G31/><T23/><D77/><U81/><E81/><V80/><F80/><W72/><G72/><T2/><D73/><U52/><E52/><V86/><F110/><W51/><REACH who="3" step="1"/><G79/><REACH who="3" ten="250,240,250,240" step="2"/><T37/><D116/><U19/><E19/><V20/><F29/><W126/><G126/><T42/><D118/><U96/><E96/><V119/><F97/><W34/><G34/><T95/><D117/><U108/><E108/><V32/><F32/><W67/><G67/><T94/><D42/><U125/><E125/><V68/><F119/><W115/><G115/><T69/><D69/><U88/><AGARI ba="0,2" hai="5,8,12,17,21,26,46,47,56,62,66,88,90,91" machi="88" ten="30,12000,2" yaku="1,1,0,1,8,1,54,1,53,2" doraHai="122" doraHaiUra="43" who="1" fromWho="1" sc="250,-60,240,140,250,-30,240,-30" /><INIT seed="1,0,0,2,5,52" ten="190,380,220,210" oya="1" hai0="64,97,107,112,111,17,23,80,22,15,87,125,58" hai1="38,129,81,133,49,94,68,20,102,36,53,135,83" hai2="105,78,89,131,88,57,75,65,32,114,33,48,120" hai3="55,104,13,34,74,90,18,119,14,9,96,123,4"/><U7/><E129/><V44/><F105/><W25/><G123/><T1/><D112/><U77/><E68/><V47/><F120/><W95/><G74/><T92/><D1/><U109/><E109/><V69/><F131/><W30/><G119/><T6/><D111/><U63/><E63/><V71/><F114/><W11/><G104/><T127/><D107/><U106/><E106/><V79/><F75/><W16/><REACH who="3" step="1"/><G55/><REACH who="3" ten="190,380,220,200" step="2"/><T124/><D6/><AGARI ba="0,1" hai="4,6,9,11,13,14,16,18,25,30,34,90,95,96" machi="6" ten="30,12000,2" yaku="1,1,2,1,7,1,9,1,54,1,53,1" doraHai="52" doraHaiUra="91" who="3" fromWho="0" sc="190,-120,380,0,220,0,200,130" /><INIT seed="2,0,0,2,1,80" ten="70,380,220,330" oya="2" hai0="84,126,2,106,133,12,75,112,15,91,17,42,82" hai1="51,135,134,88,129,121,43,19,123,23,95,125,113" hai2="105,90,86,58,68,56,104,130,31,55,83,69,103" hai3="110,81,94,7,32,131,25,64,28,109,35,8,99"/><V18/><F130/><W26/><G131/><T9/><D112/><U57/><E129/><V5/><F31/><N who="3" m="19567" /><G81/><T89/><D126/><U20/><E125/><V77/><F5/><W92/><G64/><T49/><D133/><N who="1" m="50699" /><E113/><V44/><F44/><W85/><G85/><T11/><D2/><U93/><E93/><V124/><F58/><W33/><G99/><T97/><D75/><U122/><E19/><V36/><F36/><W61/><G61/><T50/><D42/><U16/><E16/><V21/><F124/><W87/><G87/><T115/><D115/><U46/><E57/><V37/><F37/><W30/><G92/><T1/><D1/><U24/><E24/><V107/><F103/><W59/><G94/><T40/><D40/><U70/><E70/><V53/><F77/><W29/><G59/><T98/><D106/><U54/><E43/><V45/><F45/><W74/><G74/><T128/><D128/><U72/><E72/><V63/><REACH who="2" step="1"/><F55/><REACH who="2" ten="70,380,210,330" step="2"/><W38/><G38/><T132/><D132/><U116/><E116/><V118/><F118/><W14/><G35/><T39/><D39/><U111/><E111/><AGARI ba="0,1" hai="7,8,14,26,28,29,30,33,109,110,111" m="19567" machi="111" ten="30,3900,0" yaku="14,1,34,2" doraHai="80" who="3" fromWho="1" sc="70,0,380,-39,210,0,330,49" /><INIT seed="3,0,0,4,3,93" ten="70,341,210,379" oya="3" hai0="119,52,102,57,35,32,13,132,109,46,89,51,0" hai1="9,76,130,29,120,100,77,22,96,113,73,88,87" hai2="126,68,127,48,37,103,59,5,121,91,39,15,26" hai3="55,123,74,86,105,80,61,112,134,116,64,128,54"/><W47/><G116/><T72/><D109/><U17/><E120/><V124/><F121/><W3/><G123/><T33/><D119/><U7/><E113/><V108/><F68/><W49/><G3/><T70/><D0/><U118/><E130/><V111/><F103/><W98/><G112/><T34/><N who="0" m="8192" /><DORA hai="19" /><T71/><D132/><U99/><E73/><V6/><F91/><W131/><G74/><T50/><D72/><U106/><E29/><V38/><F26/><W4/><G4/><N who="2" m="1641" /><F15/><W94/><G105/><T85/><D102/><U36/><E36/><V10/><F10/><W66/><G134/><T75/><D75/><U45/><E45/><V101/><F101/><N who="3" m="60631" /><G55/><AGARI ba="0,0" hai="37,38,39,48,55,59,108,111,124,126,127" m="1641" machi="55" ten="50,1600,0" yaku="18,1" doraHai="93,19" who="2" fromWho="3" sc="70,0,341,0,210,16,379,-16" owari="70,-43.0,341,14.1,226,-17.4,363,46.3" /></mjloggm>