<mjloggm ver="2.3"><GO type="225" lobby="0"/><UN n0="%E3%82%A4%E3%83%BC%E3%82%B1%E3%83%97%E3%83%A9" n1="%E6%A1%9C%E8%8A%B1%E9%96%83%E3%80%85" n2="%E5%B8%86%E7%AB%8B%E5%A4%8F%E8%A1%A3" n3="%E3%83%B4%E3%82%A3%E3%83%AF%E3%82%B3%E3%82%B0%E3%83%8B" dan="16,16,17,17" rate="2185.72,2161.24,2197.20,2214.15" sx="M,M,M,M"/><TAIKYOKU oya="0"/><INIT seed="0,0,0,4,1,92" ten="250,250,250,250" oya="0" hai0="38,93,121,131,9,2,103,5,34,17,77,115,100" hai1="86,6,128,37,95,97,54,33,84,130,3,73,32" hai2="62,0,18,104,67,87,41,64,49,66,76,98,124" hai3="114,108,46,50,88,63,127,123,31,99,13,43,81"/><T56/><D115/><U27/><E73/><V101/><F124/><W129/><G108/><T48/><D121/><U19/><E37/><V113/><F0/><W61/><G114/><T25/><D38/><U111/><E111/><V35/><F35/><N who="1" m="13385" /><E54/><V39/><F113/><W7/><G129/><N who="1" m="49770" /><E6/><V51/><F18/><W23/><G127/><T116/><D131/><U65/><E65/><V90/><F76/><W72/><G123/><T122/><D122/><U44/><E44/><V30/><F30/><W79/><G7/><T117/><D77/><U74/><E74/><V133/><F133/><W4/><G4/><T15/><D2/><U10/><E3/><V45/><REACH who="2" step="1"/><F62/><REACH who="2" ten="250,250,240,250" step="2"/><W26/><REACH who="3" step="1"/><G13/><REACH who="3" ten="250,250,240,240" step="2"/><T71/><D15/><N who="1" m="7671" /><E27/><V42/><F42/><W21/><G21/><T59/><D25/><U109/><E109/><V126/><F126/><W105/><G105/><T52/><D34/><U120/><E120/><V80/><AGARI ba="0,2" hai="39,41,45,49,51,64,66,67,80,87,90,98,101,104" machi="80" ten="30,4000,0" yaku="1,1,0,1,52,1,53,0" doraHai="92" doraHaiUra="132" who="2" fromWho="2" sc="250,-20,250,-10,240,60,240,-10" /><INIT seed="1,0,0,1,0,85" ten="230,240,300,230" oya="1" hai0="56,103,17,130,40,32,68,44,124,52,25,24,115" hai1="112,73,27,4,74,87,21,45,48,120,76,18,42" hai2="30,36,39,119,79,81,6,102,53,43,13,63,94" hai3="126,19,28,47,67,111,96,93,101,64,0,15,132"/><U8/><E112/><V89/><F119/><W12/><G111/><T129/><D115/><U80/><REACH who="1" step="1"/><E120/><REACH who="1" ten="230,230,300,230" step="2"/><V116/><F116/><W123/><G123/><T54/><D130/><U107/><E107/><V11/><F39/><W22/><G132/><T92/><D129/><U23/><E23/><V131/><F36/><W46/><G126/><T65/><D124/><U118/><E118/><V88/><F131/><W78/><G0/><AGARI ba="0,1" hai="0,4,8,18,21,27,42,45,48,73,74,76,80,87" machi="0" ten="30,5800,0" yaku="1,1,7,1,53,1" doraHai="85" doraHaiUra="7" who="1" fromWho="3" sc="230,0,230,68,300,0,230,-58" /><INIT seed="1,1,0,3,3,77" ten="230,298,300,172" oya="1" hai0="93,40,25,108,82,36,120,66,11,63,123,5,129" hai1="15,112,64,128,116,72,52,133,76,110,34,6,28" hai2="125,92,29,117,132,105,48,107,65,87,118,75,102" hai3="41,38,55,81,130,115,24,114,134,96,126,111,95"/><U39/><E112/><V86/><F48/><W85/><G111/><T124/><D108/><U62/><E116/><N who="2" m="44651" /><F65/><W67/><G134/><T49/><D36/><U90/><E110/><V103/><F29/><W46/><G130/><T131/><D93/><U17/><E133/><V100/><F132/><W121/><G121/><N who="0" m="46667" /><D25/><U30/><E128/><N who="0" m="49225" /><D124/><U73/><E39/><V0/><F0/><W18/><G126/><T60/><D82/><U12/><E30/><V83/><F125/><W13/><G24/><T94/><D94/><U58/><E28/><V53/><F53/><W1/><G1/><N who="0" m="431" /><D66/><U119/><E119/><V43/><F43/><W44/><G67/><T68/><D68/><U33/><E64/><V80/><F92/><W8/><G95/><T78/><D78/><U35/><E76/><N who="2" m="44063" /><F83/><W109/><G109/><T3/><D3/><U88/><E90/><V104/><AGARI ba="1,0" hai="86,87,100,102,103,104,105,107" m="44063,44651" machi="104" ten="40,5200,0" yaku="34,2,52,1" doraHai="77" who="2" fromWho="2" sc="230,-14,298,-27,300,55,172,-14" /><INIT seed="2,0,0,1,5,101" ten="216,271,355,158" oya="2" hai0="117,49,81,38,37,85,129,123,13,9,42,94,30" hai1="17,91,51,22,59,120,107,110,8,77,67,109,131" hai2="12,60,11,44,3,73,46,92,132,0,102,53,134" hai3="71,75,21,52,34,57,128,36,6,78,114,126,125"/><V104/><F73/><W48/><G34/><T15/><D123/><U28/><E120/><V130/><F92/><W80/><G128/><T66/><D129/><U2/><E131/><V95/><F95/><W119/><G119/><T122/><D122/><U116/><E77/><V88/><F88/><W113/><G71/><T100/><D117/><U112/><E112/><N who="3" m="43114" /><G6/><T27/><D66/><U106/><E116/><V26/><F26/><W115/><N who="3" m="43122" /><W118/><DORA hai="50" /><G118/><T108/><D108/><N who="1" m="41579" /><E91/><V111/><F111/><W76/><G36/><T68/><D68/><U5/><E28/><V29/><F29/><W87/><G21/><T93/><D38/><U55/><E67/><V135/><F130/><W99/><G99/><T20/><D37/><U23/><E23/><V25/><F25/><AGARI ba="0,0" hai="2,5,8,17,22,25,51,55,59,106,107" m="41579" machi="25" ten="30,7700,0" yaku="14,1,52,3" doraHai="101,50" who="1" fromWho="2" sc="216,0,271,77,355,-77,158,0" /><INIT seed="3,0,0,1,2,56" ten="216,348,278,158" oya="3" hai0="106,72,64,26,91,100,43,130,85,16,93,117,97" hai1="99,109,8,46,104,113,124,118,133,81,123,89,42" hai2="30,25,13,21,87,35,50,28,74,4,94,78,2" hai3="125,32,68,112,86,51,110,36,0,19,127,9,63"/><W67/><G112/><T101/><D117/><U128/><E113/><V134/><F74/><W115/><G115/><T102/><D130/><U22/><E123/><V83/><F134/><W38/><G32/><T54/><D43/><U121/><E109/><V41/><F2/><W108/><G51/><T62/><D54/><U6/><E121/><V126/><F35/><W105/><G105/><T24/><D72/><U23/><E128/><V69/><F69/><W131/><G131/><T84/><D84/><U107/><E124/><N who="3" m="47690" /><G86/><T70/><REACH who="0" step="1"/><D16/><REACH who="0" ten="206,348,278,158" step="2"/><U59/><E42/><V98/><F126/><W10/><G19/><T5/><D5/><U15/><E6/><V55/><F41/><W90/><G90/><T37/><D37/><N who="3" m="14441" /><G10/><T60/><D60/><U111/><E89/><V88/><F50/><W61/><G63/><T122/><D122/><U75/><E8/><V7/><F7/><AGARI ba="0,1" hai="0,7,9,61,67,68,108,110" m="14441,47690" machi="7" ten="40,7700,0" yaku="18,1,23,1,52,1" doraHai="56" who="3" fromWho="2" sc="206,0,348,0,278,-77,158,87" /><INIT seed="3,1,0,4,2,65" ten="206,348,201,245" oya="3" hai0="27,54,127,5,20,87,72,86,95,13,52,53,62" hai1="42,114,117,39,70,124,43,134,30,111,118,58,105" hai2="47,109,130,7,133,2,0,74,44,135,98,19,50" hai3="113,32,107,63,40,82,9,102,18,81,59,57,110"/><W79/><G113/><T16/><D72/><U126/><E70/><V6/><F74/><W48/><G32/><T67/><D127/><N who="1" m="48683" /><E111/><V41/><F109/><W28/><G28/><T10/><REACH who="0" step="1"/><D95/><REACH who="0" ten="196,348,201,245" step="2"/><U121/><E114/><V64/><F130/><W12/><G110/><T99/><D99/><U116/><E116/><V22/><F98/><W93/><G93/><T83/><D83/><U120/><E118/><V122/><F122/><W101/><G82/><T66/><D66/><U73/><E73/><V26/><F64/><W103/><G81/><T84/><D84/><U131/><E117/><V106/><F106/><W4/><G107/><T29/><D29/><U119/><E30/><V77/><F77/><W33/><G79/><T21/><D21/><U31/><E31/><V123/><F123/><W23/><G23/><T14/><D14/><U91/><E105/><V112/><F112/><W80/><G80/><T129/><D129/><U35/><E131/><V36/><F2/><W55/><G12/><T108/><D108/><U78/><E78/><V132/><F0/><W85/><G33/><T37/><D37/><U88/><E35/><V61/><REACH who="2" step="1"/><F61/><REACH who="2" ten="196,348,191,245" step="2"/><W89/><G63/><T24/><D24/><U3/><E3/><V8/><F8/><W75/><G9/><T96/><D96/><U60/><E119/><V56/><F56/><AGARI ba="1,2" hai="5,10,13,16,20,27,52,53,54,56,62,67,86,87" machi="56" ten="40,8000,1" yaku="1,1,8,1,54,2,53,0" doraHai="65" doraHaiUra="76" who="0" fromWho="2" sc="196,103,348,0,191,-83,245,0" owari="299,9.9,348,44.8,108,-39.2,245,-15.5" /></mjloggm>