<mjloggm ver="2.3"><GO type="225" lobby="0"/><UN n0="%E3%83%A9%E3%82%B9%E7%8E%87%EF%BC%93%E5%89%B2" n1="%72%69%6F%75%63%68%61%6E" n2="%E6%98%93%E5%88%A9%E8%96%A9%E4%BC%AF" n3="%E8%83%83%E3%81%A8%E8%85%B8" dan="16,16,17,16" rate="2193.41,2123.81,2192.64,2130.20" sx="F,M,F,M"/><TAIKYOKU oya="0"/><INIT seed="0,0,0,1,0,28" ten="250,250,250,250" oya="0" hai0="21,91,118,15,114,127,48,113,93,4,35,81,69" hai1="38,83,94,98,112,67,135,6,126,5,66,96,70" hai2="101,17,105,51,111,122,77,19,119,39,120,33,60" hai3="72,62,9,36,56,43,29,99,97,0,86,92,12"/><T104/><D104/><U45/><E126/><V134/><F39/><W130/><G72/><T1/><D69/><U65/><E70/><V88/><F111/><W90/><G0/><T44/><D118/><U30/><E135/><V115/><F115/><W58/><G130/><T20/><D1/><U85/><E112/><V52/><F77/><W102/><G29/><T3/><D3/><U131/><E131/><V54/><F134/><W16/><G97/><T31/><D81/><U61/><E61/><V50/><F105/><W116/><G116/><T40/><D127/><U37/><E30/><V123/><F119/><W82/><REACH who="3" step="1"/><G62/><REACH who="3" ten="250,250,250,240" step="2"/><T124/><D124/><U108/><E98/><V42/><F60/><W53/><G53/><T68/><D114/><U128/><E128/><V49/><F52/><W75/><G75/><T71/><D113/><U10/><E96/><V84/><F54/><W117/><G117/><T41/><D31/><U24/><E65/><V47/><F101/><W132/><G132/><T121/><D68/><U46/><E66/><V7/><F122/><W87/><G87/><T26/><D71/><U100/><E85/><V13/><F123/><W18/><G18/><T57/><D121/><U34/><E100/><V73/><F73/><W79/><G79/><T22/><D4/><U8/><E5/><V89/><F120/><W95/><G95/><T133/><D133/><U11/><E94/><V64/><F84/><W103/><G103/><T55/><D93/><U59/><E6/><V109/><F7/><W32/><G32/><T78/><D35/><U106/><E34/><RYUUKYOKU ba="0,1" sc="250,-10,250,-10,250,-10,240,30" hai3="9,12,16,36,43,56,58,82,86,90,92,99,102" /><INIT seed="1,1,1,0,1,29" ten="240,240,240,270" oya="1" hai0="110,21,56,121,111,44,20,42,8,6,81,118,19" hai1="5,22,134,79,95,27,72,67,99,132,28,127,88" hai2="122,71,32,11,66,38,119,59,109,14,63,85,33" hai3="113,101,107,74,92,24,64,1,51,57,91,130,49"/><U40/><E127/><V105/><F119/><W52/><G113/><T102/><D118/><U96/><E40/><V26/><F122/><W135/><G135/><N who="1" m="51754" /><E5/><V89/><F105/><W3/><G130/><T2/><D102/><U82/><E67/><V39/><F109/><N who="0" m="41482" /><D121/><U58/><E58/><V34/><F26/><W10/><G74/><T114/><D114/><U77/><E77/><V76/><F76/><W4/><G3/><T0/><D81/><U116/><E116/><V43/><F71/><W106/><G101/><T84/><D56/><U78/><E78/><V18/><REACH who="2" step="1"/><F43/><REACH who="2" ten="240,240,230,270" step="2"/><W94/><G107/><T120/><D42/><U48/><E48/><V129/><F129/><W35/><G106/><T23/><D120/><U16/><E28/><V50/><F50/><W60/><G49/><T90/><D44/><U62/><E62/><V46/><F46/><W65/><G51/><T123/><D123/><U115/><E115/><V75/><F75/><W125/><G60/><T117/><D117/><U12/><E27/><V61/><F61/><W55/><G24/><T68/><D68/><U15/><E15/><V30/><F30/><W53/><G57/><T93/><D2/><U100/><E100/><V69/><F69/><W13/><G1/><T9/><D0/><U126/><E126/><V124/><F124/><W83/><G125/><T25/><D25/><U70/><E70/><V47/><F47/><W80/><G13/><T108/><D108/><U128/><E128/><V112/><F112/><W86/><G91/><T87/><D90/><U54/><E54/><V98/><F98/><AGARI ba="1,2" hai="12,16,22,72,79,82,88,95,96,98,99" m="51754" machi="98" ten="30,11600,0" yaku="6,1,20,1,54,2" doraHai="29" who="1" fromWho="2" sc="240,0,240,139,230,-119,270,0" /><INIT seed="1,2,0,2,2,6" ten="240,379,111,270" oya="1" hai0="61,78,95,125,0,28,18,89,20,114,129,33,51" hai1="62,37,96,134,53,60,10,80,111,9,47,63,55" hai2="128,81,135,8,113,21,16,106,101,36,32,27,104" hai3="82,90,107,71,102,41,100,130,92,120,3,54,88"/><U68/><E68/><V83/><F36/><W57/><G120/><T124/><D114/><U98/><E134/><V66/><F113/><W97/><G130/><T85/><D129/><U79/><E111/><V126/><F128/><W87/><G71/><T50/><D0/><U5/><E37/><V44/><F135/><W30/><G41/><T75/><D28/><U127/><E127/><V93/><F32/><W2/><G30/><T116/><D33/><U11/><E5/><V133/><F133/><W49/><REACH who="3" step="1"/><G100/><REACH who="3" ten="240,379,111,260" step="2"/><T86/><D125/><U48/><REACH who="1" step="1"/><E55/><REACH who="1" ten="240,369,111,260" step="2"/><V103/><F126/><W99/><AGARI ba="2,2" hai="2,3,49,54,57,82,87,88,90,92,97,99,102,107" machi="99" ten="20,12000,2" yaku="1,1,2,1,0,1,7,1,54,1,53,1" doraHai="6" doraHaiUra="45" who="3" fromWho="3" sc="240,-32,369,-62,111,-32,260,146" /><INIT seed="2,0,0,0,3,69" ten="208,307,79,406" oya="2" hai0="112,128,22,122,79,45,98,106,95,88,73,3,132" hai1="90,40,42,18,7,103,32,109,34,66,123,80,67" hai2="33,130,44,102,120,27,65,57,83,99,25,84,71" hai3="30,41,6,104,26,51,93,113,24,52,68,72,14"/><V50/><F120/><W2/><G104/><T64/><D3/><U13/><E123/><V43/><F130/><W117/><G117/><T1/><D1/><U97/><E109/><V12/><F71/><W0/><G72/><T107/><D64/><U105/><E7/><V127/><F127/><W31/><G68/><T9/><D9/><U39/><E66/><V19/><F33/><W77/><G77/><T49/><D112/><U129/><E129/><V86/><F65/><W35/><G41/><T21/><D132/><U92/><E67/><V53/><F102/><W48/><G113/><T91/><D107/><U5/><E5/><V10/><F99/><W55/><G93/><N who="0" m="56615" /><D73/><U4/><E4/><V94/><F94/><W74/><G74/><T115/><D106/><U46/><E80/><V28/><F28/><W60/><G6/><T126/><D79/><U59/><E59/><V133/><F133/><W101/><G101/><T121/><D126/><U111/><E111/><V76/><REACH who="2" step="1"/><F84/><REACH who="2" ten="208,307,69,406" step="2"/><W85/><G85/><N who="0" m="52719" /><D128/><U17/><E32/><V63/><AGARI ba="0,1" hai="10,12,19,25,27,43,44,50,53,57,63,76,83,86" machi="63" ten="20,7800,0" yaku="1,1,0,1,7,1,8,1,53,0" doraHai="69" doraHaiUra="62" who="2" fromWho="2" sc="208,-26,307,-26,69,88,406,-26" /><INIT seed="2,1,0,0,3,133" ten="182,281,157,380" oya="2" hai0="98,135,105,81,44,121,57,73,27,9,14,86,21" hai1="74,101,131,37,69,114,79,16,127,10,29,47,25" hai2="34,46,41,22,24,67,30,115,70,56,134,2,18" hai3="11,17,19,129,53,63,90,118,72,102,100,12,42"/><V80/><F115/><W36/><G118/><T104/><D73/><U43/><E127/><V66/><F70/><W125/><G72/><T65/><D121/><U108/><E114/><V61/><F2/><W50/><G129/><T48/><D135/><U92/><E131/><V26/><F134/><W116/><G116/><T109/><D109/><U97/><E108/><V120/><F120/><W3/><G3/><T78/><D65/><U6/><E69/><V132/><F132/><W117/><G117/><T75/><D57/><U126/><E126/><V87/><F56/><W58/><G36/><T39/><D98/><U119/><E119/><V110/><F61/><W60/><G125/><T122/><D75/><U130/><E130/><V84/><F84/><W1/><G1/><T5/><D39/><U54/><E54/><V52/><F110/><W35/><G35/><T32/><D32/><U83/><E16/><V123/><F123/><W111/><G111/><T45/><D45/><U85/><E85/><V13/><F26/><W106/><G106/><T94/><D94/><U40/><E40/><V76/><REACH who="2" step="1"/><F52/><REACH who="2" ten="182,281,147,380" step="2"/><N who="3" m="32023" /><G60/><T91/><D122/><U0/><E25/><V4/><F4/><W99/><G63/><T128/><D128/><U20/><E29/><V62/><F62/><W31/><G31/><T49/><D27/><U71/><E71/><V77/><F77/><W38/><G53/><T112/><D78/><U28/><E28/><V8/><F8/><W95/><G11/><T89/><D112/><U15/><E0/><V64/><F64/><W51/><G17/><T103/><D9/><RYUUKYOKU ba="1,1" sc="182,-15,281,15,147,15,380,-15" hai1="6,10,15,20,37,43,47,74,79,83,92,97,101" hai2="13,18,22,24,30,34,41,46,66,67,76,80,87" /><INIT seed="2,2,1,0,5,69" ten="167,296,162,365" oya="2" hai0="73,50,110,25,9,120,86,133,34,5,72,44,127" hai1="79,58,99,80,57,12,11,82,122,64,47,4,107" hai2="108,116,59,0,22,101,19,1,21,93,31,20,130" hai3="40,53,48,65,33,89,52,97,70,29,134,18,61"/><V63/><F116/><W37/><G134/><T118/><D133/><U135/><E135/><V76/><F130/><W15/><G29/><T6/><D110/><U7/><E122/><V125/><F125/><W10/><G33/><T98/><D6/><U51/><E4/><V95/><F108/><W24/><G24/><T67/><D67/><U129/><E129/><V78/><F31/><W14/><G14/><T124/><D25/><U131/><E131/><V109/><F109/><W106/><G48/><T90/><D98/><U36/><E36/><V92/><F101/><W83/><G106/><T41/><D34/><U42/><E64/><V126/><F126/><W87/><REACH who="3" step="1"/><G97/><REACH who="3" ten="167,296,162,355" step="2"/><T55/><D127/><U3/><E3/><V114/><F114/><W30/><G30/><T68/><D124/><U38/><E38/><V117/><F117/><W119/><G119/><T26/><D118/><U13/><E13/><V49/><F49/><W62/><G62/><T91/><D26/><U17/><E17/><V128/><F128/><W103/><G103/><T100/><D100/><N who="1" m="62879" /><E82/><V54/><REACH who="2" step="1"/><F19/><REACH who="2" ten="167,296,152,355" step="2"/><W39/><G39/><T71/><D50/><U113/><E113/><V23/><N who="2" m="5120" /><DORA hai="56" /><V111/><F111/><W94/><G94/><T105/><D105/><U35/><E35/><V75/><F75/><W8/><G8/><T84/><D9/><U85/><AGARI ba="2,3" hai="7,11,12,42,47,51,57,58,79,80,85" m="62879" machi="85" ten="30,1100,0" yaku="25,1" doraHai="69,56" who="1" fromWho="1" sc="167,-5,296,47,152,-7,355,-5" /><INIT seed="3,0,0,5,1,34" ten="162,343,145,350" oya="3" hai0="46,130,93,21,57,66,9,51,58,129,11,92,114" hai1="26,32,117,95,110,39,127,98,77,33,69,24,123" hai2="65,133,54,13,126,60,118,107,23,79,70,2,115" hai3="4,131,67,10,50,122,61,99,105,43,29,52,75"/><W15/><G122/><T59/><D66/><U68/><E123/><V120/><F115/><W3/><G75/><T49/><D21/><U82/><E39/><V89/><F118/><W83/><G43/><T8/><D114/><U97/><E117/><V40/><F120/><W45/><G3/><T72/><D72/><U124/><E110/><V63/><F107/><W30/><G131/><N who="0" m="50187" /><D51/><U35/><E24/><V7/><F40/><AGARI ba="0,0" hai="8,9,11,40,46,49,57,58,59,92,93" m="50187" machi="40" ten="40,1300,0" yaku="19,1" doraHai="34" who="0" fromWho="2" sc="162,13,343,0,145,-13,350,0" owari="175,-22.5,343,14.3,132,-36.8,350,45.0" /></mjloggm>