<mjloggm ver="2.3"><GO type="225" lobby="0"/><UN n0="%E9%B4%A8%4E%45%47%49" n1="%E3%83%A9%E3%82%A4%E3%83%B3%E3%81%AE%E8%99%8E" n2="%E3%81%BF%E3%81%BF%E3%81%9A" n3="%E9%BB%99%E8%81%B4%E3%81%AE%E3%81%99%E3%82%9D%E3%82%81" dan="16,16,18,16" rate="2080.86,2160.98,2231.24,2121.08" sx="M,M,M,M"/><TAIKYOKU oya="0"/><INIT seed="0,0,0,3,2,18" ten="250,250,250,250" oya="0" hai0="43,95,113,109,63,6,45,110,47,4,91,27,28" hai1="31,122,102,82,10,57,58,133,86,81,129,84,94" hai2="124,9,17,0,19,135,29,119,50,12,108,3,71" hai3="36,64,125,33,104,61,115,32,70,83,92,127,11"/><T38/><D113/><U72/><E72/><V90/><F71/><W130/><G104/><T42/><D63/><U88/><E122/><V93/><F108/><N who="0" m="41578" /><D95/><U98/><E129/><V39/><F39/><W132/><G36/><N who="0" m="21703" /><D91/><N who="1" m="51663" /><E133/><V89/><F135/><W107/><G107/><T16/><D16/><U21/><E10/><V37/><F17/><W53/><G115/><T99/><D99/><U22/><E31/><V80/><F29/><W52/><G132/><T7/><D7/><U100/><E100/><V121/><F19/><W62/><G130/><T1/><D1/><U40/><E40/><V30/><F0/><W96/><G83/><T118/><D118/><U54/><E54/><N who="3" m="21098" /><G11/><T25/><D25/><U106/><E106/><V68/><F9/><W112/><G61/><T55/><D55/><U74/><E102/><V97/><F3/><W15/><G15/><T76/><D76/><U79/><E98/><V20/><F12/><W134/><G134/><T78/><D78/><U59/><E94/><V35/><F93/><W120/><G120/><T2/><D2/><U5/><E5/><V41/><F97/><W85/><G112/><T105/><D105/><U8/><E8/><V66/><F121/><W69/><G69/><T46/><D47/><U116/><E116/><V128/><F68/><W48/><G96/><T87/><D87/><U60/><E74/><V13/><F119/><W51/><G70/><T14/><D14/><U126/><E79/><V131/><F13/><W77/><G77/><T65/><D65/><U101/><E60/><V23/><F131/><W103/><G62/><RYUUKYOKU ba="0,0" sc="250,30,250,-10,250,-10,250,-10" hai0="4,6,27,28,38,43,46" /><INIT seed="0,1,0,2,3,110" ten="280,240,240,240" oya="0" hai0="0,127,98,56,99,63,28,30,133,79,51,116,52" hai1="65,94,42,27,15,5,39,29,22,75,74,33,100" hai2="9,114,1,132,25,119,126,73,59,129,103,4,120" hai3="12,55,118,13,49,43,76,3,6,96,19,101,54"/><T89/><D116/><U61/><E39/><V128/><F120/><W68/><G68/><T106/><D0/><U88/><E42/><V7/><F73/><W77/><G118/><T26/><D133/><U57/><E100/><V122/><F122/><W48/><G3/><T10/><D127/><U108/><E108/><V85/><F119/><W2/><G2/><T90/><D79/><U86/><REACH who="1" step="1"/><E33/><REACH who="1" ten="280,230,240,240" step="2"/><V93/><F132/><W80/><G43/><T50/><D106/><U46/><E46/><V20/><F103/><W58/><G6/><T111/><D111/><U113/><E113/><V130/><F7/><W69/><G69/><T17/><D56/><U44/><E44/><V53/><F114/><W81/><G101/><T71/><D71/><U78/><E78/><V67/><F126/><W8/><G58/><T124/><D124/><U41/><E41/><V11/><F4/><W109/><G109/><T62/><D90/><U104/><E104/><V112/><F112/><W23/><G77/><T131/><D89/><U107/><E107/><V95/><F129/><W35/><G35/><T21/><D131/><U115/><E115/><V82/><F130/><W66/><G76/><T102/><D102/><U134/><E134/><V31/><F128/><W72/><G72/><T121/><D121/><U105/><E105/><V38/><F38/><W117/><G117/><T135/><D135/><U64/><E64/><V18/><F67/><W87/><G66/><T125/><D125/><U83/><E83/><V84/><F59/><W36/><G36/><T91/><D91/><U97/><E97/><RYUUKYOKU ba="1,1" sc="280,-10,230,30,240,-10,240,-10" hai1="5,15,22,27,29,57,61,65,74,75,86,88,94" /><INIT seed="1,2,1,4,5,6" ten="270,260,230,230" oya="1" hai0="40,10,103,106,54,73,39,59,114,25,0,104,95" hai1="33,11,35,124,15,13,18,100,43,50,85,55,30" hai2="126,56,1,101,66,88,105,90,96,5,79,111,71" hai3="76,22,2,38,92,24,120,131,60,112,44,115,62"/><U34/><E124/><V134/><F126/><W9/><G120/><T42/><D114/><U16/><E43/><V12/><F111/><W107/><G107/><T72/><D25/><U125/><E125/><V83/><F134/><W57/><G131/><T91/><D103/><U81/><E100/><V86/><F1/><W21/><G76/><T68/><D68/><U89/><E30/><V52/><F66/><W28/><G62/><T132/><D132/><U117/><E117/><V80/><F71/><W3/><G22/><T26/><D26/><U102/><E102/><V121/><F121/><W118/><G118/><T32/><D54/><U65/><E65/><V29/><F29/><W19/><G2/><T49/><D49/><U99/><E99/><V7/><F12/><W98/><G44/><T128/><D0/><U14/><REACH who="1" step="1"/><E18/><REACH who="1" ten="270,250,230,230" step="2"/><V116/><F116/><W123/><G123/><T77/><D40/><U23/><E23/><V133/><F133/><W74/><G115/><T31/><D42/><U47/><AGARI ba="2,2" hai="11,13,14,15,16,33,34,35,47,50,55,81,85,89" machi="47" ten="30,18000,2" yaku="1,1,0,1,25,2,52,1,54,1,53,0" doraHai="6" doraHaiUra="53" who="1" fromWho="1" sc="270,-62,250,206,230,-62,230,-62" /><INIT seed="1,3,0,0,5,14" ten="208,456,168,168" oya="1" hai0="61,121,112,88,34,116,35,10,42,68,5,62,26" hai1="126,17,108,87,117,13,11,9,55,46,64,113,45" hai2="28,75,83,19,86,100,82,60,4,123,128,39,38" hai3="3,52,33,93,49,51,98,67,23,15,120,27,125"/><U57/><E113/><V99/><F123/><W77/><G3/><T81/><D112/><U21/><E117/><V115/><F4/><W76/><G120/><T102/><D116/><U94/><E64/><V101/><F115/><W133/><G133/><T119/><D119/><U43/><E126/><V103/><F99/><W124/><G67/><T127/><D102/><U41/><E108/><V106/><F106/><W54/><G33/><T135/><D135/><U1/><E1/><V22/><F128/><W30/><G15/><T114/><D61/><U25/><E11/><V110/><F28/><W69/><G69/><T6/><D6/><U63/><E94/><V91/><F60/><W89/><G125/><T2/><D62/><U90/><E90/><V105/><F110/><W58/><REACH who="3" step="1"/><G124/><REACH who="3" ten="208,456,168,158" step="2"/><T97/><D68/><U80/><E13/><V134/><F134/><W65/><G65/><T72/><D127/><U104/><E43/><V24/><REACH who="2" step="1"/><F105/><REACH who="2" ten="208,456,158,158" step="2"/><W84/><G84/><T66/><D114/><U50/><E87/><V85/><F85/><W78/><G78/><AGARI ba="3,2" hai="19,22,24,38,39,75,78,82,83,86,91,100,101,103" machi="78" ten="40,2600,0" yaku="1,1,52,1,53,0" doraHai="14" doraHaiUra="48" who="2" fromWho="3" sc="208,0,456,0,158,55,158,-35" /><INIT seed="2,0,0,4,4,111" ten="208,456,213,123" oya="2" hai0="49,114,43,95,124,19,99,81,96,3,38,128,74" hai1="7,1,45,135,79,24,72,30,8,131,64,91,90" hai2="58,117,14,107,113,48,132,88,102,130,10,65,87" hai3="23,5,57,22,50,37,53,32,85,21,66,82,0"/><V34/><F117/><W115/><G32/><T83/><D38/><U39/><E64/><V73/><F73/><W6/><G37/><T20/><D124/><U17/><E17/><V68/><F34/><W36/><G36/><T84/><D128/><U46/><E46/><V122/><F68/><W12/><G0/><T86/><D3/><U70/><E135/><V105/><F132/><W35/><G35/><T11/><D11/><U104/><E104/><V123/><F113/><W93/><G115/><T16/><D74/><U29/><E70/><V103/><F130/><W112/><G112/><T44/><D114/><U120/><E120/><V118/><F118/><W67/><G93/><T121/><D95/><U133/><E133/><V18/><F107/><W52/><G53/><T110/><D110/><U26/><E26/><V98/><F103/><W4/><REACH who="3" step="1"/><G12/><REACH who="3" ten="208,456,213,113" step="2"/><T106/><D106/><U25/><E1/><V125/><F125/><W40/><G40/><T119/><D121/><U80/><E39/><V62/><REACH who="2" step="1"/><F48/><REACH who="2" ten="208,456,203,113" step="2"/><W42/><G42/><T97/><D49/><U9/><E72/><V101/><F101/><W94/><G94/><AGARI ba="0,2" hai="10,14,18,58,62,65,87,88,94,98,102,105,122,123" machi="94" ten="30,11600,0" yaku="1,1,7,1,54,1,53,1" doraHai="111" doraHaiUra="55" who="2" fromWho="3" sc="208,0,456,0,203,136,113,-116" owari="208,-19.2,456,55.6,339,13.9,-3,-50.3" /></mjloggm>