<mjloggm ver="2.3"><GO type="225" lobby="0"/><UN n0="%E3%81%A4%E3%81%A3%E3%81%B1%E3%82%8A%E3%83%9D%E3%83%BC%E3%83%AB" n1="%E6%9C%88%E5%B3%B6%E5%9F%BA" n2="%E7%B4%94%E6%BD%94%E3%83%94%E3%83%A9%E3%83%8B%E3%82%A2" n3="%70%6F%69%73%6F%6E%30%32" dan="17,17,17,16" rate="2160.86,2208.25,2225.25,2104.98" sx="M,M,M,M"/><TAIKYOKU oya="0"/><INIT seed="0,0,0,5,1,116" ten="250,250,250,250" oya="0" hai0="33,69,104,20,113,79,55,73,112,27,34,3,132" hai1="50,82,128,121,99,13,0,21,58,102,46,97,5" hai2="57,80,11,127,78,38,119,24,6,7,120,130,126" hai3="85,89,2,87,76,67,134,88,51,30,109,47,86"/><T59/><D69/><U98/><E128/><V48/><F119/><W123/><G2/><T75/><D104/><U115/><E115/><V22/><F130/><W62/><G109/><T122/><D3/><U129/><E129/><V93/><F93/><W61/><G134/><T15/><D132/><U77/><E0/><V124/><F38/><W117/><G117/><T36/><D36/><U54/><E121/><V135/><F120/><W114/><G114/><T108/><D122/><U23/><E102/><V42/><F11/><W92/><G123/><T32/><D108/><U74/><E74/><V125/><F135/><W68/><G62/><T107/><D107/><U43/><E5/><V110/><F110/><W40/><G30/><T26/><D75/><U72/><REACH who="1" step="1"/><E13/><REACH who="1" ten="250,240,250,250" step="2"/><V10/><F127/><W131/><G131/><T96/><D73/><U1/><E1/><N who="2" m="335" /><F7/><W39/><G76/><T65/><D113/><U9/><E9/><V56/><F126/><W70/><G70/><T95/><D112/><U52/><E52/><V53/><F125/><W83/><G39/><AGARI ba="0,1" hai="21,23,39,43,46,50,54,58,72,77,82,97,98,99" machi="39" ten="40,1300,0" yaku="1,1,53,0" doraHai="116" doraHaiUra="12" who="1" fromWho="3" sc="250,0,240,23,250,0,250,-13" /><INIT seed="1,0,0,1,2,45" ten="250,263,250,237" oya="1" hai0="52,59,1,72,17,121,119,122,95,46,68,9,15" hai1="55,80,74,22,75,6,78,62,105,116,32,73,113" hai2="124,125,11,108,33,3,132,133,13,104,83,35,109" hai3="100,12,24,54,39,18,87,51,106,7,47,29,49"/><U101/><E113/><V134/><F104/><W118/><G39/><T92/><D119/><U107/><E116/><V60/><F83/><W120/><G120/><N who="0" m="46187" /><D68/><U96/><E32/><N who="2" m="12363" /><F3/><W88/><G118/><T2/><D72/><N who="1" m="27755" /><E22/><V89/><F89/><W81/><G100/><T23/><D46/><U70/><E55/><V61/><F61/><W123/><G106/><N who="1" m="40458" /><E6/><N who="2" m="3319" /><F60/><W94/><G123/><T76/><D76/><U93/><E62/><V84/><F84/><W43/><G7/><N who="0" m="1271" /><D1/><U19/><E19/><V90/><F90/><W57/><G29/><T67/><D67/><U56/><E56/><V4/><F4/><W34/><G34/><T28/><D28/><U91/><E70/><V130/><F130/><W16/><G24/><T44/><D44/><U112/><E112/><V111/><AGARI ba="0,0" hai="108,109,111,124,125,132,133,134" m="3319,12363" machi="111" ten="50,8000,1" yaku="14,1,20,1,34,2" doraHai="45" who="2" fromWho="2" sc="250,-20,263,-40,250,80,237,-20" /><INIT seed="2,0,0,2,2,37" ten="230,223,330,217" oya="2" hai0="115,24,43,85,86,65,97,80,132,73,56,118,121" hai1="29,27,10,18,5,36,113,84,68,41,94,45,105" hai2="46,104,55,131,128,109,70,32,8,30,47,95,134" hai3="13,77,103,35,38,90,6,93,26,100,89,98,92"/><V57/><F70/><W42/><G77/><T112/><D121/><U129/><E113/><V12/><F104/><W117/><G117/><T4/><D73/><U69/><E105/><V76/><F134/><W50/><G38/><T66/><D132/><U20/><E129/><N who="2" m="49739" /><F109/><W71/><G71/><T119/><D4/><U107/><E107/><V59/><F59/><W127/><G127/><T64/><D97/><U49/><E36/><V122/><F95/><W110/><G110/><T102/><D102/><U67/><E67/><N who="0" m="25673" /><D43/><U0/><E69/><V108/><F76/><W51/><G26/><T14/><D24/><U58/><E68/><V15/><F15/><W63/><G35/><T1/><D14/><U99/><E84/><N who="0" m="32361" /><D80/><U81/><E81/><V16/><F122/><W62/><G13/><T17/><D1/><U7/><E0/><V124/><F124/><W133/><G98/><T60/><D17/><U111/><E111/><V28/><F108/><W126/><G126/><T19/><D19/><U79/><E79/><V123/><F123/><W61/><G133/><T72/><D72/><U83/><E83/><V75/><F75/><W53/><G6/><N who="1" m="2058" /><E18/><V34/><F32/><W74/><G74/><T91/><D91/><N who="3" m="34825" /><G103/><T88/><D88/><N who="1" m="55751" /><E10/><V3/><F3/><W116/><G100/><T106/><D106/><U120/><E120/><V21/><F34/><W96/><G96/><T52/><D115/><U87/><E87/><V23/><F8/><W44/><G116/><N who="0" m="44587" /><D112/><U9/><E9/><V125/><F125/><W40/><G40/><T31/><D66/><U22/><E22/><RYUUKYOKU ba="0,0" sc="230,10,223,10,330,-30,217,10" hai0="31,52,56,60" hai1="20,27,29,41,45,49,58" hai3="42,44,50,51,53,61,62,63,92,93" /><INIT seed="3,1,0,1,0,19" ten="240,233,300,227" oya="3" hai0="63,14,15,78,10,82,94,71,32,84,62,3,65" hai1="30,98,50,132,89,79,129,16,38,126,77,80,96" hai2="45,42,59,46,44,43,120,17,5,133,73,123,57" hai3="64,114,118,13,7,124,40,36,53,69,61,99,11"/><W117/><G114/><T72/><D32/><U108/><E38/><V1/><F73/><W102/><G124/><T81/><D94/><U110/><E30/><V127/><F127/><W116/><G53/><T119/><D119/><U74/><E126/><V85/><F133/><W60/><G60/><T70/><D3/><U9/><E132/><V22/><F85/><W128/><G40/><N who="2" m="15401" /><F5/><W95/><REACH who="3" step="1"/><G36/><REACH who="3" ten="240,233,300,217" step="2"/><T49/><D63/><U109/><E129/><AGARI ba="1,1" hai="7,11,13,61,64,69,95,99,102,116,117,118,128,129" machi="129" ten="50,12000,1" yaku="1,1,2,1,53,3" doraHai="19" doraHaiUra="113" who="3" fromWho="1" sc="240,0,233,-123,300,0,217,133" owari="240,-16.0,110,-39.0,300,10.0,350,45.0" /></mjloggm>