<mjloggm ver="2.3"><GO type="225" lobby="0"/><UN n0="%E3%83%A2%E3%83%B3%E3%82%AD%E3%83%BC%E3%83%88%E3%83%AA%E3%83%83%E3%82%AF" n1="%E5%B8%86%E7%AB%8B%E5%A4%8F%E8%A1%A3" n2="%E3%83%81%E3%83%AF%E3%83%AF%E9%9A%8A%E9%95%B7" n3="%E6%81%A5%E6%99%92%E3%81%97" dan="16,17,16,16" rate="2146.26,2166.71,2105.23,2159.34" sx="M,M,M,M"/><TAIKYOKU oya="0"/><INIT seed="0,0,0,5,3,117" ten="250,250,250,250" oya="0" hai0="78,23,42,11,119,93,58,130,85,75,45,71,87" hai1="67,1,54,17,106,62,26,80,73,70,0,56,19" hai2="132,74,36,129,104,134,2,60,123,59,7,48,5" hai3="40,30,18,44,100,20,86,108,113,122,83,88,49"/><T16/><D119/><U25/><E106/><V99/><F36/><W125/><G108/><T128/><D71/><U127/><E127/><V22/><F74/><W110/><G110/><T15/><D58/><U101/><E101/><N who="2" m="62527" /><F2/><W77/><G125/><T111/><D111/><U91/><E26/><V21/><F48/><W69/><G113/><T14/><D93/><U107/><E107/><V35/><F35/><W61/><G30/><T94/><D94/><U115/><E115/><V64/><F129/><N who="0" m="49770" /><D78/><U76/><E91/><V39/><F39/><W112/><G112/><T124/><D75/><U43/><E43/><V97/><F97/><W103/><G77/><T53/><D53/><U133/><E133/><N who="2" m="51307" /><F123/><W118/><G118/><T98/><D98/><U65/><E65/><V114/><F114/><W121/><G61/><T109/><D109/><U66/><E66/><V46/><F46/><W27/><REACH who="3" step="1"/><G69/><REACH who="3" ten="250,250,250,240" step="2"/><T55/><D124/><U8/><E70/><V37/><F37/><W28/><G28/><T81/><D55/><U57/><E54/><V96/><F96/><W126/><G126/><T34/><D34/><U102/><E102/><AGARI ba="0,1" hai="18,20,27,40,44,49,83,86,88,100,102,103,121,122" machi="102" ten="40,8000,1" yaku="1,1,52,2,54,1,53,0" doraHai="117" doraHaiUra="33" who="3" fromWho="1" sc="250,0,250,-80,250,0,240,90" /><INIT seed="1,0,0,2,0,130" ten="250,170,250,330" oya="1" hai0="3,25,119,110,22,4,112,134,89,100,109,44,121" hai1="55,73,92,58,103,93,95,106,34,7,111,120,74" hai2="122,96,10,42,64,37,125,88,123,132,5,98,59" hai3="54,118,131,27,52,53,50,23,80,77,114,2,62"/><U61/><E34/><V133/><F125/><W91/><G114/><T30/><D112/><U11/><E120/><N who="2" m="46123" /><F88/><W86/><G131/><T116/><D100/><U107/><E111/><N who="0" m="42505" /><D89/><U28/><E28/><V32/><F32/><W68/><G2/><T81/><D81/><U41/><E41/><V69/><F59/><N who="3" m="35175" /><G68/><T83/><D83/><U124/><E124/><V17/><F17/><N who="3" m="12783" /><G118/><N who="0" m="45099" /><D44/><U72/><REACH who="1" step="1"/><E103/><REACH who="1" ten="250,160,250,330" step="2"/><V90/><F42/><W45/><G54/><T6/><D121/><U105/><E105/><V24/><F37/><W126/><G126/><T117/><D117/><U20/><E20/><V56/><F10/><W115/><G115/><T71/><D71/><U46/><E46/><V43/><F69/><W75/><G75/><T38/><D38/><U79/><E79/><AGARI ba="0,1" hai="45,50,53,77,79,80,86,91" m="12783,35175" machi="79" ten="30,2000,0" yaku="8,1,54,1" doraHai="130" who="3" fromWho="1" sc="250,0,160,-20,250,0,330,30" /><INIT seed="2,0,0,3,5,9" ten="250,140,250,360" oya="2" hai0="109,72,89,132,34,38,122,97,44,116,36,24,0" hai1="15,33,51,27,1,118,5,78,37,47,76,105,7" hai2="77,39,20,126,133,66,70,11,57,101,113,124,95" hai3="92,121,102,19,32,84,45,22,26,69,81,93,48"/><V30/><F113/><W127/><G127/><T3/><D72/><U17/><E118/><V29/><F70/><W59/><G69/><T128/><D116/><U107/><E37/><V43/><F133/><W98/><G121/><T67/><D132/><U100/><E1/><V61/><F77/><W129/><G32/><T82/><D122/><U96/><E105/><V49/><F39/><W64/><G129/><T41/><D128/><U83/><E76/><V85/><F11/><W117/><G59/><T110/><D38/><U125/><E125/><N who="2" m="48235" /><F20/><W73/><G73/><T123/><D123/><U94/><E107/><V65/><F65/><W68/><G68/><T60/><D36/><U4/><E33/><V114/><F114/><W42/><G64/><T108/><D34/><U130/><E130/><V91/><F101/><W134/><G117/><T112/><D3/><U31/><E31/><V103/><F103/><W79/><G134/><T16/><D0/><U106/><E106/><AGARI ba="0,0" hai="19,22,26,42,45,48,79,81,84,92,93,98,102,106" machi="106" ten="30,1000,0" yaku="7,1" doraHai="9" who="3" fromWho="1" sc="250,0,140,-10,250,0,360,10" /><INIT seed="3,0,0,5,2,59" ten="250,130,250,370" oya="3" hai0="47,72,109,38,100,19,116,8,44,76,11,114,90" hai1="68,55,108,89,79,95,24,42,135,49,87,54,17" hai2="122,82,51,9,134,110,6,92,96,120,121,7,21" hai3="103,67,124,130,57,39,25,127,18,16,22,12,48"/><W126/><G130/><T105/><D116/><U29/><E108/><V111/><F134/><W13/><G39/><T63/><D109/><N who="2" m="41482" /><F82/><W115/><G115/><T125/><D114/><U0/><E135/><V33/><F33/><W58/><G103/><T128/><D38/><U69/><E0/><V2/><F6/><W61/><G18/><T88/><D128/><U131/><E69/><V62/><F51/><W23/><G23/><T46/><D125/><U5/><E68/><V74/><F74/><W3/><G3/><T93/><D105/><U113/><E113/><V31/><F62/><N who="3" m="38351" /><G48/><T106/><D106/><U86/><E131/><V37/><F37/><W45/><G45/><T75/><D72/><U15/><E29/><V52/><F52/><AGARI ba="0,0" hai="12,13,16,22,25,52,58,61,124,126,127" m="38351" machi="52" ten="30,12000,1" yaku="18,1,52,2,54,2" doraHai="59" who="3" fromWho="2" sc="250,0,130,0,250,-120,370,120" owari="250,5.0,130,-27.0,130,-37.0,490,59.0" /></mjloggm>