<mjloggm ver="2.3"><GO type="225" lobby="0"/><UN n0="%E5%91%A8%E6%9D%B1" n1="%E3%83%81%E3%83%A7%E3%83%99%E3%83%83%E3%82%AF" n2="%33%73%74%72%69%6B%65%73" n3="%E5%82%8D%E8%8B%A5%E7%84%A1%E4%BA%BA%35%31" dan="16,16,16,16" rate="2132.79,2106.40,2147.92,2185.75" sx="M,M,M,M"/><TAIKYOKU oya="0"/><INIT seed="0,0,0,4,3,35" ten="250,250,250,250" oya="0" hai0="54,51,2,101,11,36,9,89,23,120,14,119,92" hai1="94,74,37,30,111,117,19,95,127,99,83,102,5" hai2="90,47,57,8,32,77,86,69,10,3,29,66,50" hai3="133,88,128,132,53,131,125,135,112,12,40,31,82"/><T67/><D119/><U20/><E117/><V126/><F69/><W100/><G40/><T118/><D118/><U98/><E37/><V123/><F123/><W24/><G53/><T44/><D120/><U129/><E111/><V17/><F126/><W107/><G12/><T124/><D124/><U113/><E129/><N who="3" m="49738" /><G112/><T33/><D33/><U84/><E74/><V48/><F77/><W104/><G100/><T4/><D36/><U38/><E38/><V79/><F79/><W46/><G46/><T108/><D108/><U68/><E68/><V105/><F105/><W6/><G6/><T28/><D67/><U7/><E30/><V55/><F66/><W65/><G65/><T25/><D101/><N who="1" m="60631" /><E113/><V42/><F17/><W115/><G115/><T87/><REACH who="0" step="1"/><D11/><REACH who="0" ten="240,250,250,250" step="2"/><U49/><E127/><V116/><F116/><W0/><G125/><T59/><D59/><U96/><E102/><V134/><F10/><W114/><G114/><T103/><D103/><U73/><E20/><V122/><F122/><W13/><G107/><T45/><D45/><U27/><E73/><V61/><F32/><N who="3" m="20583" /><G104/><T39/><D39/><U21/><E21/><V109/><F109/><W81/><G135/><T52/><D52/><U60/><E49/><N who="2" m="26871" /><F134/><W85/><G133/><T64/><D64/><U76/><E60/><V18/><F61/><W97/><G132/><T72/><D72/><U34/><E34/><V26/><F50/><W70/><G70/><T110/><D110/><U80/><E76/><V75/><F75/><W78/><G78/><T16/><D16/><U93/><E19/><V43/><F18/><RYUUKYOKU ba="0,1" sc="240,30,250,-10,250,-10,250,-10" hai0="2,4,9,14,23,25,28,44,51,54,87,89,92" /><INIT seed="0,1,1,2,4,89" ten="270,240,240,240" oya="0" hai0="74,22,55,125,70,1,36,0,72,98,38,118,77" hai1="24,84,43,39,61,7,68,76,44,73,80,54,108" hai2="28,120,122,134,64,15,67,35,59,111,66,131,105" hai3="117,19,31,97,87,119,103,135,82,129,102,69,107"/><T21/><D118/><U94/><E108/><V101/><F111/><W75/><G69/><T37/><D77/><U5/><E24/><N who="2" m="18823" /><F101/><N who="3" m="62895" /><G19/><T8/><D8/><U9/><E5/><V34/><F105/><W115/><G31/><T33/><D33/><U60/><E54/><V20/><F59/><W81/><G115/><T3/><D70/><U132/><E132/><V6/><F34/><W71/><G71/><T112/><D112/><U41/><E41/><V49/><F49/><W133/><G75/><N who="0" m="28715" /><D125/><U16/><E16/><N who="2" m="10271" /><F134/><N who="3" m="51211" /><G82/><T4/><D4/><U109/><E68/><V91/><F91/><N who="3" m="51695" /><G129/><T56/><D98/><U18/><E18/><V114/><F114/><W85/><G85/><T128/><D128/><U104/><E109/><V17/><F17/><W40/><G40/><T78/><D78/><U79/><E79/><V113/><F113/><W126/><G126/><T48/><AGARI ba="1,1" hai="0,1,3,21,22,36,37,38,48,55,56" m="28715" machi="48" ten="50,4800,0" yaku="26,2" doraHai="89" who="0" fromWho="0" sc="270,61,240,-17,240,-17,240,-17" /><INIT seed="0,2,0,5,0,70" ten="331,223,223,223" oya="0" hai0="82,58,131,56,54,14,80,19,77,115,88,33,95" hai1="71,1,134,53,4,41,110,46,68,79,7,116,32" hai2="129,18,43,111,59,92,118,105,109,114,93,112,89" hai3="9,21,60,0,42,130,35,6,28,121,85,97,48"/><T133/><D33/><U27/><E116/><V84/><F118/><W78/><G130/><T55/><D115/><N who="2" m="44074" /><F43/><W49/><G121/><T57/><D131/><U86/><E53/><N who="0" m="19977" /><D77/><U128/><E4/><V83/><F59/><W22/><G97/><N who="0" m="57575" /><D133/><U15/><E110/><N who="2" m="41995" /><F129/><W125/><G125/><T20/><AGARI ba="2,0" hai="14,19,20,56,57,58,80,82" m="57575,19977" machi="20" ten="30,3000,0" yaku="8,1,54,1" doraHai="70" who="0" fromWho="0" sc="331,36,223,-12,223,-12,223,-12" /><INIT seed="0,3,0,1,2,108" ten="367,211,211,211" oya="0" hai0="46,13,29,49,128,23,104,83,71,84,77,18,15" hai1="78,80,118,12,111,130,124,54,8,97,69,72,10" hai2="53,110,41,26,119,73,127,113,32,33,126,132,44" hai3="35,39,88,93,115,135,37,99,55,47,3,40,17"/><T34/><D128/><U109/><E69/><V114/><F110/><N who="1" m="41993" /><E118/><V133/><F53/><W43/><G135/><N who="2" m="51785" /><F73/><W56/><G115/><N who="2" m="44041" /><F26/><W30/><G3/><T1/><D1/><U58/><E130/><V96/><F96/><W107/><G107/><T24/><D104/><U87/><E124/><N who="2" m="47659" /><F119/><W94/><G17/><T121/><D18/><U66/><E66/><V16/><F16/><W129/><G129/><T51/><D24/><U103/><E72/><V85/><F85/><W45/><G30/><T2/><D29/><U89/><E12/><V11/><F11/><W50/><G94/><T102/><D15/><U131/><E131/><V76/><F76/><W92/><G93/><T125/><D13/><U27/><E27/><V106/><F106/><W105/><G105/><T74/><D84/><U9/><E78/><V42/><F42/><W38/><REACH who="3" step="1"/><G35/><REACH who="3" ten="367,211,211,201" step="2"/><T68/><D34/><U21/><E21/><V79/><F79/><W65/><G65/><T70/><D23/><U61/><E8/><V117/><F117/><W134/><G134/><T75/><D77/><U20/><E20/><V62/><F62/><AGARI ba="3,1" hai="37,38,39,40,43,45,47,50,55,56,62,88,92,99" machi="62" ten="30,3900,0" yaku="1,1,7,1,54,1,53,0" doraHai="108" doraHaiUra="112" who="3" fromWho="2" sc="367,0,211,0,211,-48,201,58" /><INIT seed="1,0,0,0,2,101" ten="367,211,163,259" oya="1" hai0="49,43,41,51,52,131,110,7,66,119,89,14,90" hai1="112,63,37,76,25,130,3,18,107,17,67,54,19" hai2="109,124,61,80,103,135,102,87,28,35,20,117,70" hai3="83,27,58,46,2,98,106,108,31,39,15,65,55"/><U36/><E112/><V86/><F117/><W125/><G108/><T11/><D110/><U8/><E130/><V5/><F109/><W1/><G125/><T113/><D119/><U60/><E107/><V100/><F124/><W75/><G15/><T12/><D113/><U129/><E129/><V45/><F35/><W29/><G29/><T134/><D134/><U57/><E25/><V72/><F135/><W21/><G65/><T85/><D66/><U6/><REACH who="1" step="1"/><E76/><REACH who="1" ten="367,201,163,259" step="2"/><V99/><F70/><AGARI ba="0,1" hai="3,6,8,17,18,19,36,37,54,57,60,63,67,70" machi="70" ten="40,3900,0" yaku="1,1,2,1,53,0" doraHai="101" doraHaiUra="40" who="1" fromWho="2" sc="367,0,201,49,163,-39,259,0" /><INIT seed="1,1,0,0,0,127" ten="367,250,124,259" oya="1" hai0="90,11,130,10,115,113,108,129,117,56,35,119,51" hai1="128,131,40,71,29,81,116,61,92,67,125,76,135" hai2="16,64,109,68,63,105,2,34,31,17,59,39,26" hai3="30,18,25,110,46,72,88,66,52,24,22,111,93"/><U91/><E116/><N who="0" m="44617" /><D90/><U133/><E40/><V45/><F109/><N who="3" m="41483" /><G66/><T77/><D77/><U53/><E53/><V99/><F2/><W126/><G126/><T86/><D86/><N who="1" m="52343" /><E29/><V14/><F14/><N who="3" m="9559" /><G72/><T49/><D108/><U123/><E123/><V70/><F70/><W112/><G112/><N who="0" m="43083" /><D35/><U101/><E101/><V69/><F69/><W12/><G12/><T19/><D19/><U122/><E122/><V33/><F59/><W21/><G25/><T84/><D84/><N who="1" m="48167" /><E125/><V58/><F34/><W80/><G80/><T36/><D36/><U79/><E79/><V7/><F7/><W62/><G46/><T78/><D78/><U32/><E32/><V38/><F58/><N who="3" m="35143" /><G93/><T103/><D103/><U57/><E71/><V54/><F38/><W100/><G100/><T50/><D56/><U43/><E43/><N who="2" m="22783" /><F54/><W95/><G95/><T83/><D83/><U55/><E67/><V74/><F74/><W27/><G27/><T47/><D47/><U8/><E8/><AGARI ba="1,0" hai="8,10,11,49,50,51,129,130" m="43083,44617" machi="8" ten="40,8000,1" yaku="28,2,52,2" doraHai="127" who="0" fromWho="1" sc="367,83,250,-83,124,0,259,0" /><INIT seed="2,0,0,5,1,33" ten="450,167,124,259" oya="2" hai0="76,62,106,126,47,78,124,115,83,21,87,38,51" hai1="105,35,111,59,9,49,122,69,22,54,90,40,28" hai2="52,12,71,18,57,31,43,118,92,74,80,109,50" hai3="79,34,114,97,45,14,103,123,67,63,128,5,107"/><V96/><F118/><W134/><G128/><T44/><D106/><U82/><E35/><V102/><F71/><W61/><G134/><T120/><D120/><U88/><E105/><V75/><F109/><W95/><G123/><T29/><D115/><U36/><E111/><V84/><F31/><W131/><G131/><T24/><D62/><U30/><E69/><V121/><F121/><W116/><G114/><T113/><D113/><U132/><E132/><V26/><F26/><W101/><G34/><T72/><D72/><U48/><E36/><V37/><F43/><W89/><G79/><T56/><D78/><U4/><E28/><V0/><F0/><W39/><G63/><T7/><D7/><U58/><E82/><V70/><F37/><W85/><G101/><T77/><D77/><U60/><E40/><V91/><REACH who="2" step="1"/><F70/><REACH who="2" ten="450,167,114,259" step="2"/><W117/><G39/><T133/><D38/><U3/><E122/><V130/><F130/><W25/><G25/><T81/><D133/><U100/><E48/><V27/><F27/><W104/><G117/><T55/><D29/><U1/><E1/><V135/><F135/><W16/><G116/><T2/><D24/><U129/><E129/><V127/><F127/><W108/><G108/><T6/><D2/><U42/><E42/><V99/><F99/><W8/><G97/><T86/><D124/><U64/><E30/><V68/><F68/><W65/><G14/><T66/><D126/><U53/><E3/><V17/><F17/><W13/><G16/><T119/><D119/><U93/><E4/><V73/><F73/><W94/><G5/><RYUUKYOKU ba="0,1" sc="450,-10,167,-10,114,30,259,-10" hai2="12,18,50,52,57,74,75,80,84,91,92,96,102" /><INIT seed="2,1,1,1,1,41" ten="440,157,144,249" oya="2" hai0="71,118,82,133,90,13,48,68,97,47,76,95,131" hai1="61,5,14,35,80,18,75,55,77,84,81,103,22" hai2="63,132,40,32,99,73,21,120,37,65,7,85,26" hai3="91,96,19,87,52,78,124,28,79,109,16,98,114"/><V134/><F120/><W12/><G109/><T106/><D131/><U130/><E35/><V60/><F73/><W122/><G124/><T38/><D38/><U110/><E110/><V108/><F108/><W72/><G114/><T49/><D133/><N who="2" m="51306" /><F32/><W23/><G28/><T51/><D106/><U39/><E39/><V127/><F127/><W29/><G29/><T20/><D118/><U3/><E130/><V2/><F85/><W105/><G72/><T111/><D111/><U62/><E103/><V123/><F123/><W53/><G122/><T57/><D57/><U89/><E3/><V67/><F99/><N who="3" m="37931" /><G105/><T129/><D129/><U17/><E5/><V6/><F40/><W10/><G78/><T86/><D71/><U125/><E125/><V36/><F36/><W33/><G79/><T112/><D68/><U119/><E119/><V45/><F45/><W74/><G74/><T27/><D112/><U126/><E126/><V44/><F44/><W107/><G107/><T30/><D13/><U43/><E43/><AGARI ba="1,1" hai="20,27,30,43,47,48,49,51,76,82,86,90,95,97" machi="43" ten="30,3900,0" yaku="7,1,8,1,52,1" doraHai="41" who="0" fromWho="1" sc="440,52,157,-42,144,0,249,0" /><INIT seed="3,0,0,4,3,14" ten="492,115,144,249" oya="3" hai0="16,121,61,115,119,48,10,126,77,84,101,90,46" hai1="27,32,86,71,66,8,72,12,24,100,53,21,37" hai2="26,89,122,6,112,43,9,57,7,93,49,30,62" hai3="54,44,15,88,33,132,22,85,3,111,83,76,92"/><W45/><G33/><T20/><D119/><U59/><E37/><V135/><F112/><W131/><G3/><T13/><D115/><U79/><E72/><V128/><F128/><W31/><G132/><T19/><D126/><U17/><E71/><V63/><F135/><W42/><G111/><T114/><D114/><U133/><E133/><V94/><F94/><W34/><G34/><T107/><D121/><U97/><E32/><V96/><F122/><W25/><G42/><T47/><D77/><U38/><E66/><V55/><F43/><W110/><G110/><T0/><D61/><N who="2" m="23050" /><F9/><W1/><G1/><T82/><D0/><U2/><E2/><V52/><F55/><W129/><G15/><T80/><D80/><N who="1" m="47391" /><E38/><V109/><F109/><W51/><REACH who="3" step="1"/><G45/><REACH who="3" ten="492,115,144,239" step="2"/><T11/><D47/><U99/><E100/><V124/><F124/><W56/><G56/><T120/><D120/><U108/><E108/><V60/><F60/><W91/><G91/><T102/><D101/><U68/><E68/><V69/><F69/><W123/><G123/><T50/><D46/><U4/><E24/><V81/><F81/><W73/><AGARI ba="0,1" hai="22,25,31,44,51,54,73,76,83,85,88,92,129,131" machi="73" ten="30,11700,0" yaku="1,1,0,1,54,1,53,1" doraHai="14" doraHaiUra="105" who="3" fromWho="3" sc="492,-39,115,-39,144,-39,239,127" /><INIT seed="3,1,0,4,1,118" ten="453,76,105,366" oya="3" hai0="18,47,0,48,71,4,113,73,128,109,53,86,75" hai1="124,78,117,96,39,133,23,20,45,120,25,8,125" hai2="101,54,126,46,104,90,43,9,77,135,49,60,41" hai3="40,102,65,30,123,10,103,52,85,27,35,6,92"/><W114/><G114/><T76/><D71/><U63/><E117/><V105/><F135/><W127/><G123/><T112/><D109/><U11/><E78/><V44/><F126/><N who="1" m="48745" /><E96/><V134/><F134/><W26/><G127/><T79/><D128/><U130/><E133/><V28/><F77/><N who="0" m="29770" /><D86/><U87/><E87/><V74/><F74/><W82/><G65/><T42/><D18/><U121/><E130/><V3/><F28/><W115/><G40/><T67/><D67/><U33/><E63/><V94/><F101/><W7/><G115/><N who="0" m="44107" /><D42/><N who="2" m="15882" /><F104/><W36/><G36/><T131/><D131/><U91/><E39/><V69/><F105/><W1/><G7/><T99/><D99/><U89/><E45/><N who="2" m="27951" /><F3/><W51/><G27/><T13/><D0/><U14/><E33/><V55/><F9/><AGARI ba="1,0" hai="4,9,13,47,48,53,73,75" m="44107,29770" machi="9" ten="30,1000,0" yaku="11,1" doraHai="118" who="0" fromWho="2" sc="453,13,76,0,105,-13,366,0" owari="466,56.6,76,-42.4,92,-30.8,366,16.6" /></mjloggm>