<mjloggm ver="2.3"><GO type="225" lobby="0"/><UN n0="%E3%81%8B%E3%82%8F%E3%81%A1%E3%82%83%E3%82%93%35%38" n1="%E3%81%BF%E3%81%BF%E3%81%9A" n2="%E5%85%83%E3%82%AB%E3%83%8E%E7%B3%BB%E3%83%92%E3%83%AD%E3%82%A4%E3%83%B3" n3="%E3%82%A2%E3%83%9E%E3%83%9D%EF%BD%9E%EF%BD%9E%E3%83%A9" dan="16,17,16,17" rate="2107.43,2235.79,2183.83,2142.27" sx="M,M,M,M"/><TAIKYOKU oya="0"/><INIT seed="0,0,0,5,2,35" ten="250,250,250,250" oya="0" hai0="134,124,28,0,34,122,102,78,14,113,23,118,49" hai1="56,131,90,86,114,83,76,40,65,127,33,8,61" hai2="63,30,36,44,69,119,7,71,9,55,67,123,133" hai3="121,12,29,15,42,85,39,27,20,87,10,81,120"/><T21/><D102/><U98/><E127/><V18/><F123/><N who="3" m="47179" /><G87/><T50/><D78/><U52/><E131/><V37/><F18/><W115/><G115/><T57/><D122/><U17/><E33/><V3/><F133/><W22/><G22/><N who="0" m="8203" /><D57/><U75/><E114/><V43/><F30/><W116/><G116/><T24/><D50/><U112/><E112/><V117/><F36/><W72/><G72/><T128/><D49/><U91/><E40/><V107/><F107/><W1/><G42/><T130/><D113/><U126/><E126/><V48/><REACH who="2" step="1"/><F71/><REACH who="2" ten="250,250,240,250" step="2"/><W11/><G39/><T111/><D124/><U5/><E17/><V4/><F4/><N who="3" m="1295" /><G11/><T95/><D134/><U88/><E98/><V103/><F103/><W99/><G99/><T94/><D128/><U62/><E8/><V31/><F31/><W59/><G59/><AGARI ba="0,1" hai="3,7,9,37,43,44,48,55,59,63,67,69,117,119" machi="59" ten="40,8000,1" yaku="1,1,24,2,52,1,53,1" doraHai="35" doraHaiUra="6" who="2" fromWho="3" sc="250,0,250,0,240,90,250,-80" /><INIT seed="1,0,0,4,1,45" ten="250,250,330,170" oya="1" hai0="94,11,71,19,126,56,6,134,132,67,105,33,82" hai1="92,46,76,12,18,16,51,14,26,135,75,48,32" hai2="15,55,74,73,0,107,53,64,85,125,112,13,120" hai3="59,81,57,115,99,5,40,39,25,127,80,133,22"/><U113/><E113/><V17/><F120/><W27/><G115/><T102/><D33/><U122/><E122/><V35/><F0/><W79/><G127/><T95/><D71/><U65/><E135/><N who="0" m="51753" /><D126/><U63/><E75/><V23/><F35/><W43/><G133/><T103/><D19/><U88/><E76/><V54/><F107/><W9/><G99/><N who="0" m="61663" /><D103/><U28/><E14/><V104/><F104/><W123/><G123/><T96/><D96/><U78/><E78/><V29/><F29/><W97/><G97/><T20/><D20/><U4/><E4/><V90/><F64/><W118/><G118/><T38/><D38/><U47/><E47/><V86/><F73/><W21/><G79/><T31/><D82/><U24/><E24/><V84/><F74/><W101/><G101/><T108/><D31/><U83/><E83/><V69/><F69/><W34/><G34/><T117/><D108/><U37/><E37/><V124/><F112/><W7/><REACH who="3" step="1"/><G39/><REACH who="3" ten="250,250,330,160" step="2"/><T1/><D117/><U2/><E32/><V3/><F125/><W114/><G114/><T50/><D67/><U131/><E65/><V130/><F124/><W44/><G44/><T110/><D110/><U10/><E46/><V72/><F72/><W68/><G68/><T77/><D77/><U70/><E70/><V49/><F85/><W100/><G100/><T41/><D56/><U62/><E88/><V58/><F90/><W8/><AGARI ba="0,1" hai="5,7,8,9,21,22,25,27,40,43,57,59,80,81" machi="8" ten="25,8000,1" yaku="1,1,0,1,22,2,8,1,53,0" doraHai="45" doraHaiUra="42" who="3" fromWho="3" sc="250,-20,250,-40,330,-20,160,90" /><INIT seed="2,0,0,5,1,129" ten="230,210,310,250" oya="2" hai0="60,39,83,70,36,14,116,62,15,128,103,67,126" hai1="19,118,92,34,74,87,26,4,131,96,119,44,10" hai2="33,106,16,54,66,64,20,102,29,40,115,134,22" hai3="53,61,11,75,86,3,21,91,122,63,17,113,12"/><V130/><F115/><W125/><G122/><T107/><D128/><U25/><E131/><V111/><F130/><W132/><G125/><T24/><D126/><U7/><E74/><V49/><F33/><W121/><G75/><T58/><D116/><U100/><E118/><V101/><F106/><W84/><G121/><T124/><D124/><U123/><E119/><V114/><F40/><W135/><G113/><T5/><D83/><U95/><E123/><V97/><F134/><N who="3" m="51243" /><G53/><T55/><D24/><N who="1" m="9323" /><E34/><V85/><F54/><W68/><G68/><T133/><D133/><U27/><N who="1" m="9331" /><U37/><DORA hai="42" /><E37/><V13/><F64/><W94/><G86/><T105/><D105/><U59/><E59/><V90/><F66/><W81/><G81/><T57/><D70/><U65/><E65/><V76/><F85/><W72/><G72/><T82/><D82/><U18/><E44/><V32/><F114/><W79/><G79/><T0/><D39/><U47/><E47/><V78/><F76/><W30/><G30/><T28/><D36/><U51/><E51/><V52/><F78/><W46/><G46/><T1/><D28/><U89/><E10/><V93/><F29/><W31/><G31/><T127/><D127/><U56/><E56/><V108/><F32/><W73/><G73/><T80/><D80/><U6/><AGARI ba="0,0" hai="4,6,7,18,19,87,89,92,95,96,100" m="9331" machi="6" ten="40,1500,0" yaku="8,1" doraHai="129,42" who="1" fromWho="1" sc="230,-4,210,15,310,-7,250,-4" /><INIT seed="3,0,0,4,5,128" ten="226,225,303,246" oya="3" hai0="96,38,132,93,14,39,64,107,58,114,36,102,121" hai1="31,40,99,73,97,62,55,70,84,5,125,86,9" hai2="82,80,104,71,32,21,100,89,129,83,98,112,92" hai3="41,50,1,23,105,133,76,47,60,68,6,7,29"/><W12/><G133/><T51/><D121/><U88/><E73/><V94/><F32/><W35/><G105/><T87/><D114/><U52/><E125/><V59/><F71/><W130/><G130/><T53/><D132/><U20/><E40/><V15/><F129/><W28/><G35/><T57/><D14/><N who="1" m="5423" /><E70/><V37/><F37/><W8/><G76/><T117/><D117/><U42/><E42/><V17/><F112/><W65/><G7/><T124/><D124/><U66/><E66/><V126/><F126/><W22/><G1/><T0/><D0/><U48/><E62/><V61/><REACH who="2" step="1"/><F89/><REACH who="2" ten="226,225,293,246" step="2"/><W111/><G111/><T2/><D38/><U43/><E43/><V26/><F26/><W10/><G68/><T115/><D36/><U69/><E69/><V19/><F19/><W79/><G29/><T91/><D39/><U13/><E86/><V113/><F113/><W110/><G28/><T16/><D115/><U116/><E116/><V135/><F135/><W56/><G110/><T103/><D87/><U123/><E123/><V54/><AGARI ba="0,1" hai="15,17,21,54,59,61,80,82,83,92,94,98,100,104" machi="54" ten="30,2000,0" yaku="1,1,0,1,53,0" doraHai="128" doraHaiUra="106" who="2" fromWho="2" sc="226,-5,225,-5,293,30,246,-10" owari="221,-17.9,220,-28.0,323,42.3,236,3.6" /></mjloggm>