<mjloggm ver="2.3"><GO type="225" lobby="0"/><UN n0="%6D%61%74%69%67%75%73%61" n1="%E7%99%BD%E5%80%89%E5%AF%9B%E4%B9%8B" n2="%E6%80%AA%E3%81%97%E3%81%99%E3%81%8E%E3%82%8B%E3%83%81%E3%83%BC" n3="%E3%83%96%E3%83%83%E3%83%91%E3%82%AA%E3%83%96%E3%83%81%E3%82%AD%E3%83%B3" dan="17,16,16,17" rate="2116.34,2137.63,2066.39,2221.54" sx="M,M,M,M"/><TAIKYOKU oya="0"/><INIT seed="0,0,0,0,0,112" ten="250,250,250,250" oya="0" hai0="52,107,100,90,64,1,63,83,31,49,30,101,11" hai1="8,121,50,77,57,41,69,130,134,115,15,128,59" hai2="27,24,53,75,108,82,88,89,14,86,127,135,96" hai3="73,60,126,55,80,12,103,33,13,129,47,48,84"/><T68/><D1/><U32/><E32/><V0/><F0/><W95/><G126/><T72/><D11/><U5/><E115/><V70/><F75/><W74/><G129/><N who="1" m="49770" /><E69/><V25/><F127/><W122/><G122/><T56/><D90/><U132/><E121/><V18/><F70/><W6/><G33/><T62/><D63/><U39/><E39/><V61/><F108/><W20/><G6/><T10/><D10/><U118/><E77/><V81/><F135/><N who="1" m="51753" /><E118/><V113/><F113/><W92/><G73/><T93/><D107/><U87/><E87/><N who="2" m="50287" /><F96/><N who="3" m="59783" /><G74/><T116/><D116/><U91/><E91/><V21/><F61/><W23/><G60/><T51/><D51/><U98/><E98/><V42/><F53/><W44/><G55/><T16/><D101/><U3/><E3/><V124/><F124/><W76/><G84/><T46/><D68/><U22/><E22/><N who="2" m="11607" /><F42/><W131/><G131/><T109/><D109/><U123/><E123/><V54/><F54/><W36/><G36/><T67/><D72/><U19/><E5/><V105/><F105/><W114/><G114/><T65/><D65/><U9/><E9/><V29/><AGARI ba="0,0" hai="21,24,25,27,29,82,86,89" m="11607,50287" machi="29" ten="30,2000,0" yaku="8,1,54,1" doraHai="112" who="2" fromWho="2" sc="250,-10,250,-5,250,20,250,-5" /><INIT seed="1,0,0,5,4,108" ten="240,245,270,245" oya="1" hai0="134,59,111,130,113,126,102,91,101,75,14,31,105" hai1="120,0,9,46,53,18,77,110,32,100,90,121,129" hai2="20,40,55,64,87,30,22,39,114,52,66,61,79" hai3="84,86,58,60,128,131,72,62,104,80,83,99,8"/><U29/><E100/><V44/><F114/><W57/><G72/><T96/><D31/><U26/><E77/><V88/><F79/><W89/><G8/><T36/><D36/><U33/><E90/><V56/><F55/><W17/><G17/><T6/><D59/><U24/><E53/><V63/><F66/><W2/><G2/><T49/><D49/><U4/><E46/><V92/><REACH who="2" step="1"/><F30/><REACH who="2" ten="240,245,260,245" step="2"/><W19/><G128/><T85/><D130/><U43/><E129/><V78/><F78/><W109/><G131/><T98/><D113/><U97/><E110/><V117/><F117/><W82/><G109/><T116/><D116/><U37/><E29/><V67/><F67/><W50/><G62/><T38/><D111/><U103/><E120/><V118/><F118/><W42/><G60/><T93/><D75/><U12/><E121/><V45/><F45/><W76/><G76/><T112/><D112/><U124/><E43/><V107/><F107/><W115/><G104/><T119/><D119/><U65/><E65/><V27/><F27/><W135/><G115/><T68/><D105/><U47/><E26/><V73/><F73/><W35/><G42/><T7/><D68/><AGARI ba="0,1" hai="20,22,39,40,44,52,56,61,63,64,68,87,88,92" machi="68" ten="30,8000,1" yaku="1,1,7,1,54,2,53,1" doraHai="108" doraHaiUra="81" who="2" fromWho="0" sc="240,-80,245,0,260,90,245,0" /><INIT seed="2,0,0,2,1,77" ten="160,245,350,245" oya="2" hai0="58,53,29,62,85,0,97,90,126,41,84,11,42" hai1="64,66,72,70,43,55,54,92,95,48,46,61,108" hai2="22,45,94,79,125,19,68,37,109,52,69,71,26" hai3="113,38,24,36,21,50,33,67,39,120,12,112,129"/><V134/><F125/><W96/><G120/><T13/><D0/><U63/><E72/><V27/><F134/><W98/><G129/><T105/><D126/><U116/><E95/><V104/><F104/><W103/><G67/><T7/><D29/><U131/><E92/><V100/><F79/><W87/><G33/><T49/><D105/><U123/><E131/><V57/><F27/><W34/><G34/><T118/><D118/><U75/><E75/><V132/><F109/><W127/><G127/><T78/><D97/><U28/><E28/><V101/><F94/><W102/><G12/><T93/><REACH who="0" step="1"/><D62/><REACH who="0" ten="150,245,350,245" step="2"/><U30/><E30/><V18/><F132/><W106/><G106/><T2/><D2/><U86/><E116/><V81/><F101/><W74/><G98/><T124/><D124/><U119/><E119/><V10/><F100/><W4/><G96/><T3/><D3/><U65/><E108/><V56/><F71/><W44/><G102/><T1/><D1/><U20/><E70/><V130/><F69/><W80/><G103/><T89/><D89/><U76/><E63/><V91/><F68/><W32/><G32/><T128/><D128/><U135/><E61/><V25/><F91/><N who="3" m="51687" /><G74/><T110/><D110/><U114/><E135/><V122/><F130/><W60/><G60/><T15/><D15/><U47/><E123/><V115/><F122/><W83/><G113/><T51/><D51/><N who="1" m="27103" /><E114/><V117/><F115/><W8/><G112/><T6/><D6/><U9/><E66/><V59/><F117/><W88/><G4/><T31/><D31/><U16/><E65/><RYUUKYOKU ba="0,1" sc="150,30,245,-10,350,-10,245,-10" hai0="7,11,13,41,42,49,53,58,78,84,85,90,93" /><INIT seed="3,1,1,4,3,32" ten="180,235,340,235" oya="3" hai0="124,110,86,57,27,81,43,69,83,44,116,123,29" hai1="6,128,2,21,102,26,40,74,19,24,70,108,47" hai2="121,134,97,55,20,46,36,131,49,90,132,5,13" hai3="9,17,68,7,107,25,118,38,23,98,130,75,113"/><W3/><G113/><T50/><D69/><U52/><E70/><V78/><F131/><W15/><G118/><T11/><D116/><U115/><E115/><V89/><F121/><W8/><G130/><T80/><D123/><U18/><E74/><V133/><F36/><W48/><G68/><T35/><D110/><U88/><E108/><V42/><F78/><W84/><G38/><T62/><D124/><U112/><E102/><V105/><F42/><W37/><G37/><T104/><D104/><U54/><E112/><V67/><F67/><W96/><G75/><T109/><D109/><U120/><E120/><V94/><F105/><W65/><G65/><T39/><D39/><U45/><E40/><V111/><F111/><W41/><G107/><T12/><D57/><U1/><E6/><V22/><F90/><W103/><G103/><T87/><REACH who="0" step="1"/><D62/><REACH who="0" ten="170,235,340,235" step="2"/><U92/><E128/><V66/><F134/><W0/><G84/><T129/><D129/><U73/><E73/><V30/><F133/><W53/><G98/><T56/><D56/><U34/><E47/><V16/><F46/><W72/><G96/><T51/><D51/><U64/><E45/><V82/><F49/><W31/><G72/><T127/><D127/><U33/><E64/><V100/><F66/><W117/><G117/><T28/><D28/><U14/><E54/><V119/><F55/><W85/><G85/><T122/><D122/><U114/><E52/><V135/><F132/><W91/><G41/><T4/><AGARI ba="1,2" hai="4,11,12,27,29,35,43,44,50,80,81,83,86,87" machi="4" ten="30,2000,0" yaku="1,1,0,1,53,0" doraHai="32" doraHaiUra="63" who="0" fromWho="0" sc="170,43,235,-6,340,-6,235,-11" owari="213,-28.7,229,2.9,334,43.4,224,-17.6" /></mjloggm>