<mjloggm ver="2.3"><GO type="225" lobby="0"/><UN n0="%E6%A1%9C%E8%8A%B1%E9%96%83%E3%80%85" n1="%E3%82%86%E3%81%86%E3%82%8C%E3%81%84%E3%81%84%E3%81%8B" n2="%E3%83%A9%E3%82%A4%E3%83%B3%E3%81%AE%E8%99%8E" n3="%33%74%72%65%65" dan="16,18,16,17" rate="2087.44,2239.23,2161.04,2230.90" sx="M,M,M,F"/><TAIKYOKU oya="0"/><INIT seed="0,0,0,2,5,77" ten="250,250,250,250" oya="0" hai0="34,44,76,38,48,99,75,16,19,104,22,96,93" hai1="111,123,55,74,117,135,116,5,82,11,61,127,78" hai2="2,18,114,59,126,109,97,132,107,112,50,113,15" hai3="45,57,71,8,70,101,1,58,37,122,35,133,25"/><T134/><D34/><U72/><E123/><V105/><F2/><W23/><G57/><T46/><D134/><U129/><E135/><V54/><F132/><W4/><G133/><T53/><D104/><U66/><E111/><V100/><F109/><W91/><G122/><T79/><D96/><U88/><E74/><V62/><F126/><W110/><G110/><T121/><D121/><U10/><E55/><V26/><F26/><W86/><G101/><T84/><D75/><U7/><E129/><V68/><F107/><W60/><G35/><T3/><D3/><U51/><E51/><V0/><F0/><W28/><G45/><N who="0" m="27791" /><D19/><U43/><E43/><V27/><F27/><W64/><REACH who="3" step="1"/><G37/><REACH who="3" ten="250,250,250,240" step="2"/><T67/><D38/><U36/><E36/><V12/><F68/><W90/><G90/><N who="0" m="55735" /><D67/><U63/><E66/><V80/><F112/><W118/><G118/><T81/><D76/><U119/><E88/><V30/><F113/><W21/><G21/><T108/><D108/><U94/><E119/><V29/><F114/><W33/><G33/><T87/><D87/><U103/><E116/><V39/><F39/><W49/><G49/><T52/><D52/><U17/><E117/><V124/><F50/><W98/><G98/><T41/><D41/><U6/><E78/><V128/><F97/><W31/><G31/><T92/><D46/><U9/><E72/><V95/><F100/><W83/><AGARI ba="0,1" hai="1,4,8,23,25,28,58,60,64,70,71,83,86,91" machi="83" ten="20,5200,0" yaku="1,1,0,1,7,1,52,1,53,0" doraHai="77" doraHaiUra="14" who="3" fromWho="3" sc="250,-26,250,-13,250,-13,240,62" /><INIT seed="1,0,0,2,2,99" ten="224,237,237,302" oya="1" hai0="26,37,13,70,48,88,10,105,60,90,112,108,71" hai1="64,20,57,101,41,44,120,22,65,18,114,46,72" hai2="16,68,135,132,123,52,8,96,107,78,21,3,6" hai3="32,76,34,36,97,129,2,47,119,56,103,63,55"/><U81/><E114/><V7/><F123/><W39/><G129/><T126/><D112/><U84/><E120/><V19/><F68/><W25/><G119/><T127/><D37/><U51/><E72/><V117/><F117/><W79/><G2/><T66/><D108/><U113/><E113/><V24/><F78/><W109/><G109/><T91/><D105/><U118/><E118/><V89/><F6/><W50/><G36/><T42/><D71/><U115/><E115/><V133/><F52/><W27/><G39/><T35/><D26/><N who="3" m="9737" /><G32/><T86/><D35/><U111/><E46/><V14/><F89/><W82/><G34/><T102/><D102/><U62/><E64/><V58/><F58/><W85/><G76/><T38/><D38/><U69/><E69/><V80/><F80/><W128/><G128/><T106/><D106/><U4/><E4/><V61/><F61/><W134/><G134/><T73/><D73/><U116/><E111/><V122/><F122/><W5/><G5/><N who="0" m="3279" /><D48/><U1/><E1/><V94/><F3/><W28/><G28/><T130/><D42/><U59/><E59/><V43/><F43/><W23/><G47/><T93/><D130/><U121/><E121/><V30/><REACH who="2" step="1"/><F107/><REACH who="2" ten="224,237,227,302" step="2"/><W15/><G63/><T29/><D29/><U9/><E116/><V98/><F98/><W11/><G97/><T92/><D92/><U49/><E49/><V40/><F40/><W110/><G110/><T77/><D77/><N who="1" m="46127" /><E18/><V12/><F12/><W33/><G15/><T31/><D31/><U17/><E17/><V74/><F74/><N who="3" m="43383" /><G50/><T53/><D53/><RYUUKYOKU ba="0,1" sc="224,15,237,-15,227,15,302,-15" hai0="60,66,70,86,88,90,91,93,126,127" hai2="7,8,14,16,19,21,24,30,94,96,132,133,135" /><INIT seed="2,1,1,2,1,49" ten="239,222,242,287" oya="2" hai0="64,81,114,131,108,48,112,75,133,86,53,14,89" hai1="57,121,59,92,93,56,103,4,73,51,0,52,124" hai2="117,68,123,104,19,100,102,79,98,111,66,88,77" hai3="87,115,43,22,25,82,107,46,65,24,63,90,55"/><V83/><F66/><W29/><G107/><T54/><D108/><U47/><E73/><V41/><F68/><W76/><G115/><T134/><D131/><U8/><E124/><V32/><F32/><W84/><G24/><T3/><D3/><U113/><E113/><N who="0" m="43625" /><D64/><U6/><E6/><V61/><F61/><W5/><G5/><T40/><D14/><U21/><E103/><N who="2" m="62583" /><F19/><W118/><G118/><T129/><D75/><U127/><E127/><V36/><F41/><W10/><G43/><T95/><D129/><U97/><E97/><V28/><F28/><W69/><G69/><T26/><D26/><U80/><E80/><V130/><F36/><W135/><G25/><T50/><D81/><U16/><REACH who="1" step="1"/><E121/><REACH who="1" ten="239,212,242,287" step="2"/><V45/><F123/><W116/><G82/><T74/><D74/><U37/><E37/><V1/><F130/><W96/><G96/><T31/><D86/><U7/><E7/><V35/><F102/><W23/><G84/><T128/><D128/><U11/><E11/><V12/><F100/><W91/><G10/><T105/><D105/><U44/><E44/><V70/><F45/><W9/><G46/><N who="0" m="27863" /><D89/><U2/><E2/><V18/><F1/><W101/><G91/><T17/><D95/><U27/><AGARI ba="1,2" hai="0,4,8,16,21,27,47,51,52,56,57,59,92,93" machi="27" ten="30,8000,1" yaku="1,1,0,1,52,1,54,2,53,0" doraHai="49" doraHaiUra="78" who="1" fromWho="1" sc="239,-21,212,103,242,-41,287,-21" /><INIT seed="3,0,0,1,2,132" ten="218,315,201,266" oya="3" hai0="5,128,18,98,130,88,92,59,71,91,126,13,58" hai1="80,101,64,45,55,7,72,51,76,21,22,39,36" hai2="100,42,41,1,123,23,85,83,44,46,135,63,102" hai3="31,111,27,99,120,11,121,82,67,117,61,12,2"/><W77/><G117/><T56/><D71/><U69/><E39/><V107/><F1/><W52/><G111/><T134/><D134/><U28/><E101/><V57/><F135/><W60/><G2/><T66/><D5/><U133/><E28/><V78/><F123/><W70/><G99/><T19/><D66/><U115/><E115/><V95/><F107/><W4/><G60/><T50/><D126/><U75/><E75/><V131/><F131/><N who="0" m="50218" /><D88/><U43/><E7/><V74/><F23/><W104/><G104/><T124/><D124/><U129/><E129/><V79/><F79/><W65/><G65/><T32/><D32/><U62/><E133/><V30/><F30/><W10/><G67/><T68/><D68/><U96/><E96/><N who="2" m="59423" /><F74/><W97/><G70/><T14/><D50/><U34/><E34/><V108/><F102/><W35/><G97/><T24/><D24/><U86/><E72/><V16/><F108/><W20/><G35/><T109/><D109/><U103/><E103/><V38/><F38/><W114/><G114/><T127/><D127/><U25/><E25/><V116/><F116/><W90/><G121/><T106/><D106/><U119/><E119/><V93/><F93/><W125/><G120/><T113/><D113/><U40/><E36/><V118/><F118/><W49/><G125/><T89/><D89/><U53/><E64/><N who="2" m="39023" /><F16/><AGARI ba="0,0" hai="13,14,16,18,19,56,58,59,91,92,98" m="50218" machi="16" ten="30,2000,0" yaku="19,1,54,1" doraHai="132" who="0" fromWho="2" sc="218,20,315,0,201,-20,266,0" owari="238,-16.2,315,41.5,181,-31.9,266,6.6" /></mjloggm>