<mjloggm ver="2.3"><GO type="225" lobby="0"/><UN n0="%E6%9C%88%E5%B3%B6%E5%9F%BA" n1="%E3%81%BF%E3%81%BF%E3%81%9A" n2="%E3%80%90%E3%83%88%E3%83%AA%E3%83%A5%E3%83%95%E3%80%91" n3="%E7%B4%94%E6%BD%94%E3%83%94%E3%83%A9%E3%83%8B%E3%82%A2" dan="16,18,16,17" rate="2042.37,2244.32,2107.27,2233.66" sx="M,M,M,M"/><TAIKYOKU oya="0"/><INIT seed="0,0,0,1,3,74" ten="250,250,250,250" oya="0" hai0="3,98,38,101,66,79,73,68,34,80,4,89,76" hai1="75,70,10,102,63,46,121,43,35,42,124,129,135" hai2="13,23,112,57,65,27,48,85,67,122,2,39,53" hai3="40,126,31,97,90,127,106,100,120,88,6,130,19"/><T109/><D34/><U5/><E121/><V78/><F122/><W18/><G120/><T94/><D38/><U104/><E75/><V95/><F2/><W59/><G6/><T93/><D109/><U128/><E35/><V41/><F112/><W56/><G40/><T105/><D68/><U62/><E135/><V113/><F113/><W119/><G31/><T60/><D79/><U22/><E22/><V81/><F13/><W69/><G69/><T108/><D108/><U58/><E102/><V77/><F95/><W110/><G110/><T86/><D94/><U24/><E24/><V125/><F125/><N who="3" m="47627" /><G130/><N who="1" m="50282" /><E104/><V37/><F37/><W99/><G99/><T17/><D17/><N who="3" m="6153" /><G119/><T118/><D118/><U1/><E124/><V16/><REACH who="2" step="1"/><F78/><REACH who="2" ten="250,250,240,250" step="2"/><W49/><G90/><T111/><D111/><U107/><E107/><V26/><F26/><W131/><G88/><T116/><D116/><U9/><E9/><V114/><F114/><W123/><G131/><T44/><D3/><U71/><E1/><V72/><F72/><W96/><G123/><T21/><D73/><U8/><E8/><V61/><F61/><W7/><G49/><T132/><D105/><U45/><E63/><V30/><F30/><W115/><G115/><T20/><D60/><U14/><E71/><V47/><AGARI ba="0,1" hai="16,23,27,39,41,47,48,53,57,65,67,77,81,85" machi="47" ten="30,8000,1" yaku="1,1,0,1,52,1,54,1,53,1" doraHai="74" doraHaiUra="36" who="2" fromWho="2" sc="250,-40,250,-20,240,90,250,-20" /><INIT seed="1,0,0,3,1,86" ten="210,230,330,230" oya="1" hai0="66,92,14,34,94,48,113,100,60,108,56,102,115" hai1="12,7,130,106,67,129,97,73,0,133,38,99,105" hai2="33,22,128,55,135,49,93,119,125,51,62,24,52" hai3="111,104,3,18,13,132,107,46,8,10,9,42,47"/><U41/><E73/><V122/><F119/><W32/><G32/><T121/><D34/><U19/><E7/><V91/><F33/><W134/><G111/><T123/><D108/><U96/><E0/><V37/><F122/><N who="0" m="46602" /><D14/><U45/><E67/><V36/><F62/><W127/><G127/><T58/><D94/><U1/><E1/><V63/><F125/><W2/><G2/><T101/><D92/><U35/><E35/><V117/><F117/><W15/><G3/><T89/><D89/><U124/><E133/><N who="3" m="51306" /><G46/><T65/><D65/><U109/><E124/><V74/><F74/><W40/><G40/><T103/><N who="0" m="25600" /><DORA hai="120" /><T114/><D48/><U126/><E109/><V88/><F135/><W39/><G13/><T131/><D131/><N who="1" m="50187" /><E126/><V110/><F110/><W29/><G29/><T87/><D87/><U118/><E118/><V116/><F116/><W98/><G98/><N who="1" m="25090" /><U50/><DORA hai="77" /><E50/><V44/><F63/><W84/><G84/><T53/><D53/><U4/><E4/><V17/><F128/><W16/><G15/><T72/><D72/><U64/><E64/><V28/><F93/><W81/><G81/><T78/><D78/><U11/><AGARI ba="0,0" hai="11,12,19,38,41,45,105,106" m="25090,50187" machi="11" ten="40,2100,0" yaku="19,1" doraHai="86,120,77" who="1" fromWho="1" sc="210,-7,230,21,330,-7,230,-7" /><INIT seed="1,1,0,4,0,52" ten="203,251,323,223" oya="1" hai0="12,128,73,26,4,94,27,120,92,71,90,56,11" hai1="40,104,53,82,115,21,48,34,102,80,13,87,37" hai2="24,126,81,135,119,113,118,28,99,100,41,36,32" hai3="86,46,23,103,62,9,17,49,101,76,134,18,67"/><U116/><E115/><V106/><F135/><W107/><G134/><T78/><D71/><U123/><E34/><V54/><F126/><W38/><G38/><T45/><D128/><U89/><E116/><V16/><F113/><W8/><G76/><T39/><D120/><U125/><E123/><V55/><F81/><W33/><G33/><T50/><D39/><U75/><E125/><V15/><F54/><W20/><G86/><N who="0" m="52311" /><D73/><U131/><E131/><V68/><F68/><W132/><G132/><T105/><D105/><U57/><E102/><V10/><REACH who="2" step="1"/><F55/><REACH who="2" ten="203,251,313,223" step="2"/><W91/><G67/><T74/><D74/><U44/><E75/><V93/><F93/><W108/><G107/><T98/><D78/><U2/><E104/><V30/><F30/><W65/><G65/><T25/><D94/><N who="1" m="54591" /><E2/><V59/><F59/><W110/><G46/><AGARI ba="1,1" hai="10,15,16,24,28,32,36,41,46,99,100,106,118,119" machi="46" ten="40,5200,0" yaku="1,1,54,1,53,1" doraHai="52" doraHaiUra="6" who="2" fromWho="3" sc="203,0,251,0,313,65,223,-55" /><INIT seed="2,0,0,5,5,129" ten="203,251,378,168" oya="2" hai0="53,124,81,61,93,17,82,96,108,77,103,60,111" hai1="66,64,70,91,56,26,35,92,114,23,76,32,107" hai2="131,29,128,132,22,127,116,36,10,119,75,133,98" hai3="40,7,94,113,37,86,49,54,45,13,15,130,125"/><V9/><F36/><W41/><G130/><N who="2" m="49705" /><F75/><W31/><G125/><T6/><D124/><U25/><E107/><V44/><F127/><W24/><G113/><T102/><D6/><U16/><E114/><V39/><F98/><W80/><G94/><T78/><D17/><U21/><E76/><N who="0" m="29289" /><D103/><U27/><E70/><V109/><F39/><W34/><G7/><T28/><D28/><U95/><E26/><N who="2" m="16599" /><F44/><W69/><G69/><T19/><D19/><U115/><E115/><V48/><F48/><W62/><G62/><N who="0" m="24171" /><D53/><U50/><E50/><V99/><F99/><W68/><G68/><T33/><D33/><U126/><E126/><V72/><F72/><W101/><G101/><T104/><D104/><U3/><E56/><V58/><F58/><W112/><G112/><T11/><D11/><N who="2" m="4106" /><F109/><AGARI ba="0,0" hai="81,82,93,96,102,108,109,111" m="24171,29289" machi="109" ten="30,1000,0" yaku="14,1" doraHai="129" who="0" fromWho="2" sc="203,10,251,0,378,-10,168,0" /><INIT seed="3,0,0,5,0,93" ten="213,251,368,168" oya="3" hai0="124,49,131,46,7,21,62,122,106,109,8,61,9" hai1="68,15,20,117,78,35,103,63,42,116,98,97,57" hai2="16,90,22,31,84,120,128,127,113,3,123,13,126" hai3="48,80,114,59,58,40,64,83,10,12,119,121,25"/><W50/><G114/><T125/><D122/><N who="2" m="46634" /><F113/><W1/><G1/><N who="0" m="111" /><D106/><U60/><E35/><V26/><F128/><W11/><G121/><T37/><D131/><U6/><E78/><V130/><F130/><W118/><G12/><T33/><D33/><U99/><E42/><V132/><F132/><W32/><G32/><T112/><D37/><U0/><E0/><V75/><F75/><W100/><G40/><N who="0" m="24775" /><D109/><U43/><E43/><V18/><F18/><W44/><G44/><T55/><D112/><U129/><E129/><V28/><F3/><W30/><G30/><N who="2" m="11305" /><F26/><W82/><G25/><T51/><D21/><U17/><E6/><V54/><F54/><W41/><G41/><T81/><D81/><AGARI ba="0,0" hai="13,16,22,81,84,90,126,127" m="11305,46634" machi="81" ten="30,2000,0" yaku="13,1,54,1" doraHai="93" who="2" fromWho="0" sc="213,-20,251,0,368,20,168,0" owari="193,-20.7,251,5.1,388,48.8,168,-33.2" /></mjloggm>