<mjloggm ver="2.3"><GO type="225" lobby="0"/><UN n0="%E9%B4%A8%4E%45%47%49" n1="%E6%B4%BE%E9%81%A3%E3%81%AE%E3%82%B8%E3%83%A3%E3%83%83%E3%82%AF" n2="%E3%80%90%E3%83%88%E3%83%AA%E3%83%A5%E3%83%95%E3%80%91" n3="%E4%BF%BA%E3%81%A8%E5%A6%96%E5%A4%A2" dan="16,17,16,16" rate="2071.13,2192.69,2095.88,2131.50" sx="M,M,M,F"/><TAIKYOKU oya="0"/><INIT seed="0,0,0,3,4,25" ten="250,250,250,250" oya="0" hai0="52,125,1,68,15,60,44,26,131,42,80,97,76" hai1="9,61,7,45,21,27,54,40,57,108,98,101,130" hai2="103,79,114,129,51,81,99,65,64,19,18,96,69" hai3="43,117,135,90,84,47,73,87,95,12,109,2,46"/><T82/><D1/><U91/><E108/><V74/><F114/><W8/><G117/><T93/><D125/><U37/><E130/><V106/><F129/><W75/><G109/><T53/><D131/><U56/><E56/><V132/><F132/><W34/><G2/><T110/><D110/><U11/><E7/><V38/><F38/><W70/><G70/><T5/><D82/><U112/><E112/><V50/><F69/><W128/><G128/><T55/><D26/><U13/><E13/><V58/><F96/><W92/><G34/><T62/><D15/><U118/><E118/><V32/><F32/><W77/><G46/><T3/><D3/><U71/><E71/><V6/><F6/><W0/><G0/><T72/><D5/><U4/><E4/><V49/><REACH who="2" step="1"/><F58/><REACH who="2" ten="250,250,240,250" step="2"/><W115/><G115/><T78/><D68/><U122/><E122/><V24/><F24/><W124/><G135/><T39/><REACH who="0" step="1"/><D78/><REACH who="0" ten="240,250,240,250" step="2"/><U31/><REACH who="1" step="1"/><E91/><AGARI ba="0,2" hai="39,42,44,52,53,55,60,62,72,76,80,91,93,97" machi="91" ten="40,7700,0" yaku="1,1,2,1,54,1,53,0" doraHai="25" doraHaiUra="120" who="0" fromWho="1" sc="240,97,250,-77,240,0,250,0" /><INIT seed="0,1,0,3,1,22" ten="337,173,240,250" oya="0" hai0="15,30,96,61,27,25,64,119,38,98,133,71,111" hai1="12,28,17,118,77,56,1,4,108,107,135,75,88" hai2="21,130,82,113,46,16,7,60,31,0,49,33,57" hai3="44,43,36,37,10,106,52,132,41,129,66,9,100"/><T123/><D119/><U80/><E118/><V63/><F113/><W104/><G129/><T55/><D123/><U124/><E107/><V24/><F130/><W45/><G66/><T23/><D111/><U6/><E108/><V74/><F57/><W70/><G70/><T76/><D133/><U97/><E135/><V121/><F121/><W125/><G132/><T103/><D15/><U92/><E124/><V34/><F34/><W87/><G125/><T89/><D76/><U69/><E69/><V134/><F134/><W51/><G87/><T65/><D65/><U29/><E56/><V13/><F82/><W84/><G84/><T19/><D55/><U110/><E110/><V81/><F81/><W39/><G39/><T54/><D54/><U120/><E120/><V86/><F86/><W67/><G67/><T93/><D38/><U122/><E122/><V90/><F90/><W91/><G91/><T20/><REACH who="0" step="1"/><D96/><REACH who="0" ten="327,173,240,250" step="2"/><U59/><E1/><V117/><F117/><W14/><G14/><T48/><D48/><U62/><E4/><V40/><F74/><W47/><G36/><T126/><D126/><U94/><E6/><V68/><F68/><W112/><G37/><T5/><D5/><U85/><E62/><V131/><F131/><W11/><G51/><T128/><D128/><U32/><E59/><V115/><F115/><W35/><G52/><T127/><D127/><U8/><REACH who="1" step="1"/><E32/><REACH who="1" ten="327,163,240,250" step="2"/><V99/><F7/><W114/><G35/><T2/><D2/><U79/><E79/><V26/><F0/><W102/><G114/><T53/><D53/><U78/><E78/><RYUUKYOKU ba="1,2" sc="327,15,163,15,240,-15,250,-15" hai0="19,20,23,25,27,30,61,64,71,89,93,98,103" hai1="8,12,17,28,29,75,77,80,85,88,92,94,97" /><INIT seed="0,2,2,1,1,32" ten="342,178,225,235" oya="0" hai0="43,112,86,63,4,68,24,18,85,95,10,109,133" hai1="56,98,130,60,73,75,3,20,99,45,103,52,58" hai2="42,61,31,12,120,55,115,97,65,8,113,123,34" hai3="47,2,23,88,5,33,48,78,134,124,6,81,64"/><T13/><D112/><U89/><E130/><V7/><F42/><W25/><G33/><T127/><D133/><U121/><E121/><V76/><F76/><W53/><G134/><T0/><D127/><U131/><E131/><V30/><F55/><W38/><G124/><T96/><D43/><U125/><E125/><V40/><F40/><W79/><G38/><T108/><D24/><U57/><E3/><V126/><F126/><W94/><G64/><T54/><D54/><U72/><E45/><V77/><F77/><N who="3" m="29195" /><G81/><T50/><D50/><U87/><E20/><V129/><F129/><W83/><G83/><T116/><D63/><U92/><REACH who="1" step="1"/><E99/><REACH who="1" ten="342,168,225,235" step="2"/><V36/><F97/><N who="3" m="57543" /><G2/><T106/><D96/><U51/><E51/><V26/><F36/><W117/><G117/><T132/><D0/><U62/><E62/><V39/><F39/><W1/><G1/><T101/><D132/><U14/><E14/><V17/><F120/><W74/><G74/><T128/><D13/><U69/><E69/><V15/><F123/><W122/><G122/><T102/><D68/><U46/><E46/><V119/><F119/><W21/><G23/><T27/><D116/><U22/><E22/><N who="2" m="11559" /><F61/><W80/><G21/><N who="0" m="13751" /><D128/><U90/><E90/><V37/><F37/><W107/><G25/><T110/><D102/><U71/><E71/><V67/><F31/><W49/><G48/><T104/><D101/><U19/><E19/><V114/><F114/><W100/><G100/><T16/><D16/><U9/><E9/><V135/><F135/><W28/><G47/><T91/><D86/><U29/><E29/><RYUUKYOKU ba="2,3" sc="342,10,168,10,225,10,235,-30" hai0="4,10,85,91,95,104,106,108,109,110" hai1="52,56,57,58,60,72,73,75,87,89,92,98,103" hai2="7,8,15,26,30,34,65,67,113,115" /><INIT seed="0,3,3,0,3,66" ten="352,178,235,205" oya="0" hai0="91,6,112,86,90,44,127,57,96,20,54,99,107" hai1="35,124,60,133,37,93,4,51,19,71,110,47,41" hai2="97,43,132,10,70,122,52,67,25,126,75,92,46" hai3="62,1,8,119,103,16,14,134,123,79,100,33,115"/><T32/><D32/><U48/><E35/><V118/><F122/><W23/><G115/><T94/><D112/><U73/><E73/><V131/><F75/><W58/><G119/><T59/><D127/><U74/><E74/><V2/><F131/><W7/><G123/><T29/><D6/><U116/><E4/><V84/><F84/><W77/><G134/><T64/><D44/><U102/><E116/><V55/><F132/><W81/><G33/><T39/><D39/><U95/><E133/><V11/><F25/><W53/><REACH who="3" step="1"/><G81/><REACH who="3" ten="352,178,235,195" step="2"/><T120/><D120/><U38/><E124/><V5/><F126/><W24/><G24/><T12/><D99/><U27/><E27/><V34/><F34/><W13/><G13/><T28/><D12/><U89/><E110/><V69/><F118/><W63/><G63/><T21/><D29/><U87/><E60/><V109/><F109/><W50/><G50/><T128/><D28/><U30/><E30/><V121/><F121/><W9/><G9/><T76/><D96/><N who="1" m="59679" /><E51/><V49/><F11/><W68/><G68/><T111/><D111/><U80/><E71/><V101/><REACH who="2" step="1"/><F70/><REACH who="2" ten="352,178,225,195" step="2"/><W113/><G113/><T105/><D21/><U17/><E80/><V88/><F88/><W3/><G3/><T125/><D20/><U108/><E108/><V78/><F78/><AGARI ba="3,5" hai="1,7,8,14,16,23,53,58,62,77,78,79,100,103" machi="78" ten="40,2600,0" yaku="1,1,54,1,53,0" doraHai="66" doraHaiUra="65" who="3" fromWho="2" sc="352,0,178,0,225,-35,195,85" /><INIT seed="1,0,0,4,3,103" ten="352,178,190,280" oya="1" hai0="13,32,2,125,31,76,60,110,83,128,66,43,109" hai1="124,97,117,85,46,93,89,26,107,94,41,54,4" hai2="23,72,108,121,33,122,126,59,21,62,92,116,119" hai3="58,71,64,118,70,67,86,102,18,9,45,19,25"/><U63/><E117/><V61/><F72/><W56/><G102/><T10/><D125/><U47/><E124/><V98/><F126/><W16/><G118/><T20/><D128/><U88/><E4/><V39/><F39/><W44/><G9/><T115/><D43/><U91/><E107/><V5/><F5/><W123/><G123/><T131/><D115/><U38/><E26/><V73/><F73/><W57/><G86/><T68/><D131/><U55/><E46/><N who="3" m="18026" /><G25/><T51/><D51/><U36/><E36/><V27/><F27/><W7/><G7/><N who="0" m="1399" /><D13/><U132/><E132/><V3/><F3/><W104/><G104/><T75/><D20/><U29/><E29/><V11/><F11/><W111/><G111/><N who="0" m="42507" /><D31/><U14/><E14/><V1/><F1/><W130/><G130/><T101/><D101/><U95/><E63/><V79/><F108/><W48/><G48/><T129/><D129/><U28/><REACH who="1" step="1"/><E28/><REACH who="1" ten="352,168,190,280" step="2"/><V30/><F30/><W37/><G37/><T80/><D32/><U135/><E135/><V105/><F105/><W114/><G114/><T74/><D74/><U112/><E112/><V22/><F33/><W6/><G6/><T127/><D127/><U69/><E69/><AGARI ba="0,1" hai="16,18,19,56,57,58,64,67,69,70,71" m="18026" machi="69" ten="40,5200,0" yaku="28,2,54,1" doraHai="103" who="3" fromWho="1" sc="352,0,168,-52,190,0,280,62" /><INIT seed="2,0,0,5,2,79" ten="352,116,190,342" oya="2" hai0="87,115,86,92,113,49,8,98,59,118,32,3,103" hai1="121,90,96,74,7,55,130,107,17,33,53,41,119" hai2="89,128,63,116,12,0,93,76,91,5,132,127,134" hai3="101,46,106,62,69,73,45,10,61,125,72,22,15"/><V1/><F116/><W114/><G125/><T102/><D32/><U16/><E119/><V122/><F76/><W67/><G114/><T56/><D8/><U43/><E33/><V50/><F63/><W4/><G72/><T34/><D34/><U25/><E74/><V35/><F35/><W57/><G73/><T124/><D3/><U131/><E7/><V54/><F122/><W14/><G101/><T20/><D20/><U48/><E121/><V95/><F5/><W39/><G106/><T78/><D118/><U120/><E120/><V38/><F38/><W64/><G39/><T104/><D78/><U77/><E77/><V112/><F112/><W80/><G80/><T36/><D36/><U68/><E68/><V75/><F75/><W108/><G108/><T52/><D124/><U100/><E90/><N who="2" m="34315" /><F12/><W30/><G14/><T70/><D70/><U40/><E25/><V2/><F128/><N who="1" m="49193" /><E48/><V129/><F129/><W110/><G110/><T51/><D115/><U71/><E71/><V58/><F127/><W37/><G37/><T111/><D111/><U94/><E107/><V97/><F97/><W65/><G65/><T28/><D113/><U26/><E26/><V18/><F18/><AGARI ba="0,0" hai="16,17,18,40,41,43,53,55,94,96,100" m="49193" machi="18" ten="30,2000,0" yaku="19,1,54,1" doraHai="79" who="1" fromWho="2" sc="352,0,116,20,190,-20,342,0" /><INIT seed="3,0,0,0,2,84" ten="352,136,170,342" oya="3" hai0="55,9,90,71,80,129,78,45,30,44,2,73,34" hai1="23,89,66,8,109,83,49,120,35,48,76,38,15" hai2="133,13,50,123,32,10,77,36,62,29,0,81,108" hai3="67,37,27,68,74,70,124,122,95,103,86,20,59"/><W5/><G122/><T100/><D71/><U110/><E120/><V26/><F108/><N who="1" m="41577" /><E35/><V115/><F115/><W25/><G74/><T65/><D45/><U97/><E66/><V107/><F107/><W69/><G37/><T114/><D80/><U98/><E23/><V118/><F118/><W53/><G124/><T134/><D90/><U46/><E38/><V31/><F36/><W111/><G111/><T19/><D73/><U125/><E125/><V96/><F0/><W57/><G5/><T1/><D9/><U113/><E113/><V16/><F31/><W106/><G106/><T131/><D19/><N who="1" m="8679" /><E76/><V22/><F123/><W47/><G25/><T14/><D65/><U135/><E135/><V58/><F133/><W75/><G67/><T42/><D134/><U99/><E46/><V61/><F32/><W11/><G11/><T117/><D44/><U7/><E7/><V56/><F96/><N who="1" m="24577" /><U91/><DORA hai="41" /><E83/><V51/><F81/><W82/><G47/><T128/><D78/><U21/><E21/><V24/><F24/><W63/><G57/><N who="2" m="22121" /><F77/><W116/><G116/><T72/><D117/><U40/><E40/><V12/><F12/><W17/><G103/><T85/><D14/><U112/><E112/><V104/><F104/><W60/><G95/><T3/><D100/><U93/><E93/><V132/><F132/><W6/><G6/><T102/><D102/><U88/><AGARI ba="0,0" hai="48,49,88,89,91" m="24577,8679,41577" machi="88" ten="40,8000,1" yaku="14,1,52,3,54,1" doraHai="84,41" who="1" fromWho="1" sc="352,-20,136,80,170,-20,342,-40" owari="332,43.2,216,-18.4,150,-35.0,302,10.2" /></mjloggm>