<mjloggm ver="2.3"><GO type="225" lobby="0"/><UN n0="%66%67%67%68%68%64%66" n1="%E3%81%8B%E3%82%8F%E3%81%A1%E3%82%83%E3%82%93%35%38" n2="%65%76%69%61%6E%36%31%39" n3="%E3%81%94%E3%81%BE%E6%B2%B9%E9%A3%B2%E3%81%BF%E5%A4%AA%E9%83%8E" dan="16,16,16,16" rate="2088.52,2157.76,2025.96,2091.15" sx="M,M,M,M"/><TAIKYOKU oya="0"/><INIT seed="0,0,0,3,5,133" ten="250,250,250,250" oya="0" hai0="72,128,95,102,42,14,86,60,104,48,63,61,13" hai1="122,101,108,107,110,68,77,51,7,1,26,119,103" hai2="55,100,90,126,134,105,34,31,41,75,70,49,89" hai3="96,18,94,17,132,127,131,111,38,58,25,54,73"/><T40/><D72/><U16/><E119/><V10/><F41/><N who="0" m="15978" /><D104/><U121/><E68/><V88/><F70/><W11/><G38/><T116/><D116/><U83/><E51/><V27/><F134/><W4/><G73/><T23/><D128/><U24/><E7/><V98/><F75/><W135/><G111/><N who="1" m="42538" /><E1/><V85/><F10/><W39/><G39/><T5/><D48/><U81/><E107/><V91/><F91/><W21/><G18/><N who="0" m="10703" /><D86/><N who="1" m="48431" /><E16/><V117/><F117/><W19/><G19/><T97/><D61/><U36/><E36/><V67/><F67/><W93/><G131/><T99/><D99/><U74/><E24/><V46/><REACH who="2" step="1"/><F85/><REACH who="2" ten="250,250,240,250" step="2"/><W76/><G132/><T45/><D45/><U66/><E66/><V92/><F92/><W12/><G94/><T124/><D95/><U56/><E74/><V78/><F78/><W43/><G76/><T50/><D102/><U82/><E103/><V65/><F65/><W15/><G43/><T35/><D97/><U113/><E101/><V57/><F57/><W37/><G37/><T47/><D47/><U9/><E56/><V28/><F28/><W8/><G135/><T62/><D5/><U59/><E59/><V29/><F29/><N who="3" m="17583" /><G93/><T53/><D53/><U112/><E9/><V80/><F80/><N who="1" m="30761" /><E26/><V3/><F3/><W84/><G84/><T20/><D20/><U87/><E87/><V64/><F64/><W130/><G96/><T115/><D35/><U52/><E52/><V44/><F44/><W32/><G11/><T22/><D22/><U33/><E33/><V69/><F69/><W114/><G32/><RYUUKYOKU ba="0,1" sc="250,-15,250,15,240,15,250,-15" hai1="112,113,121,122" hai2="27,31,34,46,49,55,88,89,90,98,100,105,126" /><INIT seed="1,1,1,3,4,53" ten="235,265,255,235" oya="1" hai0="54,28,107,67,12,113,7,48,19,55,109,33,64" hai1="82,80,51,37,34,3,114,22,4,122,43,5,111" hai2="75,8,32,130,13,20,58,126,50,112,90,102,41" hai3="129,89,115,93,110,44,14,26,132,128,120,40,117"/><U16/><E114/><V105/><F32/><W79/><G115/><T65/><D113/><U78/><E34/><V88/><F75/><W11/><G120/><T2/><D107/><U9/><E122/><V135/><F112/><W92/><G110/><T103/><D103/><U24/><E111/><V133/><F20/><W123/><G123/><T71/><D71/><U18/><E80/><V100/><F100/><W10/><G79/><T98/><D98/><U63/><E51/><V15/><F15/><W46/><G14/><T1/><D109/><U127/><E127/><V70/><F70/><W121/><G121/><T68/><D68/><U86/><E5/><V131/><F41/><W52/><G40/><T104/><D104/><U81/><E81/><V17/><F102/><W60/><G89/><N who="2" m="34409" /><F105/><W47/><G117/><T29/><D33/><U77/><E77/><V39/><F39/><W21/><G132/><N who="2" m="50761" /><F126/><W106/><G106/><T125/><D125/><U6/><E6/><V38/><F38/><W45/><G129/><T118/><D118/><U99/><E99/><V49/><F49/><N who="3" m="28711" /><G60/><T108/><D108/><U119/><E119/><V97/><F97/><W91/><G128/><T95/><D48/><U124/><E124/><V27/><F27/><W83/><G83/><T61/><D12/><U23/><E63/><V84/><F84/><N who="3" m="52327" /><G93/><T101/><D95/><U116/><E116/><V94/><F94/><W134/><G134/><T69/><D1/><U96/><E96/><V62/><F50/><W66/><G26/><T35/><D2/><U74/><E3/><V72/><F72/><RYUUKYOKU ba="1,1" sc="235,-10,265,-10,255,30,235,-10" hai2="8,13,17,58,62,130,131" /><INIT seed="2,2,1,1,1,43" ten="225,255,285,225" oya="2" hai0="92,76,118,17,68,73,10,102,51,13,4,85,6" hai1="113,5,34,114,24,99,30,38,60,50,96,71,72" hai2="18,46,115,124,31,28,37,106,54,65,59,41,42" hai3="21,86,67,131,79,94,32,9,63,15,84,2,11"/><V25/><F106/><W83/><G32/><T75/><D68/><U69/><E50/><V80/><F115/><N who="1" m="44041" /><E99/><V74/><F124/><W103/><G131/><T58/><D118/><U56/><E56/><V77/><F41/><W55/><G55/><N who="0" m="32127" /><D73/><U23/><E23/><V39/><F39/><W107/><G107/><T97/><D75/><U135/><E135/><V19/><F31/><W16/><G2/><T14/><D14/><U40/><E60/><V61/><REACH who="2" step="1"/><F54/><REACH who="2" ten="225,255,275,225" step="2"/><W100/><G67/><T0/><D0/><U82/><E40/><V89/><F89/><N who="3" m="53543" /><G63/><T35/><D35/><AGARI ba="2,2" hai="18,19,25,28,35,37,42,46,59,61,65,74,77,80" machi="35" ten="30,5800,0" yaku="1,1,7,1,52,1,53,0" doraHai="43" doraHaiUra="123" who="2" fromWho="0" sc="225,-64,255,0,275,84,225,0" /><INIT seed="2,3,0,0,4,20" ten="161,255,359,225" oya="2" hai0="114,126,26,131,10,83,44,51,69,14,6,110,75" hai1="5,73,37,29,59,68,96,93,95,120,135,3,80" hai2="62,85,67,108,22,99,128,41,86,7,115,88,19" hai3="17,4,94,24,119,11,76,48,63,74,130,111,30"/><V84/><F115/><W54/><G119/><T82/><D114/><U100/><E68/><V39/><F7/><W103/><G111/><T121/><D121/><U23/><E37/><V55/><F128/><W87/><G130/><T45/><D131/><U50/><E135/><V42/><F108/><W58/><G17/><T124/><D110/><U34/><E34/><V129/><F55/><W122/><G122/><T12/><D69/><U46/><E120/><V97/><F129/><W112/><G112/><T18/><D75/><U105/><E59/><N who="2" m="37343" /><F39/><W77/><G74/><T125/><D44/><U28/><E3/><V31/><F31/><W13/><G63/><T118/><D118/><U61/><E5/><V113/><F113/><W53/><G53/><T71/><D71/><U104/><E104/><V64/><F64/><W38/><G38/><T15/><D26/><U8/><E61/><V81/><F81/><W107/><G107/><T127/><N who="0" m="31744" /><DORA hai="123" /><T27/><D27/><U9/><E28/><V106/><F106/><W102/><G102/><T49/><D49/><U101/><E80/><V2/><F2/><W72/><G72/><T132/><D132/><U66/><E66/><V35/><F35/><W40/><G40/><N who="2" m="15465" /><F88/><N who="3" m="53535" /><G103/><T134/><D134/><U65/><E65/><V21/><F21/><AGARI ba="3,0" hai="4,11,13,21,24,30,48,54,58,76,77" m="53535" machi="21" ten="30,3900,0" yaku="8,1,52,1,54,1" doraHai="20,123" who="3" fromWho="2" sc="161,0,255,0,359,-48,225,48" /><INIT seed="3,0,0,5,3,96" ten="161,255,311,273" oya="3" hai0="117,22,127,74,56,113,68,6,12,23,126,101,105" hai1="5,81,52,110,119,107,11,19,85,97,48,95,90" hai2="128,37,43,88,65,124,66,131,13,32,10,103,114" hai3="61,83,79,30,51,86,84,58,36,64,57,133,130"/><W0/><G36/><T76/><D68/><U72/><E110/><V89/><F103/><W33/><G0/><T20/><D117/><U34/><E119/><V4/><F32/><W82/><G130/><N who="2" m="49705" /><F124/><W46/><G133/><T47/><D113/><U39/><E34/><V50/><F37/><W125/><G125/><T44/><D56/><U71/><E71/><V63/><F114/><W67/><G33/><T59/><D59/><U27/><E39/><V92/><F63/><W1/><G1/><T9/><D127/><U98/><E72/><V26/><F26/><W106/><G106/><T109/><D109/><U99/><E107/><V28/><F28/><W16/><G30/><T40/><D126/><U73/><E73/><V15/><F13/><W87/><G16/><T132/><D132/><U18/><E95/><V75/><F75/><W8/><G8/><T77/><D74/><U102/><E102/><V62/><F62/><N who="3" m="37967" /><G79/><T69/><D69/><U21/><E19/><V55/><F89/><W91/><G91/><T2/><D2/><U41/><E41/><AGARI ba="0,0" hai="41,46,51,58,61,67,82,83,84,86,87" m="37967" machi="41" ten="30,1500,0" yaku="8,1" doraHai="96" who="3" fromWho="1" sc="161,0,255,-15,311,0,273,15" /><INIT seed="3,1,0,0,0,15" ten="161,240,311,288" oya="3" hai0="6,128,54,94,80,39,105,75,0,122,74,3,85" hai1="2,21,63,58,126,99,129,38,67,90,86,5,37" hai2="43,134,56,55,10,82,117,57,79,44,30,120,103" hai3="114,81,65,9,46,20,40,119,12,110,24,7,89"/><W88/><G114/><T112/><D112/><U51/><E126/><V49/><F117/><W113/><G113/><T100/><D39/><U50/><E129/><V116/><F116/><W31/><G119/><T23/><D122/><U60/><E2/><V109/><F109/><W101/><G101/><T102/><D128/><U132/><E132/><V8/><F134/><W111/><G65/><T133/><D133/><U66/><E5/><V41/><F30/><W83/><G83/><T48/><D105/><U13/><E99/><V52/><F103/><W14/><G14/><T106/><D106/><U125/><E125/><V69/><F69/><W32/><G32/><T26/><D102/><U64/><E21/><V130/><F120/><W35/><G35/><T124/><D124/><U70/><E13/><V84/><F130/><W77/><G111/><T59/><D100/><U68/><E86/><V118/><F118/><W131/><G131/><T104/><D104/><U62/><E90/><V61/><F43/><W22/><G22/><T1/><D94/><U36/><AGARI ba="1,0" hai="36,37,38,50,51,58,60,62,63,64,66,67,68,70" machi="36" ten="30,16000,3" yaku="0,1,9,1,35,6" doraHai="15" who="1" fromWho="1" sc="161,-41,240,163,311,-41,288,-81" owari="120,-38.0,403,50.3,270,7.0,207,-19.3" /></mjloggm>