<mjloggm ver="2.3"><GO type="225" lobby="0"/><UN n0="%E3%81%BF%E3%81%BF%E3%81%9A" n1="%70%68%65%6E%6F%6D%65" n2="%E3%83%96%E3%83%83%E3%83%91%E3%82%AA%E3%83%96%E3%83%81%E3%82%AD%E3%83%B3" n3="%E9%B3%B4%E8%8C%B6" dan="17,16,16,16" rate="2204.86,2185.20,2203.91,2166.88" sx="M,M,M,M"/><TAIKYOKU oya="0"/><INIT seed="0,0,0,3,3,132" ten="250,250,250,250" oya="0" hai0="85,12,21,60,81,3,111,133,83,120,33,130,0" hai1="89,87,88,76,131,34,17,42,100,55,74,58,126" hai2="71,2,6,106,36,44,99,80,73,122,28,104,93" hai3="4,52,70,49,92,57,43,18,127,37,102,23,101"/><T51/><D120/><U29/><E131/><V20/><F122/><W48/><G70/><T19/><D130/><U64/><E126/><V50/><F71/><W7/><G37/><T97/><D133/><U10/><E42/><N who="2" m="22599" /><F50/><N who="3" m="30871" /><G127/><T117/><D117/><U128/><E64/><V27/><F93/><W119/><G119/><T25/><D111/><U16/><E100/><N who="3" m="38506" /><G92/><T110/><D97/><U45/><E45/><V98/><F98/><W32/><G32/><T109/><D60/><U11/><E29/><V84/><F84/><W91/><G91/><N who="1" m="34890" /><E34/><V46/><F46/><N who="3" m="25695" /><G49/><T38/><D51/><N who="1" m="31103" /><E74/><V9/><F99/><W103/><N who="3" m="38514" /><W129/><DORA hai="62" /><G129/><T82/><D38/><U5/><E128/><V79/><AGARI ba="0,0" hai="2,6,9,20,27,28,73,79,80,104,106" m="22599" machi="79" ten="30,1100,0" yaku="25,1" doraHai="132,62" who="2" fromWho="2" sc="250,-5,250,-3,250,11,250,-3" /><INIT seed="1,0,0,5,3,18" ten="245,247,261,247" oya="1" hai0="81,72,1,25,75,98,66,67,37,80,64,38,130" hai1="115,55,2,46,10,9,107,20,122,101,73,125,112" hai2="48,52,31,134,104,0,132,69,28,65,77,93,26" hai3="39,16,127,5,40,90,123,43,33,71,34,91,87"/><U121/><E73/><N who="0" m="28233" /><D25/><U51/><E125/><V42/><F104/><W24/><G71/><T108/><D98/><U56/><E101/><V47/><F0/><W84/><G39/><N who="0" m="14859" /><D1/><U17/><E107/><V70/><F77/><W92/><G127/><T13/><D13/><U133/><E133/><N who="2" m="51307" /><F65/><W116/><G123/><T29/><D29/><N who="2" m="11338" /><F26/><W83/><G116/><T88/><D88/><U58/><E121/><V63/><F93/><W62/><G5/><T89/><D89/><U35/><E35/><V8/><F8/><W44/><G92/><T105/><D105/><U95/><E122/><V114/><F114/><W96/><G96/><T111/><D130/><U129/><E129/><V45/><F63/><W86/><G62/><T126/><D126/><U131/><E131/><V110/><F110/><AGARI ba="0,0" hai="64,66,67,80,81,108,110,111" m="14859,28233" machi="110" ten="40,5200,0" yaku="28,2,14,1" doraHai="18" who="0" fromWho="2" sc="245,52,247,0,261,-52,247,0" /><INIT seed="2,0,0,5,1,68" ten="297,247,209,247" oya="2" hai0="56,99,35,133,65,48,131,8,55,18,112,34,123" hai1="82,91,118,40,54,73,89,71,67,44,13,124,128" hai2="135,70,85,104,84,101,52,98,49,69,60,86,74" hai3="16,24,12,7,103,45,22,26,21,30,57,72,97"/><V132/><F74/><W36/><G72/><T80/><D123/><U106/><E118/><V94/><F104/><W117/><G117/><T61/><D112/><U47/><E106/><V122/><F122/><W111/><G111/><T33/><D131/><U127/><E128/><V53/><F70/><W87/><G87/><T129/><D129/><U31/><E31/><V116/><F116/><W121/><G121/><T14/><D133/><U6/><E54/><V78/><F78/><W23/><G57/><T114/><D114/><U3/><E13/><V59/><REACH who="2" step="1"/><F69/><REACH who="2" ten="297,247,199,247" step="2"/><W10/><G30/><T43/><D80/><U46/><E82/><V108/><F108/><W100/><G26/><T88/><D43/><U0/><E40/><V134/><F134/><W66/><G24/><T5/><D34/><U79/><E79/><V107/><F107/><W2/><G103/><T51/><D33/><U42/><E42/><V130/><F130/><W50/><G36/><T64/><D35/><U27/><E73/><V38/><F38/><W63/><G100/><T75/><D75/><U95/><E71/><V62/><F62/><W109/><G109/><T58/><D61/><U39/><E39/><V28/><F28/><W96/><G63/><T32/><D32/><U29/><E29/><V113/><F113/><W126/><G66/><T41/><D41/><U37/><E67/><V102/><F102/><W76/><G76/><T93/><D18/><U19/><E37/><V120/><F120/><W4/><G16/><T17/><D17/><U81/><E19/><V83/><F83/><W20/><G50/><RYUUKYOKU ba="0,1" sc="297,15,247,-15,199,15,247,-15" hai0="5,8,14,48,51,55,56,58,64,65,88,93,99" hai2="49,52,53,59,60,84,85,86,94,98,101,132,135" /><INIT seed="2,1,1,3,4,90" ten="312,232,214,232" oya="2" hai0="88,9,16,106,23,109,18,57,15,80,31,73,98" hai1="61,119,69,113,89,67,84,96,47,0,92,64,66" hai2="54,128,129,60,103,82,132,39,68,33,22,35,30" hai3="19,36,45,14,65,121,104,114,86,79,21,117,52"/><V127/><F39/><W85/><G121/><T20/><D109/><U95/><E113/><V37/><F37/><W100/><G117/><T7/><D73/><U62/><E119/><V105/><F127/><W83/><G114/><T56/><D106/><U122/><E122/><V115/><F115/><W63/><G104/><T49/><D31/><U77/><E0/><V58/><F132/><W55/><G100/><T1/><D49/><U32/><E32/><V97/><F68/><W124/><G124/><T102/><D102/><N who="1" m="60679" /><E69/><V72/><F22/><W133/><G133/><T51/><D51/><U46/><E77/><V38/><F38/><W134/><G134/><T125/><D125/><U59/><E62/><V41/><F41/><W93/><G36/><T4/><D4/><U91/><E91/><V116/><F116/><W74/><G45/><AGARI ba="1,1" hai="45,46,47,59,61,64,66,67,84,89,95" m="60679" machi="45" ten="30,3900,0" yaku="8,1,52,2" doraHai="90" who="1" fromWho="3" sc="312,0,232,52,214,0,232,-42" /><INIT seed="3,0,0,4,1,102" ten="312,284,214,190" oya="3" hai0="16,117,96,33,108,106,104,85,98,11,27,49,120" hai1="131,13,126,68,130,79,107,88,50,100,82,58,62" hai2="56,92,32,81,86,66,129,53,18,24,22,38,80" hai3="75,97,110,8,10,9,73,7,41,61,30,124,76"/><W48/><G124/><T43/><D117/><U118/><E126/><V119/><F119/><W44/><G30/><T12/><D120/><U46/><E68/><V60/><F38/><W17/><G110/><T132/><D108/><U23/><E118/><V83/><F129/><N who="1" m="49161" /><E13/><V39/><F39/><W1/><G97/><T93/><D132/><U135/><E23/><V103/><F32/><W133/><G133/><T78/><D106/><U116/><E116/><V45/><F103/><W95/><G95/><T34/><D104/><U77/><E135/><V105/><F105/><W37/><G61/><T115/><D115/><U55/><E100/><V109/><F109/><W99/><G99/><T14/><D34/><U29/><E29/><V31/><F31/><W114/><G114/><T47/><D27/><U42/><E107/><V94/><F86/><AGARI ba="0,0" hai="42,46,50,55,58,62,77,79,82,86,88" m="49161" machi="86" ten="30,2000,0" yaku="19,1,54,1" doraHai="102" who="1" fromWho="2" sc="312,0,284,20,214,-20,190,0" owari="312,41.2,304,10.4,194,-20.6,190,-31.0" /></mjloggm>