<mjloggm ver="2.3"><GO type="225" lobby="0"/><UN n0="%E7%8D%85%E5%AD%90%E5%BA%A7%E3%81%8B%E3%81%A3%E3%81%B4%E3%83%BC" n1="%E3%81%AF%E3%82%88%E3%81%8A%E3%81%98%E3%81%95%E3%82%93" n2="%E4%BF%BA%E3%81%A8%E5%A6%96%E5%A4%A2" n3="%E3%83%A9%E3%82%B9%E7%8E%87%EF%BC%93%E5%89%B2" dan="16,17,16,17" rate="2110.12,2212.34,2269.77,2224.04" sx="M,M,F,F"/><TAIKYOKU oya="0"/><INIT seed="0,0,0,1,1,39" ten="250,250,250,250" oya="0" hai0="96,103,62,78,120,5,68,38,130,105,83,95,102" hai1="116,112,34,63,77,27,60,13,107,81,121,104,64" hai2="25,61,67,17,43,76,28,71,129,24,100,93,119" hai3="32,58,132,75,89,21,99,49,3,55,117,70,42"/><T4/><D38/><U135/><E116/><V118/><F129/><W19/><G32/><T44/><D130/><U16/><E121/><V6/><F6/><W123/><G70/><T109/><D120/><U15/><E135/><V91/><F100/><W35/><G35/><T23/><D109/><U59/><E112/><V9/><F76/><W52/><G123/><T80/><D44/><U51/><E51/><V1/><F1/><W128/><G3/><T94/><D23/><U72/><E63/><V131/><F131/><W127/><G75/><T33/><D33/><U111/><E111/><V125/><F125/><W82/><G117/><N who="2" m="44553" /><F43/><W97/><G127/><T56/><D68/><U22/><E13/><N who="2" m="7343" /><F28/><W84/><G132/><T134/><D134/><U7/><E7/><V66/><F67/><W114/><G114/><T98/><D105/><U14/><E15/><V53/><F53/><W113/><G113/><T10/><D78/><U26/><REACH who="1" step="1"/><E34/><REACH who="1" ten="250,240,250,250" step="2"/><V0/><F0/><W45/><G128/><T48/><D48/><U40/><E40/><V85/><AGARI ba="0,1" hai="24,25,61,66,71,85,91,93" m="7343,44553" machi="85" ten="30,1100,0" yaku="12,1" doraHai="39" who="2" fromWho="2" sc="250,-5,240,-3,250,21,250,-3" /><INIT seed="1,0,0,4,0,113" ten="245,237,271,247" oya="1" hai0="49,85,119,131,23,9,50,30,123,114,12,116,63" hai1="73,37,98,22,47,69,109,133,68,17,91,19,117" hai2="64,132,121,61,58,100,81,57,70,97,108,105,39" hai3="79,14,104,83,15,90,43,42,11,93,18,130,125"/><U112/><E117/><V27/><F121/><W106/><G130/><T122/><D114/><U0/><E112/><V120/><F120/><N who="0" m="46122" /><D131/><U129/><E0/><V4/><F39/><W135/><G125/><T54/><D63/><U33/><E33/><V101/><F108/><W29/><G135/><T45/><D85/><U56/><E73/><V40/><F132/><W126/><G126/><T51/><D23/><U87/><E133/><V84/><F40/><W35/><G35/><T7/><D30/><U34/><E34/><V46/><F46/><W110/><G110/><T6/><D6/><U134/><E134/><V55/><F4/><W72/><G29/><T75/><D75/><U8/><E129/><V82/><F27/><W76/><G76/><T25/><D25/><N who="1" m="14543" /><E98/><V65/><F70/><W31/><G31/><T38/><D54/><U10/><E109/><V60/><F55/><W44/><G15/><T52/><D38/><U96/><E96/><V127/><F127/><W5/><G5/><T107/><D107/><U103/><E103/><V89/><F100/><W92/><G43/><N who="0" m="24767" /><D50/><U13/><E8/><V118/><F81/><W80/><G80/><T67/><D67/><U66/><E87/><V3/><F3/><W86/><REACH who="3" step="1"/><G93/><REACH who="3" ten="245,237,271,237" step="2"/><T41/><D41/><U20/><E37/><AGARI ba="0,1" hai="11,14,18,37,42,44,72,79,83,86,90,92,104,106" machi="37" ten="30,3900,0" yaku="1,1,2,1,7,1,53,0" doraHai="113" doraHaiUra="24" who="3" fromWho="1" sc="245,0,237,-39,271,0,237,49" /><INIT seed="2,0,0,2,0,36" ten="245,198,271,286" oya="2" hai0="48,9,123,53,5,56,92,106,12,20,80,13,132" hai1="108,14,100,55,72,90,31,83,64,2,75,29,128" hai2="91,105,46,114,118,134,71,126,85,17,4,11,68" hai3="44,120,54,52,45,26,19,89,124,30,112,102,42"/><V82/><F114/><W21/><G120/><T113/><D106/><U39/><E2/><V62/><F118/><W125/><G112/><T61/><D123/><U16/><E39/><V27/><F105/><W59/><G102/><T95/><D132/><U18/><E108/><V94/><F134/><W24/><G89/><T65/><D113/><U110/><E110/><V23/><F126/><N who="3" m="48747" /><G59/><T6/><D80/><U51/><E128/><V32/><F62/><W8/><G45/><T104/><D104/><U116/><E116/><V34/><F46/><W133/><G133/><T58/><D20/><U38/><E38/><V3/><REACH who="2" step="1"/><F82/><REACH who="2" ten="245,198,261,286" step="2"/><W111/><G111/><T77/><D77/><U67/><E83/><V41/><F41/><W88/><G44/><T84/><D84/><U69/><E75/><V70/><AGARI ba="0,1" hai="3,4,11,17,23,27,32,34,68,70,71,85,91,94" machi="70" ten="30,3000,0" yaku="1,1,0,1,53,0" doraHai="36" doraHaiUra="119" who="2" fromWho="2" sc="245,-10,198,-10,261,40,286,-10" /><INIT seed="2,1,0,4,2,113" ten="235,188,301,276" oya="2" hai0="29,80,18,114,111,35,23,50,14,11,7,34,58" hai1="37,79,131,122,65,6,31,28,64,117,125,94,98" hai2="77,16,55,84,99,110,47,32,36,48,75,71,112" hai3="8,83,133,42,57,41,56,19,1,2,119,89,106"/><V74/><F112/><W33/><G106/><T51/><D114/><U21/><E37/><V5/><F32/><W45/><G33/><T10/><D111/><U17/><E117/><V67/><F110/><W97/><G133/><T87/><D29/><N who="1" m="11339" /><E125/><V123/><F123/><W130/><G130/><T102/><D102/><N who="1" m="60759" /><E131/><V85/><F5/><W66/><G119/><T3/><D11/><U104/><E104/><V120/><F120/><W132/><G132/><T88/><D50/><U127/><E127/><V46/><F99/><W20/><G97/><T135/><D135/><U43/><E122/><V72/><F67/><W54/><G66/><T81/><D80/><U90/><E79/><V63/><F63/><W116/><G116/><T30/><D30/><U124/><E124/><V52/><F71/><W44/><G83/><T101/><D101/><U126/><E126/><V38/><F77/><W96/><G2/><T27/><D3/><U4/><E43/><V121/><F121/><W25/><G42/><T134/><D134/><U69/><E69/><V24/><F38/><W62/><G41/><T76/><D76/><U9/><E90/><V0/><F0/><W22/><G1/><T108/><D108/><U49/><E49/><N who="2" m="28727" /><F36/><W12/><G62/><T61/><D51/><U95/><E95/><V92/><F92/><W39/><G39/><T105/><D105/><U60/><E9/><V128/><F128/><W91/><G8/><T70/><D70/><N who="1" m="42247" /><E65/><AGARI ba="1,0" hai="7,10,14,18,23,27,34,35,58,61,65,81,87,88" machi="65" ten="30,2000,0" yaku="7,1,54,1" doraHai="113" who="0" fromWho="1" sc="235,23,188,-23,301,0,276,0" /><INIT seed="3,0,0,0,4,7" ten="258,165,301,276" oya="3" hai0="133,31,116,127,115,18,71,77,42,30,48,26,124" hai1="104,55,79,59,15,17,37,9,120,40,119,57,85" hai2="80,83,60,10,58,121,36,91,70,62,38,39,125" hai3="43,6,134,99,73,13,52,93,102,103,88,14,114"/><W128/><G114/><T3/><D71/><U75/><E120/><V122/><F70/><W101/><G73/><T110/><D116/><U89/><E104/><V76/><F10/><N who="3" m="4311" /><G128/><T131/><D115/><U87/><E119/><V11/><F11/><W84/><G134/><T97/><D133/><U130/><E130/><V112/><F112/><W41/><G14/><T90/><D131/><U51/><E75/><V54/><F125/><N who="0" m="48202" /><D110/><U96/><E37/><V106/><F106/><W24/><G24/><T8/><D77/><U111/><E111/><V5/><F5/><W28/><G28/><N who="0" m="10795" /><D42/><N who="3" m="15881" /><G52/><T105/><D48/><U132/><E132/><V82/><F76/><W46/><G46/><T33/><D33/><U27/><E40/><V129/><F129/><W12/><G12/><N who="0" m="7431" /><D26/><U118/><E118/><V94/><REACH who="2" step="1"/><F62/><REACH who="2" ten="258,165,291,276" step="2"/><W19/><G19/><T78/><D78/><U135/><E135/><V68/><F68/><W64/><G64/><T95/><D105/><U35/><E79/><V108/><F108/><W23/><G23/><T100/><D3/><U25/><E35/><V56/><F56/><W72/><G72/><T4/><D4/><U86/><REACH who="1" step="1"/><E59/><REACH who="1" ten="258,155,291,276" step="2"/><V29/><F29/><W22/><G22/><T81/><D81/><AGARI ba="0,2" hai="81,84,88,93,99,101,102,103" m="15881,4311" machi="81" ten="30,5800,0" yaku="8,1,52,1,54,1" doraHai="7" who="3" fromWho="0" sc="258,-58,155,0,291,0,276,78" owari="200,-20.0,155,-34.5,291,9.1,354,45.4" /></mjloggm>