<mjloggm ver="2.3"><GO type="225" lobby="0"/><UN n0="%E6%97%A5%E6%9B%9C%E6%97%A5%E3%82%88%E3%82%8A%E3%81%AE%E4%BD%BF%E8%80%85" n1="%E3%83%8F%E3%83%B3%E3%83%89%E3%83%A9%E3%83%BC%E3%83%BB%E3%83%AF%E3%83%B3" n2="%E3%82%8F%E3%81%8B%E3%81%B0%2A%E3%82%AC%E3%83%BC%E3%83%AB" n3="%E3%83%A9%E3%83%BC%E3%83%A1%E3%83%B3%E4%BA%94%E9%83%8E" dan="17,17,16,16" rate="2172.56,2180.42,2196.17,2145.97" sx="M,M,M,M"/><TAIKYOKU oya="0"/><INIT seed="0,0,0,1,3,28" ten="250,250,250,250" oya="0" hai0="5,33,123,45,88,61,11,36,52,15,101,17,112" hai1="9,60,89,92,71,51,104,79,81,48,86,98,23" hai2="26,110,119,120,134,43,24,125,49,14,90,34,95" hai3="126,100,6,2,42,77,83,69,87,54,1,84,106"/><T13/><D112/><U128/><E128/><V35/><F120/><W63/><G126/><T4/><D123/><U55/><E104/><V109/><F125/><W114/><G114/><T129/><D33/><N who="2" m="12298" /><F119/><W107/><G42/><T39/><D101/><U0/><E0/><V27/><F14/><W59/><G69/><T116/><D116/><U121/><E121/><V117/><F117/><W74/><G1/><T82/><D129/><U41/><E9/><V46/><F134/><W10/><REACH who="3" step="1"/><G107/><REACH who="3" ten="250,250,250,240" step="2"/><T96/><D39/><U65/><E41/><V113/><F113/><W32/><G32/><T78/><D36/><U21/><REACH who="1" step="1"/><E51/><REACH who="1" ten="250,240,250,240" step="2"/><V38/><F38/><W12/><G12/><T56/><D15/><U124/><E124/><V16/><F27/><W118/><G118/><T111/><D13/><U76/><E76/><V130/><F130/><W91/><G91/><T75/><D88/><U64/><E64/><V18/><F26/><W57/><G57/><AGARI ba="0,2" hai="21,23,48,55,57,60,65,71,79,81,86,89,92,98" machi="57" ten="30,2000,0" yaku="1,1,7,1,53,0" doraHai="28" doraHaiUra="7" who="1" fromWho="3" sc="250,0,240,40,250,0,240,-20" /><INIT seed="1,0,0,3,2,110" ten="250,280,250,220" oya="1" hai0="116,50,76,131,44,63,40,20,26,42,121,21,30" hai1="81,7,33,1,124,60,117,111,25,119,128,32,112" hai2="88,108,69,101,64,3,114,27,49,86,53,98,15" hai3="78,57,17,89,90,113,120,77,106,122,51,75,23"/><U22/><E81/><V97/><F3/><W133/><G106/><T19/><D116/><N who="1" m="44619" /><E60/><V18/><F108/><W127/><G127/><T2/><D2/><U68/><E68/><V54/><F27/><W102/><G102/><T115/><D115/><U132/><E111/><V103/><F69/><W16/><G75/><T45/><D131/><U67/><E67/><V13/><F64/><W129/><G129/><T65/><D121/><U74/><E74/><V38/><F38/><W99/><G133/><T100/><D100/><N who="2" m="38474" /><F114/><W48/><G23/><T4/><D76/><U109/><E109/><V55/><F49/><W37/><G57/><T72/><D72/><U5/><E128/><V46/><F46/><W59/><G59/><T6/><D63/><U28/><E112/><V39/><F39/><W43/><G37/><T82/><D82/><U0/><E132/><V10/><F13/><W11/><G113/><T66/><D66/><U95/><E95/><AGARI ba="0,0" hai="10,15,18,53,54,55,86,88,95,97,98" m="38474" machi="95" ten="30,2000,0" yaku="8,1,54,1" doraHai="110" who="2" fromWho="1" sc="250,0,280,-20,250,20,220,0" /><INIT seed="2,0,0,5,1,49" ten="250,260,270,220" oya="2" hai0="67,134,39,30,8,85,62,55,114,80,118,21,20" hai1="76,69,113,93,82,119,97,132,107,3,110,102,106" hai2="52,133,33,79,99,17,75,2,86,64,12,5,23" hai3="71,19,89,54,10,104,50,32,100,130,88,13,59"/><V11/><F133/><W29/><G71/><T66/><D114/><U123/><E3/><V122/><F75/><W77/><G130/><T116/><D39/><U45/><E69/><V43/><F122/><W124/><G124/><T38/><D38/><U58/><E113/><V68/><F43/><W101/><G77/><T40/><D40/><U22/><E119/><N who="0" m="45609" /><D8/><U41/><E110/><V74/><F74/><W34/><G104/><T28/><D134/><U112/><E112/><V63/><F33/><W42/><G34/><T126/><D126/><U91/><E123/><V111/><F99/><W27/><REACH who="3" step="1"/><G42/><REACH who="3" ten="250,260,270,210" step="2"/><T78/><D30/><U87/><E132/><V117/><F117/><W98/><G98/><T14/><D28/><U18/><E76/><V61/><F111/><W90/><AGARI ba="0,1" hai="10,13,19,27,29,32,50,54,59,88,89,90,100,101" machi="90" ten="30,7900,0" yaku="1,1,0,1,52,1,54,1,53,0" doraHai="49" doraHaiUra="108" who="3" fromWho="3" sc="250,-20,260,-20,270,-39,210,89" /><INIT seed="3,0,0,2,5,18" ten="230,240,231,299" oya="3" hai0="80,96,92,104,6,33,87,103,105,66,115,22,14" hai1="129,116,111,110,121,132,85,82,113,126,78,69,4" hai2="39,89,64,38,70,17,128,77,51,21,74,40,10" hai3="16,43,27,31,11,54,63,46,117,2,88,20,48"/><W79/><G117/><T15/><D33/><U102/><E69/><V47/><F128/><W72/><G72/><T93/><D115/><U125/><E4/><V35/><F35/><W49/><G2/><T84/><D66/><U26/><E26/><V5/><F74/><W23/><G11/><T83/><D6/><U52/><E113/><V123/><F77/><W44/><G79/><N who="0" m="46111" /><D14/><U81/><E121/><V13/><F123/><W37/><G63/><T131/><D15/><U8/><E8/><V36/><F89/><W67/><G67/><T12/><D12/><U34/><E34/><V1/><F64/><W133/><G133/><T68/><D22/><U60/><E132/><V130/><F130/><W99/><G37/><T28/><D28/><U53/><E129/><V55/><REACH who="2" step="1"/><F70/><REACH who="2" ten="230,240,221,299" step="2"/><W24/><G88/><N who="0" m="51327" /><D68/><U120/><E120/><V30/><F30/><W106/><G31/><T90/><D131/><U134/><E134/><V41/><AGARI ba="0,1" hai="1,5,10,13,17,21,36,38,39,40,41,47,51,55" machi="41" ten="40,5200,0" yaku="1,1,0,1,52,1,53,0" doraHai="18" doraHaiUra="122" who="2" fromWho="2" sc="230,-13,240,-13,221,62,299,-26" /><INIT seed="4,0,0,4,5,44" ten="217,227,283,273" oya="0" hai0="8,130,118,23,5,1,68,67,133,117,61,12,42" hai1="75,27,109,112,80,29,107,19,104,79,59,76,77" hai2="24,60,127,134,33,63,34,25,36,88,125,93,121" hai3="6,21,64,78,32,31,26,94,3,66,56,46,53"/><T16/><D130/><U87/><E109/><V35/><F121/><W114/><G114/><T92/><D133/><U98/><E112/><V72/><F72/><W120/><G120/><T126/><D126/><N who="2" m="48138" /><F36/><W11/><G78/><T81/><D42/><U10/><E59/><V4/><F4/><W38/><G94/><T108/><D108/><U100/><E107/><V132/><F24/><W13/><G46/><T15/><D92/><U48/><E48/><V119/><F25/><W89/><G89/><T129/><D129/><U122/><E122/><V90/><F90/><W45/><G45/><T70/><D70/><U73/><E73/><V69/><F119/><W30/><G30/><T95/><D95/><U128/><E128/><V39/><F39/><W82/><G82/><T65/><D65/><U91/><E75/><V110/><F110/><W116/><G38/><T14/><REACH who="0" step="1"/><D81/><REACH who="0" ten="207,227,283,273" step="2"/><U49/><E80/><V54/><F69/><W22/><G66/><T37/><D37/><U0/><E104/><V111/><F111/><W17/><G64/><T83/><D83/><U86/><E77/><V57/><F63/><W96/><G116/><AGARI ba="0,1" hai="1,5,8,12,14,15,16,23,61,67,68,116,117,118" machi="116" ten="40,7700,0" yaku="1,1,54,1,53,1" doraHai="44" doraHaiUra="62" who="0" fromWho="3" sc="207,87,227,0,283,0,273,-77" /><INIT seed="4,1,0,2,2,12" ten="294,227,283,196" oya="0" hai0="28,88,3,98,116,38,32,96,107,52,51,47,65" hai1="104,113,85,90,37,70,120,94,58,53,48,19,84" hai2="61,79,76,39,106,114,118,30,80,100,64,92,0" hai3="99,55,56,95,75,45,69,135,102,130,74,119,67"/><T83/><D3/><U124/><E120/><V73/><F0/><W16/><G119/><T89/><D116/><U10/><E104/><V25/><F118/><W134/><G130/><T105/><D38/><U26/><E37/><V57/><F39/><W2/><G2/><T54/><D32/><U8/><E70/><V21/><F76/><W115/><G115/><T20/><D65/><U18/><E124/><V117/><F117/><W11/><G45/><T66/><D66/><U77/><E113/><V109/><F114/><W71/><G67/><T31/><D107/><U1/><E1/><V108/><F106/><W101/><G101/><T132/><D132/><N who="3" m="50729" /><G71/><T40/><D105/><U93/><E26/><V13/><F13/><N who="3" m="7231" /><G69/><T121/><D121/><U50/><E58/><V125/><F125/><W59/><G59/><T78/><D31/><U14/><E14/><V24/><F24/><W81/><G81/><T33/><D33/><U129/><E129/><V44/><F44/><W34/><G34/><T4/><D28/><U63/><E53/><V23/><F23/><W41/><G41/><T35/><D35/><U7/><E7/><V82/><F80/><W127/><G127/><T27/><D4/><U9/><E9/><V29/><F29/><W6/><G6/><T133/><D133/><U128/><E128/><V103/><F100/><W112/><G112/><T110/><D20/><U36/><E36/><V60/><F60/><AGARI ba="1,0" hai="55,56,60,74,75,95,99,102" m="7231,50729" machi="60" ten="30,3900,0" yaku="20,1,52,1,54,1" doraHai="12" who="3" fromWho="2" sc="294,0,227,0,283,-42,196,42" /><INIT seed="5,0,0,5,2,35" ten="294,227,241,238" oya="1" hai0="71,106,25,90,103,92,74,87,50,21,120,89,69" hai1="114,6,42,132,85,14,29,79,123,126,58,45,109" hai2="121,108,63,68,88,39,105,1,26,100,118,115,4" hai3="98,5,10,3,70,59,41,101,112,43,93,32,75"/><U28/><E123/><V94/><F118/><W84/><G70/><T33/><D33/><U55/><E114/><V11/><F121/><W111/><G111/><T125/><D74/><U72/><E72/><V54/><F108/><W16/><G75/><T19/><D125/><U96/><E109/><V129/><F39/><W53/><G112/><T99/><D120/><U130/><E126/><V76/><F115/><W13/><G84/><T37/><D37/><U34/><E34/><V46/><F76/><W61/><REACH who="3" step="1"/><G32/><REACH who="3" ten="294,227,241,228" step="2"/><T8/><D71/><U67/><E85/><V116/><F68/><W104/><G104/><T73/><D73/><U65/><E130/><V31/><F129/><W95/><G95/><T83/><D69/><U7/><E132/><V119/><F105/><W131/><G131/><T133/><D133/><U135/><E135/><V2/><F116/><W62/><G62/><T20/><D106/><U66/><E96/><V12/><F63/><W38/><G38/><T57/><D87/><U117/><E117/><V81/><F119/><W17/><G17/><T30/><D83/><U23/><E79/><V47/><F81/><W128/><G128/><T82/><D82/><U22/><E29/><V77/><F77/><W97/><G97/><T64/><D30/><U80/><E80/><V44/><F31/><W52/><G52/><N who="0" m="31895" /><D64/><U122/><E28/><V56/><F54/><W60/><G60/><T110/><D110/><U86/><E122/><V48/><F94/><W9/><AGARI ba="0,1" hai="3,5,9,10,13,16,41,43,53,59,61,93,98,101" machi="9" ten="20,8000,1" yaku="1,1,0,1,7,1,52,1,54,1,53,0" doraHai="35" doraHaiUra="107" who="3" fromWho="3" sc="294,-20,227,-40,241,-20,228,90" owari="274,7.4,187,-31.3,221,-17.9,318,41.8" /></mjloggm>