<mjloggm ver="2.3"><GO type="225" lobby="0"/><UN n0="%E3%81%A1%E3%82%83%E3%81%93%E3%81%93" n1="%E3%82%8A%E3%81%93%E3%82%8A%E3%82%93%E3%81%94" n2="%E7%B4%94%E6%BD%94%E3%83%94%E3%83%A9%E3%83%8B%E3%82%A2" n3="%E6%B7%91%E5%A5%B3%E3%81%AE%E5%97%9C%E3%81%BF" dan="16,17,17,16" rate="2115.44,2204.72,2215.60,2097.45" sx="F,M,M,M"/><TAIKYOKU oya="0"/><INIT seed="0,0,0,0,5,21" ten="250,250,250,250" oya="0" hai0="37,92,87,28,110,135,131,31,125,89,126,19,27" hai1="69,94,24,82,4,9,104,46,14,101,30,73,22" hai2="38,134,49,88,2,112,66,48,51,17,118,53,58" hai3="85,45,133,80,61,65,81,41,132,128,43,77,44"/><T103/><D37/><U5/><E104/><V34/><F112/><W60/><G128/><T13/><D131/><U42/><E69/><V84/><F38/><W54/><G54/><T105/><D135/><N who="3" m="51785" /><G81/><T75/><D75/><U90/><E101/><V26/><F118/><W76/><G76/><T96/><D110/><U107/><E107/><V74/><F74/><W71/><G61/><T116/><D116/><U83/><E5/><V68/><F2/><W40/><AGARI ba="0,0" hai="40,41,43,44,45,60,65,71,77,80,85" m="51785" machi="40" ten="30,1100,0" yaku="20,1" doraHai="21" who="3" fromWho="3" sc="250,-5,250,-3,250,-3,250,11" /><INIT seed="1,0,0,5,0,23" ten="245,247,247,261" oya="1" hai0="71,77,108,64,49,86,25,121,21,105,126,83,22" hai1="110,26,39,113,15,7,41,44,2,135,4,55,133" hai2="120,87,111,62,24,3,88,31,48,18,82,43,98" hai3="58,76,114,96,125,27,116,61,57,20,75,104,14"/><U59/><E113/><V33/><F120/><W72/><G114/><T79/><D108/><U67/><E2/><V94/><F111/><W68/><G125/><T60/><D105/><U16/><E67/><V100/><F3/><W89/><G116/><T47/><D126/><U73/><E73/><V34/><F18/><W92/><G104/><T90/><D22/><N who="1" m="13639" /><E15/><V13/><F13/><W38/><G38/><T109/><D121/><U53/><E110/><V97/><F34/><W129/><G129/><T99/><D99/><U84/><E84/><V11/><F11/><W51/><G68/><T9/><D9/><U106/><E106/><V85/><F62/><W74/><G14/><T123/><D123/><U132/><E55/><V80/><F97/><W65/><G75/><T127/><D127/><U17/><E17/><V102/><F102/><W6/><G6/><T28/><REACH who="0" step="1"/><D109/><REACH who="0" ten="235,247,247,261" step="2"/><U70/><E70/><V81/><REACH who="2" step="1"/><F100/><REACH who="2" ten="235,247,237,261" step="2"/><W19/><G96/><T42/><AGARI ba="0,2" hai="21,25,28,42,47,49,60,64,71,77,79,83,86,90" machi="42" ten="20,8000,1" yaku="1,1,2,1,0,1,7,1,52,1,53,0" doraHai="23" doraHaiUra="131" who="0" fromWho="0" sc="235,100,247,-40,237,-20,261,-20" /><INIT seed="2,0,0,4,5,58" ten="335,207,217,241" oya="2" hai0="88,25,75,107,0,39,14,43,36,15,18,85,60" hai1="27,44,93,7,78,62,108,111,124,21,22,71,116" hai2="81,41,57,82,123,40,135,68,80,113,98,89,13" hai3="45,31,48,9,8,54,2,33,12,26,83,23,30"/><V106/><F68/><W53/><G2/><T119/><D0/><U19/><E116/><V38/><F123/><W28/><G33/><T70/><D75/><U52/><E124/><V110/><F113/><W121/><G121/><T73/><D73/><U103/><E7/><V102/><F135/><W34/><G34/><T122/><D107/><U63/><E78/><V105/><F105/><W120/><G120/><T101/><D101/><U1/><E1/><V126/><F126/><W129/><G129/><T3/><D3/><U47/><E22/><V42/><F110/><N who="1" m="42025" /><E71/><V55/><F13/><W5/><G9/><T92/><D25/><U65/><E65/><V125/><F125/><W114/><G114/><T109/><D14/><U69/><E69/><V87/><REACH who="2" step="1"/><F38/><REACH who="2" ten="335,207,207,241" step="2"/><W74/><G12/><T118/><D36/><U86/><E103/><V61/><AGARI ba="0,1" hai="40,41,42,55,57,61,80,81,82,87,89,98,102,106" machi="61" ten="30,18000,2" yaku="1,1,2,1,0,1,52,1,53,3" doraHai="58" doraHaiUra="77" who="2" fromWho="2" sc="335,-60,207,-60,207,190,241,-60" /><INIT seed="2,1,0,5,0,126" ten="275,147,397,181" oya="2" hai0="81,61,26,51,106,109,95,12,36,100,134,79,47" hai1="116,71,124,125,67,84,66,39,69,104,122,15,118" hai2="114,115,88,55,52,65,50,7,103,135,31,82,99" hai3="28,42,8,91,72,97,23,41,86,63,98,5,16"/><V127/><F127/><N who="1" m="48713" /><E104/><V27/><F65/><N who="1" m="24585" /><E84/><V83/><F7/><W34/><G63/><T58/><D61/><U46/><E15/><V128/><F135/><W75/><G34/><T101/><D12/><U22/><E22/><V107/><F55/><W133/><G133/><T24/><D106/><U77/><E77/><V32/><F83/><W111/><G111/><T76/><D81/><U3/><E3/><V49/><F49/><W9/><G28/><T112/><D51/><U35/><E35/><V102/><F102/><W87/><G23/><T121/><D95/><U2/><E2/><V53/><F53/><W70/><G70/><N who="1" m="26634" /><E122/><V44/><F82/><W4/><REACH who="3" step="1"/><G91/><REACH who="3" ten="275,147,397,171" step="2"/><T62/><D121/><U89/><E89/><V45/><F88/><W64/><G64/><T78/><D134/><U13/><E13/><V68/><F68/><W25/><G25/><T90/><D90/><U38/><E46/><V129/><REACH who="2" step="1"/><F44/><REACH who="2" ten="275,147,387,171" step="2"/><W94/><G94/><T73/><D47/><U40/><E40/><V57/><F57/><W85/><G85/><T120/><D58/><U0/><E0/><V80/><F80/><W119/><G119/><AGARI ba="1,2" hai="38,39,116,118,119" m="26634,24585,48713" machi="119" ten="40,8000,1" yaku="28,2,18,1,34,2" doraHai="126" who="1" fromWho="3" sc="275,0,147,103,387,0,171,-83" /><INIT seed="3,0,0,4,1,9" ten="275,250,387,88" oya="3" hai0="21,43,61,98,120,38,58,90,60,40,103,114,130" hai1="72,113,109,99,8,106,34,2,57,51,73,54,45" hai2="71,11,5,124,110,91,92,116,102,14,55,74,79" hai3="59,15,135,81,68,105,33,131,37,117,86,62,101"/><W108/><G117/><T67/><D120/><U18/><E113/><V66/><F102/><W121/><G121/><T75/><D75/><U7/><E34/><V128/><F66/><W63/><G33/><T119/><D119/><U125/><E109/><V127/><F71/><W29/><G108/><T25/><D38/><U122/><E122/><V69/><F69/><W89/><G37/><T13/><D114/><U93/><E106/><V96/><F128/><W36/><G36/><T132/><D132/><U0/><E125/><N who="2" m="48203" /><F79/><W4/><G131/><T95/><D130/><U26/><E2/><V77/><F77/><W87/><G29/><T44/><D44/><U31/><E18/><V12/><F74/><W123/><G123/><T49/><D49/><U3/><E45/><V78/><F78/><W39/><G39/><T65/><D13/><U42/><E42/><V35/><F35/><W64/><G135/><T82/><D82/><U115/><E3/><N who="2" m="447" /><F116/><W1/><G86/><T32/><D90/><U41/><E41/><V50/><F110/><W88/><G89/><T84/><D84/><U22/><E115/><V48/><F48/><W112/><G1/><T24/><D24/><U19/><E31/><V16/><F16/><W52/><G112/><T80/><D80/><U27/><E27/><V118/><F118/><W100/><REACH who="3" step="1"/><G105/><REACH who="3" ten="275,250,387,78" step="2"/><T134/><D134/><U47/><E0/><V129/><F129/><W56/><G56/><AGARI ba="0,1" hai="12,14,50,55,56,91,92,96" m="447,48203" machi="56" ten="30,3900,0" yaku="18,1,52,2" doraHai="9" who="2" fromWho="3" sc="275,0,250,0,387,49,78,-39" owari="275,7.5,250,-15.0,436,53.6,39,-46.1" /></mjloggm>