<mjloggm ver="2.3"><GO type="225" lobby="0"/><UN n0="%6E%69%63%6F%6E%74%6F" n1="%E3%83%96%E3%83%83%E3%83%91%E3%82%AA%E3%83%96%E3%83%81%E3%82%AD%E3%83%B3" n2="%E3%81%BF%E3%81%BF%E3%81%9A" n3="%72%65%6E%6B%75%6E" dan="16,16,17,17" rate="2098.74,2190.42,2211.50,2155.98" sx="M,M,M,M"/><TAIKYOKU oya="0"/><INIT seed="0,0,0,5,4,28" ten="250,250,250,250" oya="0" hai0="102,87,30,88,124,29,70,67,4,56,27,44,16" hai1="47,123,117,135,49,130,114,104,79,23,107,10,42" hai2="78,24,38,2,64,3,45,11,86,100,66,43,15" hai3="93,55,76,39,8,98,89,125,37,85,110,6,84"/><T101/><D124/><U63/><E117/><V52/><F100/><W50/><G110/><T57/><D4/><U109/><E123/><V20/><F2/><W19/><G125/><T22/><D44/><U9/><E109/><V131/><F3/><W0/><G19/><T60/><D70/><U69/><E130/><V61/><F131/><W53/><G53/><T129/><D129/><U112/><E79/><V108/><F108/><W120/><G120/><T41/><D41/><U74/><E74/><V121/><F121/><W17/><G17/><T35/><D57/><U81/><E81/><V95/><F52/><W72/><G72/><T77/><D77/><U80/><E80/><V105/><F105/><W36/><REACH who="3" step="1"/><G76/><REACH who="3" ten="250,250,250,240" step="2"/><T14/><D30/><U111/><E111/><V122/><F122/><W99/><G99/><T59/><REACH who="0" step="1"/><D56/><AGARI ba="0,1" hai="0,6,8,36,37,39,50,55,56,84,85,89,93,98" machi="56" ten="40,8000,1" yaku="1,1,53,3" doraHai="28" doraHaiUra="71" who="3" fromWho="0" sc="250,-80,250,0,250,0,240,90" /><INIT seed="1,0,0,3,3,122" ten="170,250,250,330" oya="1" hai0="67,133,44,61,74,101,96,50,4,19,76,112,41" hai1="125,29,87,90,77,45,75,9,70,106,123,10,64" hai2="12,65,54,120,103,47,6,73,43,55,35,20,80" hai3="92,38,126,119,15,128,98,117,93,82,115,33,1"/><U121/><E123/><V86/><F120/><W11/><G38/><T71/><D133/><U30/><E121/><V124/><F35/><W28/><G115/><T85/><D112/><U23/><E106/><V127/><F65/><W131/><G1/><T135/><D135/><U0/><E125/><N who="2" m="48203" /><F103/><W129/><G126/><T16/><D4/><U118/><E118/><N who="3" m="45066" /><G82/><T108/><D74/><U66/><E0/><V100/><F100/><W104/><G104/><T40/><D40/><U72/><E77/><N who="2" m="46351" /><F73/><W94/><G28/><T113/><D113/><U17/><E70/><V25/><F12/><W8/><G33/><T111/><D85/><U134/><E134/><V102/><F102/><N who="3" m="60743" /><G8/><N who="1" m="3178" /><E75/><V114/><F114/><W132/><G132/><T130/><D76/><U34/><E72/><V39/><F6/><AGARI ba="0,0" hai="6,11,15,93,94,128,129,131" m="60743,45066" machi="6" ten="40,2600,0" yaku="19,1,12,1" doraHai="122" who="3" fromWho="2" sc="170,0,250,0,250,-26,330,26" /><INIT seed="2,0,0,3,5,75" ten="170,250,224,356" oya="2" hai0="87,32,3,118,115,91,126,29,0,6,26,121,117" hai1="84,53,19,33,18,1,79,49,134,92,5,51,24" hai2="103,78,106,108,100,9,2,35,67,52,127,4,62" hai3="80,14,129,128,122,34,55,90,77,40,43,48,107"/><V36/><F127/><W20/><G122/><T114/><D91/><N who="1" m="53351" /><E1/><N who="0" m="585" /><D87/><U63/><E33/><V58/><F108/><W112/><G107/><T89/><D89/><U44/><E134/><V110/><F110/><W45/><G112/><N who="0" m="43051" /><D6/><U97/><E5/><V66/><F36/><W130/><G90/><T123/><D126/><U93/><E24/><V68/><F35/><W31/><G34/><T47/><D47/><N who="1" m="27839" /><E63/><V116/><F116/><AGARI ba="0,0" hai="26,29,32,116,117,118,121,123" m="43051,585" machi="116" ten="40,8000,1" yaku="12,1,23,1,34,2" doraHai="75" who="0" fromWho="2" sc="170,80,250,0,224,-80,356,0" /><INIT seed="3,0,0,5,5,124" ten="250,250,144,356" oya="3" hai0="72,49,100,107,76,53,91,60,126,28,101,110,23" hai1="1,55,18,12,120,103,70,77,123,8,5,17,83" hai2="130,68,119,131,135,90,98,11,21,9,65,54,102" hai3="105,45,26,29,34,22,52,121,6,129,63,56,20"/><W27/><G121/><T106/><D110/><U42/><E70/><V84/><F119/><W46/><G105/><T75/><D126/><U61/><E103/><N who="0" m="39497" /><D75/><U99/><E99/><V116/><F116/><W111/><G111/><T133/><D72/><U134/><E134/><V69/><F135/><W94/><G129/><T37/><D37/><U58/><E42/><V44/><F21/><W33/><G6/><T118/><D76/><U2/><E18/><V79/><F79/><W114/><G114/><T96/><D106/><U4/><E4/><V62/><F68/><W71/><G71/><T39/><D107/><U50/><E61/><V74/><F74/><W41/><G94/><N who="0" m="56415" /><D39/><U82/><E1/><V38/><F98/><W128/><G128/><N who="2" m="49193" /><F102/><W51/><G45/><T93/><D133/><U57/><E77/><V67/><F67/><W25/><G25/><T24/><D118/><U127/><E127/><V66/><F66/><W19/><AGARI ba="0,0" hai="19,20,22,26,27,29,33,34,41,46,51,52,56,63" machi="19" ten="20,3900,0" yaku="0,1,7,1,54,1" doraHai="124" who="3" fromWho="3" sc="250,-13,250,-13,144,-13,356,39" owari="237,3.7,237,-16.3,131,-36.9,395,49.5" /></mjloggm>