<mjloggm ver="2.3"><GO type="225" lobby="0"/><UN n0="%65%78%69%73%74%2D%79" n1="%E3%81%A4%E3%81%A3%E3%81%B1%E3%82%8A%E3%83%9D%E3%83%BC%E3%83%AB" n2="%77%72%77%72%77%72%77%72" n3="%E3%81%BF%E3%81%BF%E3%81%9A" dan="16,17,17,18" rate="2068.42,2177.70,2140.75,2212.86" sx="M,M,M,M"/><TAIKYOKU oya="0"/><INIT seed="0,0,0,5,5,84" ten="250,250,250,250" oya="0" hai0="62,97,58,53,22,80,35,49,113,51,45,93,132" hai1="25,109,34,37,27,81,83,43,67,70,66,130,103" hai2="92,124,59,63,115,100,23,126,104,74,75,29,64" hai3="52,87,82,55,118,21,48,85,65,9,110,76,88"/><T133/><D113/><U46/><E109/><V91/><F115/><W105/><G118/><T26/><D35/><U18/><E130/><V42/><F42/><W57/><G105/><T36/><D80/><U8/><E103/><V78/><F78/><W135/><G110/><T54/><D36/><U3/><E67/><V107/><F100/><W0/><G135/><T120/><D120/><U69/><E66/><V114/><F114/><W19/><G0/><T86/><D86/><U28/><E25/><N who="2" m="16575" /><F107/><W13/><G65/><T108/><D49/><U56/><E56/><V125/><F104/><W112/><G112/><T1/><D1/><U5/><REACH who="1" step="1"/><E18/><REACH who="1" ten="250,240,250,250" step="2"/><V98/><AGARI ba="0,1" hai="59,63,64,74,75,91,92,98,124,125,126" m="16575" machi="98" ten="30,2000,0" yaku="18,1,52,1" doraHai="84" who="2" fromWho="2" sc="250,-10,240,-5,250,30,250,-5" /><INIT seed="1,0,0,2,1,32" ten="240,235,280,245" oya="1" hai0="26,107,31,42,49,24,90,13,108,27,135,129,29" hai1="66,95,50,116,75,77,41,40,4,98,45,109,91" hai2="57,93,81,54,121,122,101,87,132,84,47,102,126" hai3="38,51,74,34,73,12,39,82,1,55,71,37,72"/><U123/><E116/><V8/><F132/><W25/><G1/><T88/><D107/><U9/><E123/><V111/><F111/><W3/><G3/><T68/><D68/><U18/><E109/><V106/><F106/><W124/><G71/><T65/><D129/><U2/><E66/><V10/><F126/><W131/><G124/><T21/><D135/><U44/><E18/><V11/><F47/><W94/><G131/><T62/><D108/><U16/><E16/><V115/><F115/><W117/><G117/><T46/><D13/><U133/><E133/><V56/><F93/><W105/><G105/><T5/><D5/><U127/><E127/><V48/><F56/><W52/><G12/><T30/><REACH who="0" step="1"/><D21/><REACH who="0" ten="230,235,280,245" step="2"/><U125/><E125/><V76/><F122/><W79/><G34/><T134/><D134/><U28/><E28/><V112/><F121/><W114/><G114/><T6/><D6/><U15/><E15/><V128/><F112/><W33/><G33/><T85/><D85/><U59/><E75/><V118/><F128/><W7/><G7/><T119/><D119/><U103/><E4/><V64/><F118/><W113/><G113/><T69/><AGARI ba="0,1" hai="24,26,27,29,30,31,42,46,49,62,65,69,88,90" machi="69" ten="30,4000,0" yaku="1,1,0,1,54,1,53,0" doraHai="32" doraHaiUra="104" who="0" fromWho="0" sc="230,50,235,-20,280,-10,245,-10" /><INIT seed="2,0,0,2,5,115" ten="280,215,270,235" oya="2" hai0="47,21,40,60,117,75,3,103,123,80,74,48,31" hai1="64,39,29,112,10,9,118,35,4,59,98,8,88" hai2="132,97,23,54,45,89,108,101,133,46,50,30,17" hai3="102,83,124,79,28,100,106,121,56,13,1,0,55"/><V42/><F30/><W41/><G121/><T120/><D3/><U66/><E112/><V70/><F70/><W37/><G124/><T68/><D103/><U25/><E39/><V6/><F6/><W81/><G28/><T53/><D117/><U125/><E118/><V87/><F108/><W18/><G41/><T109/><D109/><U73/><E73/><V63/><F63/><W110/><G37/><T61/><D61/><U16/><E125/><V86/><F89/><W119/><G119/><T72/><D80/><U122/><E122/><V34/><F34/><W134/><G134/><N who="2" m="51817" /><F46/><W99/><G102/><T5/><D5/><U104/><E4/><V11/><F11/><W82/><G110/><T116/><D116/><U49/><E16/><V19/><F19/><W24/><G24/><N who="0" m="16783" /><D68/><U93/><REACH who="1" step="1"/><E104/><REACH who="1" ten="280,205,270,235" step="2"/><N who="2" m="63535" /><F42/><W85/><G0/><T69/><D40/><U92/><E92/><V131/><F131/><W91/><G1/><T95/><D95/><U96/><E96/><V111/><F111/><W32/><G79/><T105/><D105/><U33/><E33/><V126/><F126/><W76/><G32/><T113/><D113/><U130/><E130/><V78/><F17/><W77/><G76/><T2/><D123/><U65/><E65/><V52/><F78/><W71/><G77/><T12/><D120/><U51/><E51/><N who="2" m="28783" /><F23/><W44/><G18/><T38/><D38/><U20/><E20/><V15/><F15/><W114/><G13/><T58/><D12/><U26/><E26/><V57/><AGARI ba="0,1" hai="50,54,57,86,87" m="28783,63535,51817" machi="57" ten="30,3000,0" yaku="20,1,54,1" doraHai="115" who="2" fromWho="2" sc="280,-10,205,-10,270,40,235,-10" /><INIT seed="2,1,0,0,0,103" ten="270,195,310,225" oya="2" hai0="29,23,102,41,12,108,17,56,87,91,95,37,96" hai1="14,45,36,52,25,58,66,115,85,86,49,112,2" hai2="24,84,73,55,135,92,110,88,33,19,30,75,109" hai3="57,48,6,133,122,20,82,124,132,10,50,121,59"/><V94/><F135/><N who="3" m="51787" /><G20/><T67/><D108/><N who="2" m="41578" /><F19/><W123/><G124/><T21/><D37/><U81/><E2/><V47/><F94/><W8/><G82/><T0/><D0/><U42/><E25/><V68/><F68/><W83/><G83/><T90/><D41/><U125/><E125/><V39/><F55/><W54/><G6/><T106/><D90/><U63/><E14/><V74/><F74/><W51/><G54/><T64/><D56/><AGARI ba="1,0" hai="8,10,48,50,51,56,57,59,121,122,123" m="51787" machi="56" ten="40,5200,0" yaku="28,2,20,1" doraHai="103" who="3" fromWho="0" sc="270,-55,195,0,310,0,225,55" /><INIT seed="3,0,0,5,3,32" ten="215,195,310,280" oya="3" hai0="29,79,46,126,45,87,118,89,12,8,104,119,100" hai1="112,51,57,14,60,75,4,68,13,78,17,113,72" hai2="49,77,94,27,16,110,3,83,35,128,76,26,134" hai3="11,93,7,19,127,38,18,122,9,74,22,63,73"/><W133/><G122/><T67/><D126/><U31/><E68/><V96/><F3/><W52/><G127/><T37/><D67/><U92/><E31/><V20/><F110/><W81/><G38/><T56/><D29/><U71/><E71/><V132/><F128/><W54/><G133/><N who="2" m="51305" /><F49/><W30/><G30/><T48/><D79/><U70/><E70/><V121/><F121/><W86/><G93/><N who="0" m="54463" /><D37/><U105/><E105/><V114/><F114/><W44/><G73/><T90/><D104/><U33/><E33/><V111/><F111/><W34/><G34/><T43/><D100/><U5/><E51/><V102/><F35/><W47/><G74/><T10/><D90/><U25/><E78/><N who="2" m="30315" /><F83/><W0/><G81/><T66/><D118/><U80/><E80/><V61/><F61/><W125/><G86/><T97/><D119/><U1/><E1/><V15/><AGARI ba="0,0" hai="15,16,20,26,27,94,96,102" m="30315,51305" machi="15" ten="30,2000,0" yaku="20,1,54,1" doraHai="32" who="2" fromWho="2" sc="215,-5,195,-5,310,20,280,-10" owari="210,-19.0,190,-31.0,330,43.0,270,7.0" /></mjloggm>