<mjloggm ver="2.3"><GO type="225" lobby="0"/><UN n0="%E6%81%A5%E6%99%92%E3%81%97" n1="%E3%81%90%E3%81%A1%E3%82%84%E3%81%BE" n2="%E3%83%9D%E3%83%B3%E3%83%9D%E3%82%B3%E5%95%86%E4%BA%8B" n3="%E6%98%93%E5%88%A9%E8%96%A9%E4%BC%AF" dan="16,16,16,17" rate="2153.38,2122.14,2116.57,2184.72" sx="M,M,M,F"/><TAIKYOKU oya="0"/><INIT seed="0,0,0,1,1,79" ten="250,250,250,250" oya="0" hai0="7,123,21,11,59,88,100,42,134,92,99,29,12" hai1="3,36,75,96,55,103,101,98,106,30,108,48,24" hai2="87,69,105,9,132,135,90,71,102,97,44,1,129" hai3="6,80,114,126,61,78,63,18,5,85,34,81,15"/><T56/><D123/><U37/><E108/><V107/><F107/><W2/><G114/><T38/><D134/><N who="2" m="51242" /><F129/><W27/><G126/><T95/><D38/><U122/><E75/><V28/><F28/><W112/><G112/><T130/><D42/><U124/><E3/><V125/><F125/><W14/><G2/><T113/><D130/><U39/><E122/><V35/><F35/><W76/><G34/><T74/><D74/><U40/><E40/><V47/><F1/><W31/><G31/><T25/><REACH who="0" step="1"/><D113/><REACH who="0" ten="240,250,250,250" step="2"/><U110/><E124/><V68/><F9/><W111/><G111/><T23/><D23/><U16/><E110/><V43/><F43/><W54/><G85/><AGARI ba="0,1" hai="7,11,12,21,25,29,56,59,85,88,92,95,99,100" machi="85" ten="30,11600,0" yaku="1,1,7,1,8,1,54,1,53,0" doraHai="79" doraHaiUra="57" who="0" fromWho="3" sc="240,126,250,0,250,0,250,-116" /><INIT seed="0,1,0,4,5,17" ten="366,250,250,134" oya="0" hai0="103,56,98,107,80,102,76,108,41,15,78,59,81" hai1="37,24,68,111,16,104,51,132,73,49,58,25,97" hai2="119,118,43,130,44,5,10,69,75,28,83,7,106" hai3="90,71,123,52,84,60,42,39,114,47,45,57,95"/><T89/><D108/><U67/><E37/><V113/><F113/><W13/><G123/><T101/><D41/><U120/><E120/><V27/><F7/><W70/><G114/><T82/><D15/><U22/><E73/><V53/><F53/><W6/><REACH who="3" step="1"/><G45/><REACH who="3" ten="366,250,250,124" step="2"/><T23/><D107/><U30/><E111/><V92/><F106/><W133/><G133/><T116/><D116/><U135/><E135/><V127/><F119/><W32/><G32/><T72/><D72/><U19/><E132/><V109/><F118/><W77/><G77/><T29/><D78/><U66/><E68/><V50/><F69/><W86/><G86/><T36/><D76/><U26/><E104/><V12/><F109/><W8/><AGARI ba="1,1" hai="6,8,13,39,42,47,52,57,60,70,71,84,90,95" machi="8" ten="30,7900,0" yaku="1,1,0,1,54,1,53,1" doraHai="17" doraHaiUra="87" who="3" fromWho="3" sc="366,-40,250,-21,250,-21,124,92" /><INIT seed="1,0,0,0,3,132" ten="326,229,229,216" oya="1" hai0="71,14,62,110,101,64,10,57,119,12,126,92,7" hai1="109,79,106,98,20,77,41,86,73,130,76,52,22" hai2="19,27,103,89,125,53,56,38,48,5,95,50,4" hai3="70,93,16,30,49,84,26,129,0,60,1,47,121"/><U29/><E73/><V134/><F134/><W67/><G129/><T72/><D119/><U34/><E130/><V15/><F38/><W105/><G105/><T85/><D72/><U108/><E41/><V122/><F122/><W135/><G135/><T115/><D115/><U90/><E34/><V114/><F114/><W131/><G131/><T28/><D110/><N who="1" m="42603" /><E29/><V54/><F103/><W32/><G121/><T11/><D28/><U104/><E52/><V17/><F27/><W44/><G44/><T94/><D71/><U9/><E9/><V111/><F111/><W68/><G68/><T99/><D11/><U66/><E66/><V43/><F43/><W61/><G61/><T102/><D14/><U88/><E90/><V25/><F25/><W80/><G49/><T42/><D42/><U82/><E98/><V39/><F39/><W78/><G47/><T83/><D99/><U113/><E113/><V69/><F69/><W8/><REACH who="3" step="1"/><G93/><REACH who="3" ten="326,229,229,206" step="2"/><T74/><D94/><U3/><E3/><V127/><F50/><W100/><G100/><T55/><D92/><U63/><E63/><V31/><F95/><W24/><G24/><T59/><D101/><U51/><E51/><V58/><F48/><W18/><G18/><T128/><D102/><U40/><E40/><V36/><F36/><W118/><G118/><T97/><D128/><U116/><E116/><V37/><F37/><W75/><G75/><T45/><D74/><U123/><E123/><V65/><F19/><W35/><G35/><T87/><D62/><U6/><E6/><V117/><F17/><W96/><G96/><RYUUKYOKU ba="0,1" sc="326,-15,229,15,229,-15,206,15" hai1="20,22,76,77,79,82,86,88,104,106" hai3="0,1,8,16,26,30,32,60,67,70,78,80,84" /><INIT seed="1,1,1,3,3,86" ten="311,244,214,221" oya="1" hai0="60,78,106,5,114,68,125,3,94,81,71,112,33" hai1="131,8,16,110,101,135,128,72,22,120,93,43,119" hai2="77,127,91,46,85,129,109,32,41,83,89,100,65" hai3="61,121,82,102,1,37,45,40,111,84,10,0,69"/><U113/><E113/><V28/><F109/><W103/><G121/><T53/><D106/><U17/><E120/><V122/><F122/><W15/><G111/><T67/><D33/><U58/><E110/><V9/><F129/><N who="1" m="49737" /><E119/><V39/><F127/><W123/><G123/><T124/><D53/><U59/><E72/><V11/><F100/><W96/><G69/><N who="0" m="42215" /><D94/><U62/><E135/><V87/><F65/><W56/><G103/><T23/><D23/><U90/><E101/><V132/><F132/><W92/><G56/><T73/><D71/><U76/><E76/><V66/><F66/><W79/><REACH who="3" step="1"/><G61/><REACH who="3" ten="311,244,214,211" step="2"/><T80/><D68/><U117/><E117/><V6/><F6/><AGARI ba="1,2" hai="0,1,6,10,15,37,40,45,79,82,84,92,96,102" machi="6" ten="30,7700,0" yaku="1,1,2,1,7,1,53,1" doraHai="86" doraHaiUra="95" who="3" fromWho="2" sc="311,0,244,0,214,-80,211,100" /><INIT seed="2,0,0,5,2,44" ten="311,244,134,311" oya="2" hai0="79,1,132,31,107,5,16,135,123,90,98,101,7" hai1="2,93,92,113,9,121,51,28,89,57,117,105,133" hai2="18,35,60,23,86,88,119,83,47,6,29,70,53" hai3="129,76,134,110,81,61,128,68,50,111,91,96,131"/><V103/><F119/><W34/><G34/><T19/><D123/><U48/><E117/><V77/><F103/><W124/><G124/><T122/><D122/><U108/><E113/><V75/><F6/><W22/><G134/><N who="0" m="51243" /><D79/><U62/><E121/><V54/><F35/><W85/><G22/><T80/><D31/><U21/><E105/><V74/><F29/><W13/><G13/><T26/><D26/><U125/><E133/><V100/><F100/><W73/><G50/><N who="1" m="18986" /><E2/><V120/><F120/><W127/><G127/><T32/><D32/><U37/><E37/><V10/><F10/><W0/><G0/><T65/><D65/><U56/><E125/><V99/><F99/><W116/><G96/><T17/><D1/><U126/><E126/><V94/><F75/><W41/><G41/><T109/><D109/><N who="3" m="41481" /><G116/><T102/><D101/><U67/><E108/><V71/><F47/><W4/><G4/><T45/><D45/><U87/><E9/><V38/><F38/><W82/><G68/><T43/><D43/><U33/><E33/><V66/><REACH who="2" step="1"/><F71/><REACH who="2" ten="311,244,124,311" step="2"/><W104/><G104/><T114/><D114/><U130/><E130/><V30/><F30/><W3/><G3/><T97/><D97/><U112/><E112/><V58/><F58/><W27/><G128/><T36/><D36/><U25/><E57/><V49/><F49/><W39/><G39/><T64/><D7/><U118/><E118/><V84/><F84/><W72/><G72/><T12/><D5/><U63/><E63/><V24/><AGARI ba="0,1" hai="18,23,24,53,54,60,66,70,74,77,83,86,88,94" machi="24" ten="20,7800,0" yaku="1,1,0,1,7,1,54,1,53,0" doraHai="44" doraHaiUra="11" who="2" fromWho="2" sc="311,-26,244,-26,124,88,311,-26" /><INIT seed="2,1,0,3,1,81" ten="285,218,212,285" oya="2" hai0="64,95,74,34,9,132,47,111,48,115,78,122,52" hai1="83,118,38,39,41,44,16,71,94,116,1,51,110" hai2="102,45,14,86,127,72,68,36,93,0,70,100,67" hai3="129,88,2,19,29,15,87,21,24,126,25,11,107"/><V89/><F0/><W10/><G107/><T97/><D115/><U20/><E1/><V6/><F72/><W105/><G105/><T128/><D122/><U58/><E71/><V75/><F75/><W31/><G129/><T65/><D34/><U26/><E110/><V7/><F127/><W23/><G126/><T99/><D111/><U101/><E83/><V49/><F36/><W40/><G40/><T55/><D128/><U5/><E5/><V73/><F73/><W108/><G108/><T121/><D121/><U96/><REACH who="1" step="1"/><E58/><REACH who="1" ten="285,208,212,285" step="2"/><V3/><F3/><W4/><G2/><T37/><D132/><U30/><E30/><V53/><F70/><W56/><G56/><T125/><D125/><U33/><E33/><V90/><F7/><N who="3" m="3551" /><G88/><T124/><D124/><U18/><E18/><V92/><F68/><W60/><G29/><T35/><D35/><U120/><E120/><V119/><F119/><AGARI ba="1,1" hai="16,20,26,38,39,41,44,51,94,96,101,116,118,119" machi="119" ten="40,8000,1" yaku="1,1,54,1,53,3" doraHai="81" doraHaiUra="112" who="1" fromWho="2" sc="285,0,208,93,212,-83,285,0" /><INIT seed="3,0,0,0,2,17" ten="285,301,129,285" oya="3" hai0="43,20,63,13,64,104,59,1,3,82,51,46,80" hai1="56,38,8,126,34,23,101,112,6,22,0,19,75" hai2="110,40,73,109,66,45,97,16,50,54,76,98,36" hai3="24,81,106,78,9,134,4,85,118,69,87,29,93"/><W42/><G106/><T14/><D104/><U58/><E112/><V131/><F131/><W32/><G118/><T11/><D3/><U96/><E34/><V27/><F66/><W61/><G134/><T30/><D1/><U21/><E38/><V105/><F76/><W124/><G124/><T49/><D49/><U133/><E75/><V92/><F105/><W68/><G42/><T123/><D123/><U84/><E126/><V121/><F73/><W88/><G61/><T39/><D39/><U10/><E133/><V115/><F115/><W77/><G77/><T18/><D30/><U5/><E19/><AGARI ba="0,0" hai="11,13,14,18,19,20,43,46,51,59,63,64,80,82" machi="19" ten="30,3900,0" yaku="7,1,8,1,52,1" doraHai="17" who="0" fromWho="1" sc="285,39,301,-39,129,0,285,0" owari="324,42.4,262,-13.8,129,-37.1,285,8.5" /></mjloggm>