<mjloggm ver="2.3"><GO type="225" lobby="0"/><UN n0="%6E%69%63%6F%6E%74%6F" n1="%70%68%65%6E%6F%6D%65" n2="%E7%99%BD%E5%80%89%E5%AF%9B%E4%B9%8B" n3="%E3%83%B4%E3%82%A3%E3%83%AF%E3%82%B3%E3%82%B0%E3%83%8B" dan="16,16,16,17" rate="2130.46,2143.80,2126.16,2208.63" sx="M,M,M,M"/><TAIKYOKU oya="0"/><INIT seed="0,0,0,5,2,18" ten="250,250,250,250" oya="0" hai0="43,10,62,32,7,20,60,104,83,12,127,130,4" hai1="96,109,70,48,76,114,107,94,24,51,75,17,2" hai2="126,35,90,46,21,31,135,66,95,101,59,41,117" hai3="122,57,124,82,1,134,131,105,47,93,3,102,6"/><T38/><D104/><U27/><E107/><V16/><F126/><W129/><G105/><T52/><D32/><U78/><E70/><V87/><F135/><W9/><G134/><T67/><D127/><U80/><E2/><V28/><F35/><W44/><G124/><T33/><D33/><U110/><E114/><V30/><F117/><W22/><G122/><T132/><D132/><U54/><E78/><V106/><F106/><W125/><G125/><T14/><D130/><N who="3" m="49673" /><G1/><T79/><D38/><U36/><E36/><V121/><F121/><W118/><G118/><T5/><D43/><U84/><E75/><V100/><F66/><W86/><G57/><N who="0" m="34855" /><D83/><U92/><E92/><V49/><F59/><W39/><G39/><T88/><D79/><U133/><E51/><V123/><F123/><W61/><G61/><T50/><D50/><U45/><E133/><V56/><F56/><W42/><G42/><T111/><D111/><N who="1" m="42507" /><E17/><V72/><F72/><W97/><G22/><T53/><D67/><U128/><E128/><V99/><F87/><W64/><G64/><T98/><D62/><U55/><E54/><V26/><AGARI ba="0,0" hai="16,21,26,28,30,31,41,46,49,90,95,99,100,101" machi="26" ten="30,7900,0" yaku="0,1,8,1,52,1,54,1" doraHai="18" who="2" fromWho="2" sc="250,-39,250,-20,250,79,250,-20" /><INIT seed="1,0,0,5,1,119" ten="211,230,329,230" oya="1" hai0="64,131,7,123,31,28,118,100,78,30,41,106,109" hai1="114,19,86,6,27,2,71,68,57,112,87,61,44" hai2="25,116,52,29,135,132,46,67,47,58,40,124,133" hai3="95,121,117,36,99,63,94,48,98,37,11,128,74"/><U5/><E44/><V130/><F116/><W126/><G117/><T42/><D118/><U4/><E2/><V66/><F124/><W35/><G74/><T101/><D7/><U22/><E68/><V1/><F1/><W76/><G35/><T26/><D26/><U33/><E71/><V104/><F104/><W73/><G63/><T111/><D131/><U75/><E75/><V51/><F130/><W55/><G128/><T24/><D24/><U54/><REACH who="1" step="1"/><E33/><REACH who="1" ten="211,220,329,230" step="2"/><N who="2" m="20655" /><F47/><W102/><G73/><T91/><D64/><U43/><E43/><V127/><F127/><W129/><G126/><T10/><D42/><U83/><E83/><V56/><F56/><W69/><G129/><T60/><D41/><U79/><E79/><V16/><F16/><W88/><G76/><T49/><D78/><U90/><E90/><V85/><F85/><AGARI ba="0,1" hai="4,5,6,19,22,27,54,57,61,85,86,87,112,114" machi="85" ten="40,3900,0" yaku="1,1,53,1" doraHai="119" doraHaiUra="17" who="1" fromWho="2" sc="211,0,220,49,329,-39,230,0" /><INIT seed="1,1,0,1,3,16" ten="211,269,290,230" oya="1" hai0="66,37,106,117,118,129,76,44,111,108,93,19,102" hai1="75,73,104,23,94,0,60,8,125,11,133,56,87" hai2="77,90,34,24,32,100,98,64,131,59,38,127,72" hai3="109,134,61,116,65,107,26,123,3,103,89,9,25"/><U2/><E104/><V83/><F38/><W55/><G123/><T15/><D66/><U79/><E133/><V52/><F64/><W82/><G134/><T51/><D37/><U91/><E125/><V81/><F127/><W53/><G109/><N who="0" m="42059" /><D106/><U113/><E113/><V10/><F131/><W28/><G116/><N who="0" m="44651" /><D76/><U40/><E40/><V17/><F83/><W101/><G82/><T86/><D129/><U122/><E122/><V99/><F90/><W132/><G89/><N who="0" m="53431" /><D102/><U92/><E94/><V7/><F99/><W85/><G85/><T22/><D44/><U20/><E79/><V130/><F130/><W88/><G132/><T33/><D33/><U47/><E47/><V112/><F112/><W105/><G88/><T42/><D51/><U121/><E121/><V124/><F124/><W67/><G61/><T74/><D42/><U68/><E68/><V96/><F96/><W128/><G128/><T21/><D74/><U27/><E73/><V6/><F98/><W63/><G63/><T50/><D50/><U115/><E75/><V46/><F46/><W69/><G69/><T95/><D95/><U71/><E115/><V30/><F34/><W135/><G135/><T45/><D45/><U62/><E71/><V29/><F100/><W70/><G70/><T54/><D54/><N who="1" m="33815" /><E62/><V18/><F72/><W43/><G43/><T110/><N who="0" m="42067" /><T120/><DORA hai="39" /><D120/><U80/><E92/><V5/><F77/><W126/><G126/><T1/><D1/><N who="1" m="619" /><E27/><V84/><F24/><W14/><G3/><T119/><N who="0" m="44659" /><T35/><DORA hai="78" /><D35/><U48/><E48/><RYUUKYOKU ba="1,0" sc="211,15,269,15,290,-15,230,-15" hai0="15,19,21,22" hai1="8,11,20,23,80,87,91" /><INIT seed="1,2,0,4,5,2" ten="226,284,275,215" oya="1" hai0="117,6,10,96,133,47,98,32,135,71,97,33,104" hai1="94,102,43,73,92,87,54,55,31,81,63,112,67" hai2="40,125,127,11,29,37,59,52,27,82,39,18,124" hai3="44,53,25,19,45,126,78,100,93,35,7,41,56"/><U34/><E112/><V115/><F40/><W62/><G126/><T5/><D117/><U132/><E132/><N who="0" m="50761" /><D104/><U122/><E122/><V76/><F115/><W84/><G35/><N who="0" m="13387" /><D71/><U30/><E43/><V1/><F29/><N who="1" m="10761" /><E73/><N who="2" m="43279" /><F27/><W83/><G41/><T109/><D109/><U60/><E34/><V26/><F26/><W103/><G7/><N who="0" m="2571" /><D10/><U14/><E14/><N who="2" m="7519" /><F1/><W22/><REACH who="3" step="1"/><G93/><REACH who="3" ten="226,284,275,205" step="2"/><T16/><D16/><U48/><E94/><V129/><F129/><W86/><G86/><T49/><D98/><U70/><E87/><V51/><AGARI ba="2,1" hai="37,39,51,52,59,124,125,127" m="7519,43279" machi="51" ten="30,2000,0" yaku="18,1,54,1" doraHai="2" who="2" fromWho="2" sc="226,-7,284,-12,275,36,205,-7" /><INIT seed="2,0,0,4,0,57" ten="219,272,311,198" oya="2" hai0="7,84,123,14,10,13,45,46,105,61,53,66,113" hai1="96,55,82,110,67,112,111,49,120,8,30,100,70" hai2="9,4,94,71,122,92,15,108,50,29,19,39,73" hai3="11,51,23,31,93,129,26,59,72,65,28,6,58"/><V101/><F39/><W24/><G129/><T114/><D123/><U48/><E112/><V69/><F73/><W22/><G72/><T42/><D105/><U99/><E120/><V52/><F122/><W97/><G51/><T20/><D53/><U79/><E30/><V1/><F29/><W77/><G77/><T102/><D102/><U27/><E27/><V32/><F32/><W132/><G132/><T86/><D114/><U134/><E134/><V36/><F36/><W85/><G85/><N who="0" m="32875" /><D113/><U126/><E126/><V34/><F34/><W88/><REACH who="3" step="1"/><G65/><REACH who="3" ten="219,272,311,188" step="2"/><T18/><D42/><U83/><E49/><V47/><F108/><W81/><G81/><T43/><D43/><U104/><E67/><V12/><F50/><W76/><G76/><T0/><D0/><AGARI ba="0,1" hai="0,6,11,22,23,24,26,28,31,58,59,88,93,97" machi="0" ten="30,7700,0" yaku="1,1,7,1,9,1,54,1,53,0" doraHai="57" doraHaiUra="115" who="3" fromWho="0" sc="219,-77,272,0,311,0,188,87" /><INIT seed="3,0,0,5,2,112" ten="142,272,311,275" oya="3" hai0="64,124,62,94,27,101,28,80,12,25,50,69,130" hai1="129,108,0,122,59,76,55,58,84,96,78,48,18" hai2="111,32,53,21,36,131,71,107,90,132,70,115,42" hai3="44,114,74,127,97,20,22,104,133,5,9,86,72"/><W13/><G114/><T116/><D124/><U98/><E122/><V85/><F32/><W38/><G127/><T23/><D130/><U121/><E121/><V92/><F107/><W49/><G38/><T60/><D50/><U54/><E0/><V100/><F100/><W39/><G39/><T45/><D45/><U31/><E129/><V126/><F126/><W19/><G133/><T110/><D110/><U109/><E31/><V106/><F106/><W63/><G63/><T118/><D62/><N who="1" m="36183" /><E109/><V93/><F132/><W33/><G33/><T73/><D12/><U95/><E108/><V35/><F35/><W65/><G65/><T89/><D27/><U11/><E84/><V51/><F85/><W16/><G86/><T83/><D101/><N who="1" m="60575" /><E98/><V68/><F68/><W81/><G81/><T99/><REACH who="0" step="1"/><D73/><REACH who="0" ten="132,272,311,275" step="2"/><U17/><E11/><V52/><F111/><W91/><G72/><T30/><D30/><U41/><E41/><V47/><F42/><N who="3" m="24727" /><G74/><T105/><D105/><U4/><E4/><V120/><F131/><W26/><G104/><T6/><D6/><U117/><E17/><N who="3" m="6730" /><G26/><T29/><D29/><U102/><E18/><V67/><F120/><W40/><G40/><T2/><D2/><U43/><E43/><V113/><F113/><W3/><G3/><T75/><D75/><U66/><E48/><V125/><F51/><W37/><G37/><T10/><D10/><U61/><E61/><V79/><F36/><W14/><G14/><T34/><D34/><U103/><E102/><V15/><F115/><W87/><G13/><T82/><AGARI ba="0,1" hai="23,25,28,60,64,69,80,82,83,89,94,99,116,118" machi="82" ten="30,7900,0" yaku="1,1,0,1,52,2,53,0" doraHai="112" doraHaiUra="134" who="0" fromWho="0" sc="132,89,272,-20,311,-20,275,-39" /><INIT seed="4,0,0,2,3,14" ten="221,252,291,236" oya="0" hai0="56,94,31,61,81,88,115,83,75,79,85,73,59" hai1="30,71,58,10,9,114,5,13,3,66,130,104,29" hai2="112,34,128,91,39,18,95,2,107,77,132,51,135" hai3="70,28,54,69,117,108,99,118,68,38,113,40,4"/><T131/><D115/><U122/><E104/><V15/><F39/><W119/><G108/><T0/><D131/><U27/><E71/><V24/><F107/><W16/><G113/><T98/><D0/><U103/><E103/><V84/><F2/><W111/><G111/><T65/><D31/><U21/><E66/><V57/><F112/><W127/><G4/><T63/><REACH who="0" step="1"/><D83/><REACH who="0" ten="211,252,291,236" step="2"/><U23/><E114/><V90/><F128/><W64/><G28/><T22/><D22/><U124/><E130/><V92/><F34/><W48/><G127/><T76/><D76/><U109/><E109/><V26/><F77/><W120/><G120/><T11/><D11/><U125/><E122/><V67/><F132/><W1/><G1/><T93/><D93/><U37/><E37/><V17/><F135/><W97/><G38/><T62/><D62/><U60/><E23/><V100/><F95/><W96/><G40/><T33/><D33/><U105/><E105/><V110/><F92/><W50/><G64/><AGARI ba="0,1" hai="56,59,61,63,64,65,73,75,79,81,85,88,94,98" machi="64" ten="30,12000,1" yaku="1,1,7,1,9,1,54,1,53,1" doraHai="14" doraHaiUra="89" who="0" fromWho="3" sc="211,130,252,0,291,0,236,-120" owari="341,44.1,252,-14.8,291,9.1,116,-38.4" /></mjloggm>