<mjloggm ver="2.3"><GO type="225" lobby="0"/><UN n0="%E3%83%B4%E3%83%A0%EF%BC%99%E3%81%A6" n1="%E6%9C%88%E5%B3%B6%E5%9F%BA" n2="%E3%83%A9%E3%82%A4%E3%83%B3%E3%81%AE%E8%99%8E" n3="%45%6C%79%73%69%75%6D" dan="16,16,16,16" rate="2160.80,2155.93,2134.38,2117.01" sx="M,M,M,M"/><TAIKYOKU oya="0"/><INIT seed="0,0,0,3,3,53" ten="250,250,250,250" oya="0" hai0="56,42,93,8,0,90,55,64,117,62,114,78,50" hai1="39,131,83,46,92,110,13,58,109,122,54,81,84" hai2="76,107,73,104,89,129,103,59,3,48,99,23,4" hai3="21,95,22,112,10,127,132,18,40,135,28,94,35"/><T29/><D114/><U108/><E122/><V105/><F129/><W98/><G112/><T43/><D117/><U82/><E131/><V16/><F89/><W101/><G127/><T72/><D29/><U102/><E13/><V71/><F71/><W86/><G35/><T87/><D72/><U77/><E102/><V124/><F124/><W51/><G10/><T32/><D32/><U79/><E92/><V68/><F68/><W36/><G36/><T7/><REACH who="0" step="1"/><D78/><REACH who="0" ten="240,250,250,250" step="2"/><U19/><E79/><V111/><F76/><W65/><G28/><T60/><D60/><U41/><E19/><V44/><F73/><W15/><G18/><T17/><D17/><U5/><E5/><V27/><F4/><W61/><G135/><T74/><D74/><U119/><E119/><V75/><F75/><W80/><G132/><T123/><D123/><U67/><REACH who="1" step="1"/><E67/><REACH who="1" ten="240,240,250,250" step="2"/><V26/><F16/><W20/><G65/><T120/><D120/><U97/><E97/><V128/><F99/><W85/><G98/><T115/><D115/><U30/><E30/><V49/><F128/><W96/><G96/><T45/><AGARI ba="0,2" hai="0,7,8,42,43,45,50,55,56,62,64,87,90,93" machi="45" ten="20,7800,0" yaku="1,1,0,1,7,1,52,1,53,0" doraHai="53" doraHaiUra="106" who="0" fromWho="0" sc="240,98,240,-26,250,-26,250,-26" /><INIT seed="0,1,0,0,5,61" ten="338,214,224,224" oya="0" hai0="15,109,24,2,121,20,13,50,55,127,79,31,54" hai1="45,57,93,66,62,10,129,125,52,74,123,87,8" hai2="81,101,65,70,75,27,4,58,100,120,5,104,99" hai3="78,25,124,108,102,22,112,82,114,12,106,91,86"/><T117/><D121/><U30/><E123/><V98/><F120/><W28/><G108/><T14/><D117/><U46/><E74/><V92/><F70/><W132/><G132/><T48/><D109/><U6/><E125/><V107/><F92/><W19/><G124/><T38/><D38/><U56/><E129/><V18/><F18/><W71/><G71/><T21/><D2/><U122/><E30/><V115/><F115/><W130/><G130/><T119/><D119/><U26/><E26/><V3/><F27/><W85/><G102/><T69/><D69/><U37/><E37/><V103/><F103/><W1/><G1/><T40/><D40/><U131/><E131/><V134/><F134/><W32/><REACH who="3" step="1"/><G106/><REACH who="3" ten="338,214,224,214" step="2"/><T84/><D127/><U72/><E122/><V34/><F3/><W88/><G88/><T44/><D79/><U110/><E110/><V111/><F111/><W43/><G43/><T33/><REACH who="0" step="1"/><D84/><REACH who="0" ten="328,214,224,214" step="2"/><U41/><E41/><V17/><F75/><W97/><G97/><T23/><D23/><U118/><E72/><V64/><F99/><W83/><AGARI ba="1,2" hai="12,19,22,25,28,32,78,82,83,85,86,91,112,114" machi="83" ten="20,2700,0" yaku="1,1,0,1,7,1,53,0" doraHai="61" doraHaiUra="133" who="3" fromWho="3" sc="328,-14,214,-8,224,-8,214,50" /><INIT seed="1,0,0,4,4,131" ten="314,206,216,264" oya="1" hai0="88,20,8,126,76,133,15,59,127,102,111,22,60" hai1="75,106,28,25,62,37,94,109,70,39,13,105,118" hai2="43,108,53,31,36,11,10,6,68,65,48,130,74" hai3="125,97,120,116,29,2,14,95,98,58,77,57,7"/><U119/><E94/><V24/><F108/><W66/><G120/><T19/><D111/><U34/><E13/><V121/><F130/><W55/><G125/><N who="0" m="47627" /><D76/><U50/><E50/><V4/><F74/><W42/><G116/><N who="1" m="44586" /><E75/><V96/><F121/><W0/><G77/><T78/><D78/><U101/><E109/><V61/><F96/><W117/><G42/><T21/><D102/><U100/><E100/><V17/><F10/><W56/><G66/><N who="0" m="39199" /><D88/><U63/><E63/><V27/><F11/><W129/><G129/><T85/><D85/><U16/><E16/><V45/><F17/><W79/><G79/><T49/><D49/><U87/><E87/><V33/><REACH who="2" step="1"/><F27/><REACH who="2" ten="314,206,206,264" step="2"/><W112/><G117/><T73/><D73/><U67/><E105/><V92/><F92/><W41/><G95/><T115/><D115/><U5/><E5/><V110/><F110/><W44/><G7/><T134/><AGARI ba="0,1" hai="8,15,19,20,21,22,133,134" m="39199,47627" machi="134" ten="40,5200,0" yaku="18,1,52,2" doraHai="131" who="0" fromWho="0" sc="314,62,206,-26,206,-13,264,-13" /><INIT seed="2,0,0,5,4,59" ten="376,180,193,251" oya="2" hai0="12,80,32,96,17,120,43,113,15,25,130,118,82" hai1="0,60,126,36,88,66,105,6,124,42,133,135,99" hai2="41,10,123,112,78,109,8,14,13,46,7,1,61" hai3="119,76,95,28,89,5,127,34,81,129,4,65,132"/><V69/><F112/><W31/><G119/><T68/><D113/><U54/><E6/><V33/><F123/><W53/><G129/><T57/><D120/><U50/><E0/><V56/><F33/><W110/><G110/><T19/><D68/><N who="1" m="42055" /><E105/><V134/><F134/><N who="1" m="51209" /><E99/><V87/><F69/><W91/><G132/><T67/><D130/><U63/><E88/><V131/><F131/><W3/><G91/><T116/><D96/><U73/><E73/><V106/><F106/><W52/><G4/><T22/><D32/><U121/><E121/><V125/><F125/><N who="1" m="48233" /><E63/><V72/><F109/><W51/><G5/><T29/><D80/><U47/><E54/><N who="2" m="33943" /><F10/><W62/><G3/><T9/><D82/><U93/><E93/><V2/><F2/><W101/><G95/><T117/><D9/><U86/><E86/><V98/><F87/><W70/><G127/><T18/><D116/><U44/><E44/><V108/><F98/><W85/><G85/><T114/><D117/><U77/><E77/><V38/><F108/><W49/><G76/><T90/><D90/><U94/><E94/><V55/><F55/><W104/><G89/><T71/><D118/><U58/><E58/><V27/><F27/><W83/><G104/><T20/><D57/><U122/><E122/><V37/><F78/><W84/><G84/><T74/><D25/><U24/><E24/><V39/><F72/><W107/><G107/><T128/><D74/><U35/><E35/><V40/><F46/><N who="3" m="27703" /><G34/><T48/><D128/><U111/><E111/><V97/><F97/><W23/><G70/><T102/><D71/><RYUUKYOKU ba="0,0" sc="376,-15,180,15,193,15,251,-15" hai1="36,42,47,50" hai2="1,7,8,13,14,37,38,39,40,41" /><INIT seed="2,1,0,5,2,10" ten="361,195,208,236" oya="2" hai0="95,88,131,32,46,6,65,62,0,119,133,104,106" hai1="43,134,1,44,132,126,35,26,71,89,38,86,34" hai2="92,121,84,42,125,111,2,74,130,54,39,117,129" hai3="79,47,5,13,28,61,75,51,110,114,109,69,82"/><V120/><F2/><W116/><G116/><T40/><D32/><U36/><E1/><V12/><F74/><W15/><G28/><T81/><D119/><U50/><E71/><V17/><F117/><W93/><G114/><T58/><D81/><U14/><E126/><V101/><F125/><W22/><G22/><T11/><D131/><N who="2" m="50186" /><F54/><W70/><G93/><T100/><D100/><U128/><E128/><V55/><F55/><W83/><G5/><T21/><D21/><U94/><E14/><N who="3" m="5130" /><G61/><T73/><D73/><U30/><REACH who="1" step="1"/><E35/><REACH who="1" ten="361,185,208,236" step="2"/><V96/><F121/><W63/><G70/><T20/><D0/><U8/><E8/><V52/><F120/><W80/><G69/><T7/><D11/><U99/><E99/><V118/><F96/><W27/><G27/><T112/><D112/><U91/><E91/><V108/><F12/><W53/><G63/><T23/><D62/><U123/><E123/><V45/><F118/><W127/><G127/><T37/><D6/><U76/><E76/><V29/><F101/><W25/><G25/><T85/><D7/><U48/><E48/><V9/><F9/><W135/><G135/><AGARI ba="1,1" hai="26,30,34,36,38,43,44,50,86,89,94,132,134,135" machi="135" ten="40,2600,0" yaku="1,1,20,1,53,0" doraHai="10" doraHaiUra="78" who="1" fromWho="3" sc="361,0,185,39,208,0,236,-29" /><INIT seed="3,0,0,3,3,63" ten="361,224,208,207" oya="3" hai0="79,69,74,18,132,56,102,37,130,29,59,48,13" hai1="32,61,75,42,10,97,107,99,101,82,46,52,38" hai2="134,30,89,123,39,44,21,111,35,114,15,67,125" hai3="49,40,117,128,9,88,12,92,27,5,45,133,72"/><W23/><G117/><T98/><D69/><U122/><E122/><V73/><F73/><W135/><G72/><T78/><D37/><U57/><E32/><V47/><F35/><W41/><G41/><T105/><D29/><U85/><E75/><V120/><F114/><W76/><G76/><T60/><D130/><U118/><E118/><V70/><F125/><W80/><G80/><T108/><D108/><U94/><E10/><V36/><F111/><W53/><G40/><T17/><D132/><U14/><E14/><V0/><F89/><W119/><G119/><T25/><D74/><U1/><E1/><V103/><F0/><W127/><G127/><T4/><D4/><U83/><E85/><V24/><F134/><W95/><G128/><T6/><D6/><U77/><E77/><V96/><F36/><W55/><G55/><T106/><D106/><U43/><E42/><V66/><F70/><W109/><G95/><T16/><D13/><U129/><E129/><V11/><F39/><W33/><G33/><T19/><D78/><U22/><E22/><V126/><F126/><W112/><G112/><T64/><D79/><U121/><E121/><V131/><F131/><W51/><G51/><T110/><D110/><U62/><E61/><V124/><F124/><W54/><G54/><N who="0" m="31815" /><D25/><U104/><E104/><N who="2" m="63591" /><F123/><W93/><G93/><T81/><D81/><U50/><E38/><V100/><F120/><W58/><G109/><T84/><D84/><U86/><E86/><V65/><F100/><AGARI ba="0,0" hai="43,46,50,52,57,62,82,83,94,97,99,100,101,107" machi="100" ten="30,2000,0" yaku="7,1,54,1" doraHai="63" who="1" fromWho="2" sc="361,0,224,20,208,-20,207,0" owari="361,46.1,244,4.4,188,-31.2,207,-19.3" /></mjloggm>