<mjloggm ver="2.3"><GO type="225" lobby="0"/><UN n0="%E7%99%BD%E5%80%89%E5%AF%9B%E4%B9%8B" n1="%79%75%72%69%6D%6F%67" n2="%E3%82%A4%E3%83%BC%E3%82%B1%E3%83%97%E3%83%A9" n3="%E3%83%96%E3%83%83%E3%83%91%E3%82%AA%E3%83%96%E3%83%81%E3%82%AD%E3%83%B3" dan="16,16,17,16" rate="2107.12,2161.05,2205.72,2218.50" sx="M,F,M,M"/><TAIKYOKU oya="0"/><INIT seed="0,0,0,1,5,50" ten="250,250,250,250" oya="0" hai0="134,102,93,64,62,36,85,98,124,122,116,40,108" hai1="42,100,75,35,135,23,74,9,27,51,60,127,38" hai2="121,82,18,21,97,66,19,113,29,46,16,79,28" hai3="132,70,103,112,84,49,86,68,53,37,119,32,125"/><T55/><D116/><U54/><E35/><V15/><F113/><W6/><G112/><T8/><D122/><U2/><E100/><V56/><F121/><W117/><G32/><T87/><D124/><U88/><E38/><V26/><F46/><W61/><G37/><T118/><D118/><U107/><E42/><V11/><F97/><W114/><G114/><T111/><D134/><U12/><E107/><V106/><F106/><W20/><G125/><T91/><D40/><U58/><E2/><V115/><F29/><W5/><G103/><T43/><D43/><U30/><E135/><V105/><F105/><W52/><G132/><T67/><D36/><U83/><E60/><V73/><REACH who="2" step="1"/><F115/><REACH who="2" ten="250,250,240,250" step="2"/><W80/><G119/><T57/><D108/><U1/><E127/><V101/><F101/><W92/><G117/><T33/><D111/><U133/><E133/><V109/><F109/><W39/><G39/><T72/><D102/><U3/><E75/><V128/><F128/><W90/><G70/><T76/><D72/><U110/><E110/><V69/><F69/><W65/><G68/><T22/><D98/><U120/><E120/><V25/><F25/><W59/><G86/><T81/><D33/><U31/><E31/><V41/><F41/><W14/><G84/><T45/><D45/><U48/><E74/><V130/><F130/><W95/><G5/><T10/><D22/><U129/><E129/><V99/><F99/><W34/><G20/><T96/><D96/><U89/><E23/><V4/><F4/><W77/><G34/><T104/><D104/><U123/><E123/><RYUUKYOKU ba="0,1" sc="250,15,250,-15,240,15,250,-15" hai0="8,10,55,57,62,64,67,76,81,85,87,91,93" hai2="11,15,16,18,19,21,26,28,56,66,73,79,82" /><INIT seed="0,1,1,3,3,96" ten="265,235,255,235" oya="0" hai0="37,68,26,100,125,104,4,34,78,24,46,20,87" hai1="101,92,83,52,112,9,54,7,47,77,97,60,107" hai2="29,32,95,12,49,73,27,17,105,58,114,90,135" hai3="103,42,123,0,134,40,79,81,53,18,8,62,132"/><T14/><D68/><U127/><E127/><V16/><F114/><W130/><G130/><T41/><D125/><U11/><E112/><V63/><F105/><W126/><G126/><T22/><D34/><U45/><E107/><V80/><F135/><N who="3" m="51755" /><G123/><T124/><D124/><U59/><E54/><V48/><F80/><W44/><G103/><T108/><D108/><U3/><REACH who="1" step="1"/><E11/><REACH who="1" ten="265,225,255,235" step="2"/><V128/><F128/><W43/><G0/><T23/><D104/><U91/><E91/><V51/><F73/><AGARI ba="1,2" hai="3,7,9,45,47,52,59,60,73,77,83,92,97,101" machi="73" ten="30,8000,1" yaku="1,1,7,1,52,1,54,1,53,1" doraHai="96" doraHaiUra="76" who="1" fromWho="2" sc="265,0,225,103,255,-83,235,0" /><INIT seed="1,0,0,1,3,20" ten="265,328,172,235" oya="1" hai0="33,52,71,12,78,134,39,117,77,115,124,113,10" hai1="59,7,45,8,118,106,41,31,4,51,126,103,18" hai2="35,111,119,37,100,79,36,50,80,88,121,28,46" hai3="5,63,95,70,73,42,120,54,1,2,62,91,92"/><U89/><E126/><V93/><F119/><W133/><G120/><T60/><D117/><U122/><E118/><V11/><F111/><W69/><G73/><T57/><D124/><U127/><E127/><V40/><F121/><W15/><G133/><T44/><D134/><U105/><E7/><V47/><F100/><W6/><G42/><T75/><D33/><U23/><E31/><V32/><F11/><W129/><G129/><T108/><D108/><U24/><E103/><V84/><F28/><W123/><G123/><T9/><D9/><U116/><E116/><V90/><F90/><W48/><G48/><T86/><D75/><U66/><E122/><V97/><REACH who="2" step="1"/><F37/><REACH who="2" ten="265,328,162,235" step="2"/><W56/><G1/><T99/><D39/><U76/><E89/><V14/><F14/><W109/><G2/><T101/><D12/><N who="1" m="5127" /><E106/><V22/><F22/><W131/><G15/><T30/><D10/><U43/><E105/><V27/><F27/><W72/><G91/><T102/><D30/><U96/><E76/><V53/><AGARI ba="0,1" hai="32,35,36,40,46,47,50,53,79,80,84,88,93,97" machi="53" ten="20,8000,1" yaku="1,1,0,1,7,1,54,1,53,1" doraHai="20" doraHaiUra="87" who="2" fromWho="2" sc="265,-20,328,-40,162,90,235,-20" /><INIT seed="2,0,0,0,4,25" ten="245,288,252,215" oya="2" hai0="114,93,87,101,88,40,23,92,134,79,4,15,50" hai1="77,122,126,75,60,65,103,61,84,97,28,49,115" hai2="94,107,51,118,34,117,108,102,6,26,111,32,47" hai3="29,17,10,22,56,35,70,43,129,74,100,131,99"/><V72/><F72/><W54/><G70/><T73/><D114/><U8/><E126/><V121/><F121/><W38/><G74/><T81/><D134/><U64/><E115/><V30/><F107/><W0/><G38/><T52/><D40/><U132/><E75/><V110/><F34/><W71/><G43/><T105/><D105/><U53/><E132/><V57/><F57/><W11/><G71/><T67/><D67/><N who="1" m="25675" /><E97/><N who="2" m="59703" /><F6/><W59/><G0/><T63/><D63/><U113/><E103/><V5/><F5/><W109/><G109/><N who="2" m="27905" /><V55/><AGARI ba="0,0" hai="26,30,32,47,51,55,117,118" m="27905,59703" machi="55" ten="40,12000,1" yaku="4,1,14,1,10,1,52,1" doraHai="25" who="2" fromWho="2" sc="245,-40,288,-40,252,120,215,-40" /><INIT seed="2,1,0,1,4,91" ten="205,248,372,175" oya="2" hai0="23,20,47,54,35,114,62,108,78,106,1,77,41" hai1="58,80,42,100,95,46,44,119,3,50,30,109,68" hai2="79,102,88,51,19,8,52,75,104,76,73,69,18" hai3="84,6,7,132,29,67,71,87,113,36,65,61,72"/><V16/><F69/><W15/><G72/><T17/><D35/><U10/><E109/><V115/><F115/><W33/><G36/><T63/><D106/><U85/><E68/><V86/><F8/><W122/><G122/><T56/><D1/><U82/><E30/><V34/><F34/><W40/><G40/><T43/><D108/><U130/><E130/><V66/><F66/><W90/><G113/><T125/><D114/><U97/><E46/><V117/><F117/><W38/><G38/><T96/><D125/><U126/><E126/><V57/><F104/><W21/><G132/><T37/><D43/><U83/><E119/><V39/><F39/><W81/><G65/><T131/><D23/><U94/><E10/><V13/><F102/><W4/><G33/><T55/><D131/><U70/><E70/><V25/><F25/><W11/><G29/><T48/><D96/><U98/><E58/><V64/><F64/><W99/><G99/><T5/><D5/><U28/><E28/><V111/><F111/><W45/><G45/><T107/><D107/><U110/><E110/><V14/><F75/><W123/><G123/><T128/><D128/><U93/><E3/><V120/><F73/><W116/><G116/><T127/><D127/><U129/><E129/><V53/><F53/><W133/><G133/><T134/><D134/><U26/><E26/><V24/><F24/><W12/><G84/><T101/><D101/><U59/><E59/><V92/><F120/><W22/><G11/><T49/><D37/><U89/><E100/><V112/><F112/><W0/><G0/><RYUUKYOKU ba="1,0" sc="205,-30,248,10,372,10,175,10" hai1="42,44,50,80,82,83,85,89,93,94,95,97,98" hai2="13,14,16,18,19,51,52,57,76,79,86,88,92" hai3="4,6,7,12,15,21,22,61,67,71,81,87,90" /><INIT seed="2,2,0,1,2,81" ten="175,258,382,185" oya="2" hai0="118,0,90,64,65,27,91,29,18,87,45,122,83" hai1="85,106,32,7,42,134,108,13,88,4,46,128,79" hai2="78,121,22,77,114,59,105,9,38,61,76,109,52" hai3="49,73,112,57,35,111,69,70,131,43,132,60,93"/><V97/><F97/><W1/><BYE who="2" /><G1/><T74/><D0/><U113/><E108/><UN n2="%E3%82%A4%E3%83%BC%E3%82%B1%E3%83%97%E3%83%A9" /><V40/><F40/><W135/><BYE who="2" /><G73/><T80/><D122/><U123/><E128/><V99/><F99/><W92/><G35/><UN n2="%E3%82%A4%E3%83%BC%E3%82%B1%E3%83%97%E3%83%A9" /><T50/><D118/><U100/><E134/><N who="3" m="51242" /><G111/><T11/><D74/><U28/><E100/><V15/><F105/><W36/><G131/><T17/><D83/><U55/><E106/><V62/><F38/><W39/><G112/><T104/><D91/><U72/><E113/><V30/><F109/><W116/><G93/><T115/><D104/><U127/><E79/><V10/><F121/><W94/><G94/><T8/><D115/><U68/><E72/><V20/><F114/><W16/><G92/><T34/><D11/><U124/><E68/><N who="3" m="26218" /><G116/><T54/><D18/><U6/><E55/><V133/><F133/><W95/><G95/><T120/><D120/><U31/><E13/><AGARI ba="2,0" hai="8,13,17,27,29,34,45,50,54,64,65,80,87,90" machi="13" ten="40,5200,0" yaku="25,2,52,1" doraHai="81" who="0" fromWho="1" sc="175,58,258,-58,382,0,185,0" /><INIT seed="3,0,0,0,5,94" ten="233,200,382,185" oya="3" hai0="78,43,86,42,66,65,85,88,116,56,45,55,5" hai1="70,131,80,11,61,67,19,97,92,112,58,77,14" hai2="25,83,98,1,4,113,33,37,73,29,111,115,117" hai3="128,69,40,125,68,6,47,103,102,12,49,84,46"/><W31/><G125/><T121/><D121/><U41/><E131/><V63/><F111/><W135/><G128/><T53/><D116/><U96/><E112/><V10/><F117/><W27/><G135/><T60/><D5/><U106/><E106/><V127/><F127/><W21/><G84/><T62/><D78/><U107/><E107/><V120/><F120/><W7/><G68/><T95/><D86/><U30/><E30/><V75/><F75/><W104/><G69/><T39/><D43/><U22/><E41/><V81/><F81/><W57/><G57/><AGARI ba="0,0" hai="39,42,45,53,55,56,57,60,62,65,66,85,88,95" machi="57" ten="30,3900,0" yaku="7,1,9,1,54,1" doraHai="94" who="0" fromWho="3" sc="233,39,200,0,382,0,185,-39" owari="272,7.2,200,-20.0,382,48.2,146,-35.4" /></mjloggm>