<mjloggm ver="2.3"><GO type="225" lobby="0"/><UN n0="%E6%9D%B1%E9%A2%A8%E3%81%AE%E3%81%8D%E3%82%83%E3%81%B7%E3%81%95%E3%82%93" n1="%33%74%72%65%65" n2="%E5%BA%84%E5%8F%B8%E5%81%A5%E5%A4%AA%E6%9C%97" n3="%E3%82%BC%E3%83%AB%E3%83%80%E3%81%AE%E4%BC%9D%E8%AA%AC" dan="16,17,16,17" rate="2195.88,2119.58,2120.50,2126.57" sx="M,F,M,M"/><TAIKYOKU oya="0"/><INIT seed="0,0,0,0,4,82" ten="250,250,250,250" oya="0" hai0="49,57,114,28,120,19,96,66,13,135,46,77,100" hai1="6,125,95,85,84,68,20,37,48,55,115,50,61" hai2="41,10,101,87,93,39,65,108,47,3,5,86,23" hai3="90,64,132,14,110,67,112,52,43,91,94,97,71"/><T24/><D120/><U106/><E37/><V4/><F108/><W44/><G112/><T59/><D114/><U29/><E106/><V107/><F107/><W111/><G132/><T32/><D77/><U119/><E119/><V8/><F23/><W121/><G121/><T21/><D66/><U33/><E33/><V126/><F126/><W124/><G124/><T0/><D0/><U89/><E125/><V88/><F101/><W118/><G118/><T69/><D69/><U58/><E115/><V7/><F65/><W26/><G14/><T42/><REACH who="0" step="1"/><D135/><REACH who="0" ten="240,250,250,250" step="2"/><U105/><E68/><V73/><F73/><W17/><G67/><T27/><D27/><N who="1" m="16615" /><E105/><AGARI ba="0,1" hai="13,19,21,24,28,32,42,46,49,57,59,96,100,105" machi="105" ten="30,2900,0" yaku="1,1,7,1,53,0" doraHai="82" doraHaiUra="122" who="0" fromWho="1" sc="240,39,250,-29,250,0,250,0" /><INIT seed="0,1,0,0,4,113" ten="279,221,250,250" oya="0" hai0="30,38,86,6,99,134,11,122,14,125,64,69,71" hai1="5,74,46,8,28,118,18,73,84,4,62,57,81" hai2="120,98,87,115,112,10,123,103,100,124,53,25,40" hai3="23,135,75,85,27,114,116,65,61,109,72,101,21"/><T95/><D38/><U7/><E118/><V94/><F40/><W41/><G114/><N who="2" m="43561" /><F53/><W91/><G116/><T117/><D122/><N who="2" m="46634" /><F10/><W58/><G109/><T15/><D117/><U54/><E28/><V132/><F25/><W70/><G135/><T35/><D134/><U106/><E106/><V60/><F60/><W130/><G130/><T104/><D125/><U48/><E18/><V78/><F132/><W76/><G76/><T77/><D15/><U47/><E47/><V29/><F29/><W9/><G101/><T127/><D127/><U33/><E33/><V2/><F2/><W39/><G9/><T34/><D30/><U52/><REACH who="1" step="1"/><E8/><REACH who="1" ten="279,211,250,250" step="2"/><V51/><F124/><W110/><G110/><T37/><D104/><U133/><E133/><V68/><F68/><W88/><G70/><T126/><D71/><U66/><E66/><V49/><F103/><W12/><G65/><T26/><D126/><U63/><E63/><V32/><F32/><W93/><G61/><T83/><D64/><U43/><E43/><V129/><F129/><W36/><G41/><T97/><D69/><U56/><E56/><V80/><F51/><W22/><G58/><T108/><D108/><U111/><E111/><V1/><F49/><W102/><G102/><N who="0" m="60735" /><D37/><U89/><AGARI ba="1,1" hai="4,5,7,46,48,52,54,57,62,73,74,81,84,89" machi="89" ten="30,4000,0" yaku="1,1,0,1,54,1,53,0" doraHai="113" doraHaiUra="31" who="1" fromWho="1" sc="279,-21,211,53,250,-11,250,-11" /><INIT seed="1,0,0,3,2,65" ten="258,264,239,239" oya="1" hai0="82,69,110,63,66,7,88,93,77,92,115,60,18" hai1="3,95,74,43,116,133,52,99,111,134,6,122,135" hai2="9,90,96,67,102,30,104,125,57,56,20,81,23" hai3="11,105,101,29,117,98,4,17,86,106,22,70,127"/><U123/><E116/><V34/><F125/><W2/><G127/><T26/><D115/><U33/><E74/><V85/><F34/><W103/><G117/><T46/><D110/><U28/><E43/><V131/><F131/><W61/><G29/><T24/><D7/><U38/><E38/><V31/><F9/><W55/><G86/><T40/><D60/><U35/><E111/><V68/><F68/><W8/><G8/><T50/><D18/><U0/><E6/><V114/><F114/><W37/><G37/><T59/><D59/><U126/><E126/><V128/><F128/><W25/><G55/><T107/><D93/><U54/><E28/><V15/><F15/><W41/><G41/><T120/><D107/><U79/><E79/><V49/><F49/><W53/><G53/><N who="1" m="20586" /><E33/><V51/><F51/><W39/><G39/><T19/><D19/><U45/><E45/><V13/><F57/><W129/><G129/><T124/><D124/><U119/><E35/><V132/><F132/><W64/><REACH who="3" step="1"/><G103/><REACH who="3" ten="258,264,239,229" step="2"/><T27/><D120/><N who="1" m="46123" /><E119/><V91/><F90/><AGARI ba="0,1" hai="0,3,90,95,99,133,134,135" m="46123,20586" machi="90" ten="40,3900,0" yaku="20,1,54,1" doraHai="65" who="1" fromWho="2" sc="258,0,264,49,239,-39,229,0" /><INIT seed="1,1,0,5,3,117" ten="258,313,200,229" oya="1" hai0="66,55,8,124,13,11,115,39,37,74,2,128,12" hai1="130,34,26,103,82,32,4,38,88,121,100,65,36" hai2="84,96,44,80,118,17,87,1,111,53,14,101,18" hai3="123,73,106,30,63,62,104,95,129,77,42,133,56"/><U70/><E121/><V20/><F118/><W64/><G123/><T92/><D74/><U126/><E126/><V0/><F111/><W7/><G7/><T68/><D2/><U79/><E130/><V28/><F87/><W91/><G129/><T67/><D128/><U58/><E70/><V86/><F84/><W22/><G133/><T89/><D115/><U107/><E4/><V9/><F28/><W114/><G114/><T69/><D55/><U6/><E6/><V19/><F19/><W24/><G42/><T35/><D92/><U76/><E88/><V40/><F53/><W116/><G116/><T97/><D97/><U25/><E58/><V27/><F44/><W99/><REACH who="3" step="1"/><G63/><REACH who="3" ten="258,313,200,219" step="2"/><T46/><D124/><U132/><E132/><V23/><F40/><W83/><AGARI ba="1,1" hai="22,24,30,56,62,64,73,77,83,91,95,99,104,106" machi="83" ten="30,4000,0" yaku="1,1,2,1,0,1,53,0" doraHai="117" doraHaiUra="98" who="3" fromWho="3" sc="258,-11,313,-21,200,-11,219,53" /><INIT seed="2,0,0,1,1,104" ten="247,292,189,272" oya="2" hai0="26,122,5,39,7,12,58,114,18,53,64,54,72" hai1="74,11,55,89,87,51,45,41,6,78,106,59,128" hai2="131,75,43,123,76,46,2,27,116,10,47,66,40" hai3="105,83,77,125,14,23,113,130,61,60,32,20,88"/><V22/><F116/><W79/><G32/><T69/><D122/><U33/><E128/><V109/><F123/><W92/><G105/><T57/><D114/><U132/><E132/><V127/><F131/><W42/><G130/><T68/><D26/><U101/><E33/><V98/><F127/><W0/><G0/><T34/><D34/><U70/><E70/><V13/><F2/><W103/><G125/><T118/><D118/><U110/><E110/><V38/><F66/><W102/><G42/><T71/><D39/><U73/><E101/><N who="3" m="38410" /><G113/><T95/><D95/><U62/><E106/><V107/><F98/><N who="3" m="57607" /><G83/><T115/><D115/><U93/><E78/><N who="3" m="29706" /><G14/><AGARI ba="0,0" hai="6,11,14,41,45,51,55,59,62,73,74,87,89,93" machi="14" ten="30,3900,0" yaku="7,1,52,2" doraHai="104" who="1" fromWho="3" sc="247,0,292,39,189,0,272,-39" /><INIT seed="3,0,0,2,1,48" ten="247,331,189,233" oya="3" hai0="32,21,97,75,50,89,135,35,31,130,20,65,82" hai1="19,30,36,108,111,101,95,11,87,85,73,12,66" hai2="123,62,51,14,61,22,88,10,86,125,78,6,102" hai3="39,80,23,40,81,7,67,91,96,34,25,58,46"/><W57/><G34/><T47/><D135/><U100/><E73/><V59/><F123/><W27/><G7/><T24/><D130/><U55/><E36/><V117/><F117/><W119/><G119/><T124/><D124/><U107/><E66/><V42/><F125/><W60/><G27/><T68/><D35/><U2/><E2/><V121/><F121/><W5/><G5/><T94/><D65/><U15/><E30/><V26/><F78/><W18/><G57/><T64/><D64/><U90/><E12/><V122/><F122/><W52/><G67/><T103/><D68/><U69/><E69/><V120/><F102/><W43/><G43/><T29/><D29/><U41/><E41/><V127/><F127/><W84/><REACH who="3" step="1"/><G96/><REACH who="3" ten="247,331,189,223" step="2"/><T105/><D32/><U132/><E132/><V98/><F120/><W129/><G129/><T74/><D24/><U45/><E107/><V17/><F98/><W114/><G114/><T1/><D105/><U133/><E133/><V93/><F42/><W28/><G28/><T9/><D31/><U16/><E19/><V104/><F104/><W112/><G112/><T77/><D97/><U79/><E108/><V63/><REACH who="2" step="1"/><F51/><REACH who="2" ten="247,331,179,223" step="2"/><W49/><G49/><T72/><D50/><N who="1" m="29135" /><E111/><V3/><F3/><W0/><G0/><T128/><D1/><U83/><AGARI ba="0,2" hai="11,15,16,79,83,85,87,90,95,100,101" m="29135" machi="83" ten="30,4000,0" yaku="8,1,52,1,54,1" doraHai="48" who="1" fromWho="1" sc="247,-10,331,60,179,-10,223,-20" owari="237,3.7,391,49.1,169,-33.1,203,-19.7" /></mjloggm>