<mjloggm ver="2.3"><GO type="225" lobby="0"/><UN n0="%E3%81%82%E3%82%93%E3%81%AA%E3%81%A4" n1="%E6%A1%9C%E8%8A%B1%E9%96%83%E3%80%85" n2="%72%65%6E%6B%75%6E" n3="%E6%9C%88%E5%B3%B6%E5%9F%BA" dan="17,17,17,17" rate="2194.63,2253.11,2185.11,2191.75" sx="M,M,M,M"/><TAIKYOKU oya="0"/><INIT seed="0,0,0,1,4,120" ten="250,250,250,250" oya="0" hai0="115,5,57,3,58,62,76,95,1,125,77,40,129" hai1="39,41,16,85,49,67,113,42,94,10,112,116,92" hai2="13,97,103,32,68,56,7,93,80,6,96,130,90" hai3="63,59,20,110,122,34,0,124,19,89,108,29,74"/><T128/><D115/><N who="1" m="44107" /><E116/><V54/><F68/><W47/><G122/><T91/><D40/><N who="1" m="15467" /><E39/><V106/><F32/><W60/><G74/><T53/><D125/><U31/><E31/><V69/><F69/><W14/><G124/><T17/><D17/><U100/><E67/><V101/><F130/><N who="0" m="50282" /><D58/><U102/><E49/><V36/><F36/><W81/><G47/><T46/><D46/><U98/><E85/><V65/><F65/><W38/><G0/><N who="0" m="75" /><D5/><U2/><E2/><V52/><F13/><W30/><G38/><T43/><D43/><U105/><E100/><V18/><F18/><W11/><G60/><T35/><D35/><U45/><E45/><V79/><F103/><W126/><G34/><T25/><D25/><U127/><E127/><V119/><F119/><W78/><G126/><T117/><D117/><U55/><E55/><V134/><F54/><W72/><G30/><T86/><AGARI ba="0,0" hai="53,57,62,76,77,86,91,95" m="75,50282" machi="86" ten="30,1500,0" yaku="19,1" doraHai="120" who="0" fromWho="0" sc="250,15,250,-5,250,-5,250,-5" /><INIT seed="0,1,0,2,1,38" ten="265,245,245,245" oya="0" hai0="14,44,68,108,37,103,51,91,113,36,70,127,26" hai1="46,131,63,118,94,122,17,45,22,78,89,72,100" hai2="29,64,24,133,116,21,47,13,60,109,85,98,74" hai3="95,69,55,129,115,42,76,56,86,120,35,15,84"/><T77/><D113/><U73/><E118/><V112/><F74/><W8/><G115/><T96/><D77/><U54/><E122/><V93/><F112/><W125/><G35/><T40/><D91/><U130/><E100/><V28/><F116/><W97/><G69/><T23/><D127/><U104/><E104/><V114/><F114/><W34/><G34/><T16/><D108/><U126/><E126/><V7/><F109/><W49/><G125/><T2/><D2/><U102/><E102/><V110/><F110/><W5/><G129/><N who="1" m="49162" /><E63/><V57/><F133/><W10/><G120/><T50/><D37/><U20/><E20/><V83/><F47/><N who="1" m="17929" /><E54/><V123/><F123/><W124/><G124/><T30/><D70/><U62/><E62/><V87/><F29/><W101/><G76/><T52/><D68/><U135/><E78/><V31/><F31/><W111/><G111/><T32/><REACH who="0" step="1"/><D52/><REACH who="0" ten="255,245,245,245" step="2"/><U81/><E135/><V19/><F83/><W67/><G55/><T6/><D6/><U9/><E81/><V4/><F4/><W41/><G5/><T11/><D11/><U27/><E9/><N who="2" m="6575" /><F7/><W65/><G10/><T43/><D43/><U1/><E1/><V121/><F121/><W12/><G42/><T39/><D39/><U88/><E89/><AGARI ba="1,1" hai="21,24,28,57,60,64,85,87,89,93,98" m="6575" machi="89" ten="30,1000,0" yaku="8,1" doraHai="38" who="2" fromWho="1" sc="255,0,245,-13,245,23,245,0" /><INIT seed="1,0,0,4,0,55" ten="255,232,268,245" oya="1" hai0="124,22,19,94,107,127,72,28,84,89,18,33,16" hai1="66,20,100,110,24,88,63,13,71,67,95,82,128" hai2="70,108,1,81,134,97,99,39,78,112,57,15,113" hai3="117,38,116,49,92,3,26,80,98,105,64,76,85"/><U60/><E128/><V77/><F70/><W6/><G38/><T114/><D114/><U11/><E110/><V133/><F1/><W120/><G120/><T23/><D72/><U90/><E82/><V126/><F39/><W7/><G105/><T103/><D107/><U51/><E51/><V86/><F108/><W123/><G123/><T9/><D103/><U131/><E131/><V53/><F15/><W47/><G26/><N who="0" m="18583" /><D9/><U44/><E44/><V115/><F78/><W30/><G30/><T104/><D104/><U48/><E48/><N who="2" m="30887" /><F126/><AGARI ba="0,0" hai="16,18,19,22,23,84,89,94,124,126,127" m="18583" machi="126" ten="30,2000,0" yaku="18,1,54,1" doraHai="55" who="0" fromWho="2" sc="255,20,232,0,268,-20,245,0" /><INIT seed="2,0,0,0,5,88" ten="275,232,248,245" oya="2" hai0="91,56,27,115,22,106,95,116,129,30,57,96,49" hai1="33,80,50,90,105,41,117,66,16,21,32,53,28" hai2="94,64,18,108,3,47,44,131,52,78,0,67,34" hai3="85,20,75,11,70,92,123,9,26,135,73,134,118"/><V58/><F34/><W17/><G118/><T111/><D115/><U101/><E117/><V124/><F3/><W97/><G70/><T55/><D116/><U79/><E66/><N who="2" m="25131" /><F0/><W63/><G63/><T10/><D111/><U36/><E36/><V69/><F69/><W42/><G42/><T107/><D129/><U62/><E62/><N who="2" m="36167" /><F131/><W125/><G85/><T35/><D56/><U81/><E41/><V99/><F108/><W103/><G125/><T4/><REACH who="0" step="1"/><D35/><REACH who="0" ten="265,232,248,245" step="2"/><U31/><E33/><V65/><F124/><W13/><G123/><T74/><D74/><U25/><E32/><V83/><N who="2" m="25139" /><V14/><DORA hai="109" /><F78/><W132/><REACH who="3" step="1"/><G11/><REACH who="3" ten="265,232,248,235" step="2"/><T68/><D68/><U39/><E79/><V60/><F60/><W37/><G37/><T77/><D77/><U104/><E39/><V87/><F87/><W45/><G45/><T40/><D40/><U12/><E50/><V29/><F47/><W119/><G119/><T24/><D24/><U110/><E25/><V86/><F44/><W61/><G61/><T128/><D128/><U23/><E110/><V43/><F43/><W48/><G48/><T38/><D38/><U121/><E121/><V72/><F72/><W122/><G122/><T113/><D113/><U8/><E53/><V5/><F86/><W130/><G130/><T51/><D51/><U82/><E8/><V100/><F99/><W114/><G114/><T6/><D6/><AGARI ba="0,2" hai="6,9,13,17,20,26,73,75,92,97,103,132,134,135" machi="6" ten="40,8000,1" yaku="1,1,20,1,52,1,53,2" doraHai="88,109" doraHaiUra="15,2" who="3" fromWho="0" sc="265,-80,232,0,248,0,235,100" /><INIT seed="3,0,0,4,1,69" ten="185,232,248,335" oya="3" hai0="112,52,83,70,133,24,40,78,86,119,75,43,127" hai1="35,104,88,23,82,27,63,109,7,32,29,122,15" hai2="5,131,31,53,58,116,1,115,67,94,57,13,108" hai3="12,101,6,85,45,62,48,30,91,44,38,16,4"/><W114/><G114/><T105/><D119/><U118/><E122/><V46/><F115/><W54/><G101/><T90/><D112/><U126/><E104/><V33/><F116/><W84/><G30/><T9/><D127/><U20/><E118/><V47/><F1/><W42/><G62/><T66/><D133/><U98/><E126/><V36/><F31/><W96/><G96/><T68/><D105/><U26/><E109/><V64/><F33/><W130/><G130/><T19/><D66/><N who="2" m="25130" /><F108/><W113/><G85/><T129/><D129/><U73/><E63/><V110/><F110/><W117/><G113/><T97/><D97/><U55/><E55/><V72/><F72/><W93/><G117/><T3/><D3/><U2/><E15/><V95/><F131/><W134/><G134/><T100/><D100/><U18/><E73/><V0/><F0/><W79/><G79/><T76/><D76/><U92/><REACH who="1" step="1"/><E82/><REACH who="1" ten="185,222,248,335" step="2"/><V81/><F81/><W80/><G80/><T25/><D52/><U99/><E99/><V128/><F53/><W61/><G61/><T10/><D68/><U103/><E103/><V34/><F95/><W102/><G102/><T11/><D70/><U14/><E14/><V125/><F94/><W8/><AGARI ba="0,1" hai="4,6,8,12,16,38,42,44,45,48,54,84,91,93" machi="8" ten="20,7800,0" yaku="0,1,7,1,52,1,54,1" doraHai="69" who="3" fromWho="3" sc="185,-26,222,-26,248,-26,335,88" owari="159,-34.1,196,-20.4,222,2.2,423,52.3" /></mjloggm>