<mjloggm ver="2.3"><GO type="225" lobby="0"/><UN n0="%43%68%65" n1="%E6%98%93%E5%88%A9%E8%96%A9%E4%BC%AF" n2="%E3%83%A9%E3%82%A4%E3%83%B3%E3%81%AE%E8%99%8E" n3="%E9%B4%A8%4E%45%47%49" dan="16,17,16,16" rate="2167.91,2194.59,2131.21,2093.35" sx="M,F,M,M"/><TAIKYOKU oya="0"/><INIT seed="0,0,0,1,5,28" ten="250,250,250,250" oya="0" hai0="131,52,54,37,61,81,40,129,107,99,93,89,33" hai1="26,127,65,75,123,121,69,103,80,34,55,110,18" hai2="46,112,87,9,109,39,71,78,114,88,25,31,11" hai3="119,22,120,62,85,76,8,48,106,92,51,43,122"/><T102/><D81/><U84/><E110/><V90/><F71/><W45/><G106/><T32/><D40/><U77/><E127/><V115/><F109/><W74/><G119/><T53/><D61/><U95/><E55/><V1/><F78/><W94/><G22/><T64/><D64/><U125/><E125/><V2/><F90/><W97/><G62/><T86/><D37/><U70/><E65/><V117/><F117/><W72/><G8/><T134/><D134/><U24/><E24/><V6/><F46/><W13/><G13/><T66/><D66/><U0/><E0/><V29/><F39/><W19/><G19/><T96/><D99/><U16/><E121/><N who="3" m="46698" /><G51/><T35/><AGARI ba="0,0" hai="32,33,35,52,53,54,86,89,93,96,102,107,129,131" machi="35" ten="40,12000,1" yaku="0,1,52,3,54,1" doraHai="28" who="0" fromWho="0" sc="250,120,250,-40,250,-40,250,-40" /><INIT seed="0,1,0,0,2,82" ten="370,210,210,210" oya="0" hai0="85,69,45,135,42,20,6,104,109,43,74,94,92" hai1="81,17,48,120,53,133,19,116,65,72,96,8,111" hai2="84,5,14,23,16,110,83,36,4,39,95,100,76" hai3="3,41,50,130,70,90,88,63,27,126,34,10,37"/><T28/><D74/><U73/><E116/><V35/><F35/><W97/><G126/><T40/><D69/><U64/><E120/><V79/><F110/><W112/><G130/><T131/><D104/><U121/><E121/><V118/><F118/><W60/><G37/><T25/><D131/><U87/><E133/><V21/><F39/><W128/><G128/><T1/><D135/><U134/><E96/><N who="2" m="59423" /><F36/><W117/><G70/><T93/><D109/><U75/><E134/><V49/><F79/><W122/><G112/><T89/><REACH who="0" step="1"/><D45/><REACH who="0" ten="360,210,210,210" step="2"/><U29/><E111/><V31/><F49/><W101/><G117/><T38/><D38/><U68/><E68/><V59/><F59/><W71/><G71/><T26/><D26/><AGARI ba="1,1" hai="4,5,14,16,21,23,26,31,76,83,84" m="59423" machi="26" ten="30,3900,0" yaku="8,1,52,1,54,1" doraHai="82" who="2" fromWho="0" sc="360,-42,210,0,210,52,210,0" /><INIT seed="1,0,0,0,5,75" ten="318,210,262,210" oya="1" hai0="82,14,76,89,80,60,96,62,46,116,67,123,3" hai1="69,21,120,83,23,105,133,98,117,70,121,74,93" hai2="15,40,56,57,48,54,25,2,64,102,106,122,81" hai3="51,85,11,9,55,41,72,61,0,84,79,27,130"/><U88/><E117/><V108/><F2/><W17/><G130/><T20/><D116/><U91/><E133/><V124/><F122/><W52/><G72/><T114/><D3/><U24/><E121/><V113/><F108/><W1/><G1/><T71/><D123/><U39/><E39/><V129/><F124/><W125/><G125/><T12/><D114/><U29/><E120/><V58/><F129/><W42/><G0/><T92/><D82/><U65/><E105/><V118/><F40/><N who="3" m="15467" /><G61/><T103/><D46/><U110/><E110/><V19/><F113/><W7/><G7/><T30/><D62/><U5/><E5/><V95/><F106/><W97/><G97/><T111/><D103/><U135/><E135/><V99/><F64/><W53/><G51/><T4/><D4/><U49/><E49/><V43/><F43/><W28/><G28/><T59/><D71/><U45/><E45/><V119/><F119/><W33/><G33/><T35/><D35/><U126/><E126/><V47/><F118/><W18/><G79/><T78/><D111/><U44/><E44/><V101/><F101/><W38/><G38/><T66/><D66/><U10/><E65/><V86/><F25/><W87/><G27/><N who="0" m="16743" /><D80/><U127/><E127/><V68/><F68/><W50/><G50/><T36/><D36/><U32/><E74/><V128/><F128/><W90/><G90/><T37/><D37/><U100/><E91/><N who="2" m="51663" /><F47/><W22/><G22/><AGARI ba="0,0" hai="15,19,22,48,54,56,57,58,95,99,102" m="51663" machi="22" ten="30,1000,0" yaku="8,1" doraHai="75" who="2" fromWho="3" sc="318,0,210,0,262,10,210,-10" /><INIT seed="2,0,0,0,1,76" ten="318,210,272,200" oya="2" hai0="78,1,50,44,115,99,82,12,112,79,59,132,41" hai1="81,52,61,84,74,103,8,122,118,101,94,73,72" hai2="65,66,51,21,120,114,7,133,105,53,88,109,49" hai3="35,6,95,87,56,126,123,77,62,127,11,67,83"/><V46/><F114/><W121/><G35/><T124/><D124/><U58/><E118/><V3/><F120/><W22/><G22/><T106/><D1/><U40/><E122/><V107/><F133/><W64/><G64/><T110/><D132/><U10/><E40/><V47/><F3/><W129/><G95/><T90/><D110/><U30/><E30/><V31/><F7/><W20/><G129/><T28/><D79/><U17/><E94/><V113/><F113/><W63/><G20/><T108/><D108/><U34/><E34/><V119/><F119/><W9/><G123/><T38/><D28/><U18/><E10/><V96/><F105/><W125/><G121/><T43/><D12/><U36/><E36/><V14/><F107/><W16/><G63/><T70/><D70/><U2/><E2/><V54/><F109/><W68/><G68/><T48/><D38/><U57/><E57/><V19/><F31/><W39/><G39/><T98/><D90/><U93/><E93/><AGARI ba="0,0" hai="14,19,21,46,47,49,51,53,54,65,66,88,93,96" machi="93" ten="40,7700,0" yaku="9,1,8,1,54,1" doraHai="76" who="2" fromWho="1" sc="318,0,210,-77,272,77,200,0" /><INIT seed="2,1,0,4,3,102" ten="318,133,349,200" oya="2" hai0="128,62,92,49,67,117,120,42,22,7,69,53,28" hai1="78,116,88,91,18,35,123,54,43,86,95,30,64" hai2="81,12,21,52,8,11,39,115,25,60,68,77,118" hai3="84,2,13,47,119,58,3,33,34,108,87,59,122"/><V65/><F115/><W1/><G119/><T48/><D120/><U94/><E116/><V99/><F39/><W105/><G105/><T32/><D117/><U24/><E123/><V23/><F118/><W45/><G122/><T83/><D32/><U133/><E133/><V124/><F124/><W109/><G13/><T56/><D128/><U72/><E43/><V26/><F99/><W97/><REACH who="3" step="1"/><G3/><REACH who="3" ten="318,133,349,190" step="2"/><T103/><D7/><U4/><E4/><V31/><F12/><W129/><G129/><T41/><D83/><U70/><E72/><V50/><F81/><W55/><G55/><T5/><D5/><U40/><E40/><V46/><REACH who="2" step="1"/><F77/><REACH who="2" ten="318,133,339,190" step="2"/><W73/><G73/><T61/><D42/><U107/><E78/><V36/><F36/><W113/><G113/><T51/><D41/><U71/><E107/><V57/><F57/><W90/><G90/><T85/><D56/><U104/><E104/><V74/><F74/><W125/><G125/><T93/><D69/><U19/><E71/><V135/><F135/><W66/><G66/><T63/><D67/><U114/><E114/><V27/><F27/><W89/><G89/><T134/><D134/><U100/><E100/><V20/><F20/><W96/><AGARI ba="1,2" hai="1,2,33,34,45,47,58,59,84,87,96,97,108,109" machi="96" ten="25,6400,0" yaku="1,1,0,1,22,2,53,0" doraHai="102" doraHaiUra="79" who="3" fromWho="3" sc="318,-17,133,-17,339,-33,190,87" /><INIT seed="3,0,0,4,0,118" ten="301,116,306,277" oya="3" hai0="63,62,106,18,85,117,39,41,16,4,26,107,86" hai1="40,56,24,7,46,78,66,54,3,92,75,97,12" hai2="96,2,31,122,95,29,64,71,121,9,50,35,8" hai3="61,25,132,59,129,17,37,79,11,67,36,91,111"/><W45/><G129/><T74/><D117/><U99/><E3/><V110/><F110/><W103/><G132/><T19/><D74/><U23/><E66/><V102/><F50/><W72/><G111/><T6/><D26/><U53/><E75/><V135/><F135/><W98/><G91/><T124/><D124/><U133/><E78/><V68/><F64/><W116/><G116/><T73/><D73/><U60/><E133/><V104/><F95/><W28/><G45/><T55/><D55/><U114/><E114/><V80/><F80/><W1/><G72/><T112/><D41/><U123/><E54/><V108/><F108/><W87/><G87/><N who="0" m="33291" /><D39/><U81/><E81/><V83/><F83/><W15/><G79/><T52/><D52/><U49/><E92/><V126/><F126/><W113/><G1/><T34/><D34/><U131/><E131/><V84/><F84/><W109/><G109/><T10/><D10/><N who="2" m="4202" /><F2/><W119/><G113/><T38/><D38/><U69/><E69/><N who="2" m="26699" /><F35/><W76/><G76/><T21/><D21/><U127/><E127/><V13/><F13/><W32/><REACH who="3" step="1"/><G119/><REACH who="3" ten="301,116,306,267" step="2"/><T58/><D112/><U125/><E125/><V101/><F102/><W134/><G134/><T120/><D120/><AGARI ba="0,1" hai="29,31,96,101,104,120,121,122" m="26699,4202" machi="120" ten="30,7700,0" yaku="13,1,52,3" doraHai="118" who="2" fromWho="0" sc="301,-77,116,0,306,87,267,0" owari="224,-17.6,116,-38.4,393,49.3,267,6.7" /></mjloggm>