<mjloggm ver="2.3"><GO type="225" lobby="0"/><UN n0="%E3%83%96%E3%83%83%E3%83%91%E3%82%AA%E3%83%96%E3%83%81%E3%82%AD%E3%83%B3" n1="%E7%B4%94%E6%BD%94%E3%83%94%E3%83%A9%E3%83%8B%E3%82%A2" n2="%E6%9C%88%E5%B3%B6%E5%9F%BA" n3="%E6%97%A5%E6%9B%9C%E6%97%A5%E3%82%88%E3%82%8A%E3%81%AE%E4%BD%BF%E8%80%85" dan="16,17,17,17" rate="2233.02,2227.99,2216.19,2215.67" sx="M,M,M,M"/><TAIKYOKU oya="0"/><INIT seed="0,0,0,0,1,132" ten="250,250,250,250" oya="0" hai0="47,66,29,83,112,96,135,93,40,28,86,50,110" hai1="105,70,23,64,35,7,53,52,13,125,72,118,82" hai2="90,108,104,127,49,99,30,9,106,73,102,26,59" hai3="123,91,20,45,17,58,119,5,14,88,55,19,25"/><T103/><D135/><U15/><E35/><V22/><F73/><W62/><G119/><T80/><D112/><U8/><E105/><V56/><F108/><W60/><G123/><T114/><D114/><U31/><E118/><V75/><F75/><W117/><G117/><T44/><D110/><U94/><E94/><V131/><F131/><W101/><G5/><T61/><D47/><U63/><E125/><V33/><F104/><W74/><G74/><T37/><D37/><U107/><E107/><V113/><F113/><W120/><G120/><T10/><D10/><U130/><E130/><V69/><F69/><W84/><G101/><T27/><D86/><U48/><E31/><V41/><F127/><W54/><G84/><T76/><D76/><U129/><E129/><V42/><F33/><W39/><G39/><T16/><D16/><U11/><E23/><V134/><F134/><W43/><G43/><N who="2" m="16393" /><F106/><W128/><G128/><T1/><D1/><U109/><E109/><V116/><F116/><W133/><G133/><T2/><D2/><U36/><E36/><V12/><F102/><W79/><G79/><T67/><D67/><U3/><E3/><V21/><F21/><N who="3" m="11447" /><G45/><T32/><REACH who="0" step="1"/><D29/><REACH who="0" ten="240,250,250,250" step="2"/><U77/><E8/><V100/><F9/><W89/><G55/><T24/><D24/><U51/><E15/><V46/><F12/><W0/><G0/><T18/><D18/><U111/><E111/><V121/><F121/><W68/><G19/><T97/><D97/><U115/><E115/><V6/><F30/><W4/><G25/><T71/><AGARI ba="0,1" hai="27,28,32,40,44,50,61,66,71,80,83,93,96,103" machi="71" ten="20,12000,1" yaku="1,1,0,1,7,1,53,2" doraHai="132" doraHaiUra="78" who="0" fromWho="0" sc="240,130,250,-40,250,-40,250,-40" /><INIT seed="0,1,0,3,5,19" ten="370,210,210,210" oya="0" hai0="8,116,62,113,16,109,121,28,90,38,21,120,24" hai1="18,108,115,131,134,3,69,107,50,96,51,81,127" hai2="89,49,82,25,1,41,43,26,106,45,59,112,65" hai3="73,117,133,128,2,40,87,135,129,123,119,79,5"/><T17/><D38/><U27/><E108/><V76/><F112/><W29/><G40/><T84/><D113/><U95/><E107/><V104/><F1/><W34/><G73/><T47/><D116/><N who="3" m="44617" /><G79/><T48/><D109/><U54/><E3/><V4/><F43/><W55/><G87/><T92/><D62/><U63/><E115/><V125/><F125/><W61/><G55/><T6/><D17/><U83/><E127/><V10/><F89/><W111/><G61/><T103/><D28/><U23/><E131/><N who="3" m="50250" /><G111/><T36/><D103/><U100/><E134/><N who="3" m="51210" /><G123/><T64/><D36/><U14/><E69/><V7/><F104/><W70/><G70/><T13/><D64/><U118/><E118/><V99/><F106/><W9/><G29/><T88/><D90/><U57/><E51/><V85/><F99/><W86/><G86/><T75/><D75/><U93/><E93/><V102/><F102/><W80/><G80/><T32/><D32/><AGARI ba="1,0" hai="2,5,9,32,34" m="51210,50250,44617" machi="32" ten="40,8000,1" yaku="19,1,20,1,23,1,34,2" doraHai="19" who="3" fromWho="0" sc="370,-83,210,0,210,0,210,83" /><INIT seed="1,0,0,2,5,40" ten="287,210,210,293" oya="1" hai0="38,100,54,112,33,56,30,24,17,114,118,67,126" hai1="23,64,124,28,88,63,96,103,128,51,133,132,71" hai2="134,5,135,80,102,106,48,83,125,9,44,90,113" hai3="21,43,49,131,122,94,32,116,19,1,75,101,123"/><U45/><E124/><V46/><F125/><W95/><G32/><T12/><D118/><U53/><E128/><V84/><F113/><W0/><G75/><T77/><D126/><U31/><E23/><V109/><F109/><W129/><G116/><T8/><D38/><U73/><E73/><V35/><F35/><W66/><G66/><T22/><D67/><U78/><E78/><V50/><F83/><W15/><G43/><T3/><D100/><U87/><E132/><N who="2" m="50731" /><F106/><W89/><G101/><T70/><D70/><U119/><E119/><V62/><F62/><W10/><G49/><N who="2" m="19049" /><F102/><W99/><G95/><T16/><D77/><U61/><E61/><V86/><F86/><W55/><G55/><T41/><D41/><U121/><E121/><V20/><F20/><W14/><G123/><T26/><REACH who="0" step="1"/><D3/><AGARI ba="0,0" hai="3,5,9,44,46,80,84,90" m="19049,50731" machi="3" ten="30,3900,0" yaku="20,1,52,2" doraHai="40" who="2" fromWho="0" sc="287,-39,210,0,210,39,293,0" /><INIT seed="2,0,0,2,1,94" ten="248,210,249,293" oya="2" hai0="93,68,89,77,9,36,119,74,8,0,53,23,85" hai1="132,15,100,107,84,10,83,111,67,128,70,18,71" hai2="95,38,114,57,91,109,41,51,102,106,75,11,58" hai3="5,108,88,42,113,125,112,123,34,54,24,61,48"/><V27/><F114/><N who="3" m="44139" /><G108/><T26/><D119/><U126/><E111/><V104/><F75/><W14/><G125/><T16/><D0/><U62/><E126/><V110/><F38/><W46/><G123/><T40/><D68/><U80/><E128/><V131/><F131/><W31/><G5/><T22/><D53/><U99/><E132/><V45/><F109/><W79/><G79/><T124/><D124/><U96/><E70/><V98/><F110/><W55/><G14/><T20/><D36/><U90/><REACH who="1" step="1"/><E96/><REACH who="1" ten="248,200,249,293" step="2"/><V19/><F104/><W73/><G73/><T30/><D74/><U44/><E44/><V12/><F27/><W28/><G46/><T115/><D26/><U65/><E65/><V87/><AGARI ba="0,1" hai="11,12,19,41,45,51,57,58,87,91,95,98,102,106" machi="87" ten="20,3900,0" yaku="0,1,7,1,52,1" doraHai="94" who="2" fromWho="2" sc="248,-13,200,-13,249,49,293,-13" /><INIT seed="2,1,0,3,4,98" ten="235,187,298,280" oya="2" hai0="40,23,49,9,112,18,120,54,90,100,76,104,64" hai1="84,92,95,16,82,8,87,68,15,20,58,117,89" hai2="42,12,34,50,0,65,78,66,37,105,115,35,56" hai3="19,123,97,21,31,33,69,61,43,101,102,125,45"/><V13/><F0/><W75/><G75/><T130/><D120/><U28/><E117/><V46/><F115/><W38/><G123/><T132/><D112/><U131/><E131/><V39/><F105/><W83/><G125/><T106/><D130/><U93/><E68/><V85/><F56/><W41/><G41/><T14/><D132/><U86/><E28/><V124/><F124/><W57/><G69/><T26/><D76/><U111/><E111/><V44/><F78/><W71/><G71/><T99/><D64/><U77/><E86/><V2/><F85/><W110/><G110/><T74/><D74/><U96/><E96/><V32/><F2/><W116/><G116/><T24/><D106/><U59/><REACH who="1" step="1"/><E8/><REACH who="1" ten="235,177,298,280" step="2"/><V109/><F109/><W55/><G31/><T70/><D70/><U60/><E60/><V1/><F35/><W22/><G33/><T7/><D40/><U3/><E3/><V29/><F29/><W36/><G97/><T81/><D99/><U11/><E11/><V113/><F1/><W10/><G10/><T121/><D121/><U122/><E122/><V47/><F113/><W118/><G118/><T27/><D9/><U119/><E119/><V135/><F34/><W4/><G43/><T6/><D27/><U67/><E67/><V126/><F126/><W88/><G61/><T129/><D26/><U114/><E114/><V62/><F32/><W134/><G21/><T48/><D23/><U25/><E25/><V52/><F62/><W128/><G22/><T94/><D24/><U79/><E79/><V72/><F42/><W127/><G128/><RYUUKYOKU ba="1,1" sc="235,-10,177,30,298,-10,280,-10" hai1="15,16,20,58,59,77,82,84,87,89,92,93,95" /><INIT seed="3,2,1,5,4,25" ten="225,207,288,270" oya="3" hai0="50,132,70,33,40,91,126,101,26,123,7,55,11" hai1="109,39,58,93,2,42,36,72,104,18,23,1,14" hai2="49,8,6,108,112,87,76,129,69,10,120,61,0" hai3="83,48,105,118,45,64,21,121,107,66,77,106,47"/><W99/><G118/><T28/><D123/><U81/><E104/><V43/><F112/><W22/><G121/><T119/><D132/><U80/><E109/><V116/><F116/><W103/><G66/><T133/><D133/><U59/><E93/><V15/><F120/><W60/><G21/><T85/><D119/><U68/><E68/><V94/><F108/><W125/><G22/><T37/><D126/><U62/><E59/><V16/><F129/><W89/><G89/><T74/><D70/><U75/><E75/><V135/><F135/><W79/><G125/><T35/><D74/><U122/><E122/><V65/><F94/><W9/><G9/><T78/><D101/><U71/><E71/><V124/><F124/><W96/><G96/><T24/><D78/><U86/><E72/><V97/><F97/><W84/><G79/><T113/><D113/><U13/><E13/><V31/><F76/><W117/><G117/><T20/><D40/><U38/><E42/><V44/><F87/><W114/><G114/><T98/><D98/><U30/><E30/><V29/><AGARI ba="2,1" hai="0,6,8,10,15,16,29,31,43,44,49,61,65,69" machi="29" ten="30,7900,0" yaku="0,1,52,2,54,1" doraHai="25" who="2" fromWho="2" sc="225,-22,207,-22,288,95,270,-41" owari="203,-19.7,185,-31.5,383,48.3,229,2.9" /></mjloggm>