<mjloggm ver="2.3"><GO type="225" lobby="0"/><UN n0="%72%69%6F%75%63%68%61%6E" n1="%E3%82%A2%E3%82%A4%E3%82%B9%E3%83%86%E3%82%A3%E3%83%BC%E3%81%82%E3%81%B9" n2="%E9%BB%99%E8%81%B4%E3%81%AE%E3%81%99%E3%82%9D%E3%82%81" n3="%E5%91%A8%E6%9D%B1" dan="16,16,16,17" rate="2116.39,2069.15,2146.74,2221.33" sx="M,M,M,M"/><TAIKYOKU oya="0"/><INIT seed="0,0,0,0,5,25" ten="250,250,250,250" oya="0" hai0="33,10,72,68,128,63,17,45,52,4,22,6,69" hai1="105,92,38,46,117,126,131,9,132,23,100,71,113" hai2="35,87,123,130,11,77,14,121,119,97,135,91,40" hai3="61,70,134,55,65,28,42,75,53,111,3,20,54"/><T80/><D128/><U120/><RYUUKYOKU type="yao9" ba="0,0" sc="250,0,250,0,250,0,250,0" hai1="9,23,38,46,71,92,100,105,113,117,120,126,131,132" /><INIT seed="0,1,0,5,1,55" ten="250,250,250,250" oya="0" hai0="57,98,47,49,120,77,27,72,80,24,38,89,121" hai1="52,36,106,40,67,99,117,30,68,21,118,113,50" hai2="48,90,32,58,20,101,2,63,73,35,87,19,97" hai3="28,43,126,114,70,71,91,110,46,51,61,83,22"/><T5/><D5/><U6/><E6/><V16/><F73/><W125/><G114/><T15/><D15/><U14/><E113/><V107/><F2/><W92/><G110/><T66/><D38/><U3/><E3/><V42/><F42/><W104/><G104/><T8/><D8/><U123/><E123/><V132/><F132/><W39/><G83/><T23/><D24/><U76/><E76/><V93/><F19/><W33/><G33/><T4/><D4/><U12/><E12/><V135/><F135/><W45/><G22/><T109/><D109/><U25/><E14/><V17/><F17/><W81/><G81/><T122/><D98/><U29/><E30/><V100/><F100/><W128/><G28/><T26/><D89/><U62/><E99/><V129/><F129/><W111/><G128/><T108/><D108/><U60/><E60/><V13/><REACH who="2" step="1"/><F48/><REACH who="2" ten="250,250,240,250" step="2"/><W7/><G111/><T103/><D103/><U119/><E106/><V31/><F31/><W112/><G112/><T94/><D23/><U86/><E36/><V9/><F9/><W127/><G7/><T84/><D72/><U131/><E40/><V116/><F116/><W37/><G37/><T65/><D122/><U0/><E0/><V75/><F75/><W134/><G134/><T82/><D121/><U133/><E131/><V41/><F41/><N who="3" m="22719" /><G61/><T78/><D120/><U53/><E133/><V59/><F59/><W74/><G74/><N who="0" m="43063" /><D57/><U64/><E50/><V79/><F79/><W10/><G10/><T1/><D78/><U11/><E11/><V44/><F44/><W124/><G124/><RYUUKYOKU ba="1,1" sc="250,-15,250,-15,240,15,250,15" hai2="13,16,20,32,35,58,63,87,90,93,97,101,107" hai3="43,46,51,70,71,91,92,125,126,127" /><INIT seed="1,2,1,5,2,100" ten="235,235,255,265" oya="1" hai0="91,117,85,38,28,129,46,44,24,90,15,23,135" hai1="79,88,131,107,18,34,6,1,63,35,50,39,101" hai2="68,12,96,80,17,114,128,133,74,105,81,31,134" hai3="64,126,42,106,16,118,53,99,60,21,47,58,97"/><U8/><E39/><V82/><F68/><W125/><G118/><T76/><D129/><U121/><E121/><V108/><F31/><W109/><G109/><T84/><D135/><N who="2" m="51722" /><F114/><W2/><G2/><T130/><D130/><U57/><E131/><V52/><F128/><W71/><G106/><T73/><D117/><U30/><E79/><N who="2" m="44151" /><F108/><W54/><G54/><T119/><D119/><U94/><E30/><V89/><F52/><W92/><G92/><N who="0" m="54343" /><D38/><U66/><E50/><V48/><F48/><W122/><G122/><T127/><D127/><N who="3" m="48649" /><G47/><T132/><D73/><U33/><E18/><V41/><F41/><W37/><G42/><T62/><D132/><U14/><E101/><N who="2" m="62631" /><F89/><W55/><G53/><T7/><D76/><U93/><E107/><V65/><F65/><W5/><G37/><T13/><D62/><U102/><E102/><V95/><F95/><W87/><G64/><T29/><D28/><U115/><E115/><V9/><AGARI ba="2,1" hai="9,12,17,81,82" m="62631,44151,51722" machi="9" ten="30,2000,0" yaku="20,1,52,1" doraHai="100" who="2" fromWho="2" sc="235,-7,235,-12,255,36,265,-7" /><INIT seed="2,0,0,0,4,30" ten="228,223,291,258" oya="2" hai0="108,113,57,52,74,72,115,73,110,14,15,119,53" hai1="114,4,36,54,107,116,41,9,59,71,76,88,12" hai2="44,84,130,111,25,6,62,60,81,51,1,32,91" hai3="132,24,105,82,0,10,68,87,64,101,40,92,28"/><V7/><F130/><W50/><G132/><T96/><D96/><U93/><E114/><N who="0" m="43529" /><D119/><U42/><E116/><V48/><F111/><N who="0" m="42538" /><D57/><U65/><E107/><V66/><F51/><W79/><G105/><T85/><D85/><N who="1" m="52367" /><E71/><V100/><F100/><W128/><G128/><T117/><D117/><U3/><E3/><V80/><F80/><W35/><G101/><T21/><D21/><U26/><E36/><V126/><F126/><W38/><G38/><T131/><D131/><U86/><E26/><V125/><F125/><W89/><G68/><T90/><D90/><U69/><E65/><V61/><F1/><W135/><G64/><T121/><D121/><U47/><E47/><V70/><F70/><W120/><G120/><T97/><D97/><U22/><E22/><V55/><REACH who="2" step="1"/><F66/><REACH who="2" ten="228,223,281,258" step="2"/><W43/><G0/><T8/><D14/><U78/><E69/><V17/><F17/><AGARI ba="0,1" hai="8,15,17,52,53,72,73,74" m="42538,43529" machi="17" ten="40,2600,0" yaku="14,1,54,1" doraHai="30" who="0" fromWho="2" sc="228,36,223,0,281,-26,258,0" /><INIT seed="3,0,0,0,2,72" ten="264,223,255,258" oya="3" hai0="129,19,22,1,116,80,101,62,112,23,74,93,124" hai1="85,50,81,102,123,10,49,38,57,83,0,121,37" hai2="18,47,20,119,78,32,46,94,59,33,58,3,25" hai3="108,52,67,107,76,44,53,77,75,39,16,71,105"/><W135/><G135/><T45/><D116/><U118/><E102/><V125/><F119/><W86/><G75/><T4/><D124/><U24/><E118/><V48/><F3/><W84/><G67/><T134/><D134/><U106/><E106/><V15/><F125/><W35/><G35/><T99/><D129/><U91/><E24/><V11/><F33/><W66/><G66/><T92/><D112/><U12/><E0/><V111/><F32/><W27/><G71/><T90/><D62/><U55/><E50/><V42/><F111/><W28/><G28/><T29/><D29/><U6/><REACH who="1" step="1"/><E83/><REACH who="1" ten="264,213,255,258" step="2"/><V14/><F14/><W26/><G108/><T120/><D1/><U117/><E117/><V97/><F47/><W88/><G44/><T130/><D45/><U7/><E7/><N who="2" m="3583" /><F78/><W122/><G39/><AGARI ba="0,1" hai="6,10,12,37,38,39,49,55,57,81,85,91,121,123" machi="39" ten="40,2600,0" yaku="1,1,53,1" doraHai="72" doraHaiUra="5" who="1" fromWho="3" sc="264,0,213,36,255,0,258,-26" /><INIT seed="4,0,0,3,2,21" ten="264,249,255,232" oya="0" hai0="59,106,71,10,131,60,16,90,4,5,11,56,44" hai1="3,23,6,134,101,127,81,54,57,87,78,39,116" hai2="77,93,7,18,70,17,8,103,41,48,130,49,33" hai3="30,121,97,64,52,120,75,38,63,61,110,55,109"/><T51/><D131/><U133/><E116/><V84/><F70/><W96/><G30/><T34/><D34/><U86/><E39/><V94/><F130/><W42/><G75/><T132/><D132/><N who="1" m="50795" /><E101/><V37/><F37/><W115/><G115/><T73/><D73/><N who="1" m="43215" /><E127/><V0/><F33/><W79/><G79/><T83/><D106/><U14/><E3/><V135/><F135/><W43/><G38/><T20/><D71/><U114/><E114/><V104/><F104/><W123/><G121/><T40/><D10/><N who="1" m="4439" /><E23/><V62/><F62/><AGARI ba="0,0" hai="54,57,62,86,87" m="4439,43215,50795" machi="62" ten="30,1000,0" yaku="20,1" doraHai="21" who="1" fromWho="2" sc="264,0,249,10,255,-10,232,0" /><INIT seed="5,0,0,0,2,32" ten="264,259,245,232" oya="1" hai0="135,15,133,43,40,31,122,88,78,110,59,62,14" hai1="113,30,61,47,25,80,86,101,9,29,105,60,79" hai2="27,126,8,107,115,102,50,128,97,83,94,104,119" hai3="17,76,19,3,49,48,130,53,91,16,95,38,87"/><U70/><E113/><V106/><F119/><W81/><G38/><T127/><D127/><U51/><E105/><V4/><F128/><W82/><G130/><T72/><D110/><U108/><E101/><V46/><F126/><W74/><G3/><T54/><D122/><U85/><E108/><V112/><F27/><W10/><G10/><T58/><D31/><U120/><E120/><V131/><F83/><W73/><REACH who="3" step="1"/><G53/><REACH who="3" ten="264,259,245,222" step="2"/><T41/><D54/><N who="1" m="30079" /><E70/><V57/><F131/><W13/><G13/><T116/><D14/><U77/><E9/><V7/><F57/><W84/><G84/><T0/><D15/><U6/><E6/><V121/><F121/><W42/><G42/><T96/><D58/><U129/><E129/><V34/><F34/><W37/><G37/><T2/><D116/><U132/><E132/><N who="0" m="50761" /><D59/><U89/><E77/><AGARI ba="0,1" hai="16,17,19,48,49,73,74,76,77,81,82,87,91,95" machi="77" ten="40,5200,0" yaku="1,1,9,1,54,1,53,0" doraHai="32" doraHaiUra="98" who="3" fromWho="1" sc="264,0,259,-52,245,0,222,62" /><INIT seed="6,0,0,2,2,128" ten="264,207,245,284" oya="2" hai0="94,18,102,11,64,47,75,84,83,116,95,86,14" hai1="68,96,63,125,67,105,88,43,72,124,92,120,81" hai2="19,133,90,93,13,76,98,30,28,59,22,58,27" hai3="114,117,131,26,6,97,70,39,62,9,135,48,89"/><V129/><F129/><W73/><G39/><T16/><D116/><U20/><E120/><V21/><F133/><W56/><G73/><T60/><D47/><U1/><E1/><V40/><F40/><W130/><G117/><T104/><D104/><U23/><E43/><V103/><F76/><W5/><G70/><T66/><D75/><U74/><E74/><V53/><F30/><W2/><G5/><T101/><D60/><U132/><E132/><V122/><F122/><W52/><G135/><T80/><D14/><U106/><E72/><V82/><REACH who="2" step="1"/><F53/><REACH who="2" ten="264,207,235,284" step="2"/><W113/><G131/><T61/><D61/><U15/><E125/><V17/><F17/><W134/><G134/><T78/><D11/><U36/><E124/><V121/><F121/><W126/><G126/><T44/><D44/><U85/><E36/><V112/><F112/><W35/><G130/><T42/><D42/><U79/><REACH who="1" step="1"/><E20/><REACH who="1" ten="264,197,235,284" step="2"/><V4/><F4/><W55/><G6/><T91/><D78/><U87/><E87/><AGARI ba="0,2" hai="13,19,21,22,27,28,58,59,82,87,90,93,98,103" machi="87" ten="40,3900,0" yaku="1,1,8,1,53,0" doraHai="128" doraHaiUra="119" who="2" fromWho="1" sc="264,0,197,-39,235,59,284,0" /><INIT seed="6,1,0,0,0,53" ten="264,158,294,284" oya="2" hai0="45,124,3,62,91,89,118,101,84,70,126,54,81" hai1="99,72,32,100,24,30,69,63,4,74,135,31,59" hai2="106,22,104,105,96,11,61,76,133,48,20,87,88" hai3="98,16,25,82,129,71,51,78,115,55,42,27,34"/><V85/><F133/><W127/><G71/><T46/><D3/><U75/><E135/><V9/><F61/><W120/><G120/><T83/><D118/><U86/><E30/><V43/><F76/><W114/><G129/><T130/><D130/><U80/><E4/><V50/><F96/><W103/><G42/><T0/><D0/><U10/><E10/><N who="2" m="3595" /><F88/><N who="0" m="33866" /><D101/><U58/><E86/><N who="2" m="32779" /><F43/><W73/><G34/><T94/><D94/><U67/><REACH who="1" step="1"/><E80/><REACH who="1" ten="264,148,294,284" step="2"/><N who="0" m="30793" /><D84/><U12/><E12/><V18/><F18/><W66/><G16/><T28/><D28/><U134/><E134/><V35/><F35/><W102/><G82/><T116/><D116/><U111/><E111/><V110/><F110/><W60/><G73/><T41/><D41/><U47/><E47/><V7/><F7/><W92/><G78/><T56/><D70/><U95/><AGARI ba="1,1" hai="24,31,32,58,59,63,67,69,72,74,75,95,99,100" machi="95" ten="30,8000,1" yaku="1,1,0,1,52,2,53,1" doraHai="53" doraHaiUra="23" who="1" fromWho="1" sc="264,-21,148,93,294,-41,284,-21" /><INIT seed="7,0,0,3,0,65" ten="243,241,253,263" oya="3" hai0="129,130,49,127,73,16,18,8,23,44,4,133,105" hai1="101,22,67,66,25,132,61,59,1,26,81,27,70" hai2="7,56,12,109,13,38,41,21,92,97,99,62,31" hai3="110,124,28,3,17,135,89,58,107,100,9,37,43"/><W39/><G110/><T57/><D127/><U79/><E1/><V111/><F38/><W80/><G124/><T104/><D133/><U114/><E132/><V123/><F123/><W76/><G28/><T11/><D73/><U78/><E114/><V63/><F41/><W93/><G43/><N who="0" m="24735" /><D57/><U55/><E101/><N who="2" m="60583" /><F63/><W118/><G58/><T112/><D112/><U51/><E67/><N who="2" m="39367" /><F99/><N who="3" m="61855" /><G118/><T96/><D96/><U77/><REACH who="1" step="1"/><E81/><REACH who="1" ten="243,231,253,263" step="2"/><V85/><F111/><W50/><G80/><T20/><D105/><U52/><E52/><V121/><F109/><W64/><G64/><T84/><D104/><U108/><E108/><V87/><F121/><W103/><G103/><T75/><D75/><U19/><AGARI ba="0,1" hai="19,22,25,26,27,51,55,59,61,66,70,77,78,79" machi="19" ten="30,7900,0" yaku="1,1,0,1,52,1,53,1" doraHai="65" doraHaiUra="48" who="1" fromWho="1" sc="243,-20,231,89,253,-20,263,-39" owari="223,-27.7,320,42.0,233,3.3,224,-17.6" /></mjloggm>