<mjloggm ver="2.3"><GO type="225" lobby="0"/><UN n0="%E6%81%A5%E6%99%92%E3%81%97" n1="%E9%A6%AC%E5%BC%95%E7%81%AB%33" n2="%E4%BF%8A%E6%96%87%E9%BE%8D" n3="%E3%83%96%E3%83%83%E3%83%91%E3%82%AA%E3%83%96%E3%83%81%E3%82%AD%E3%83%B3" dan="16,16,16,16" rate="2118.64,2142.62,2111.34,2191.02" sx="M,M,M,M"/><TAIKYOKU oya="0"/><INIT seed="0,0,0,1,1,117" ten="250,250,250,250" oya="0" hai0="7,57,76,122,44,65,112,55,80,5,66,61,107" hai1="50,71,1,81,74,20,46,130,105,79,8,120,16" hai2="52,13,83,60,36,15,113,92,24,101,77,135,11" hai3="121,29,110,31,124,108,104,118,69,97,91,54,26"/><T3/><D112/><U87/><E105/><V109/><F36/><W131/><G118/><T90/><D122/><U45/><E71/><V134/><F113/><W51/><G69/><T19/><D107/><U93/><E130/><V6/><F109/><N who="3" m="42091" /><G131/><T12/><D3/><U9/><E120/><V94/><F24/><W67/><G67/><N who="0" m="25611" /><D76/><U4/><E8/><V125/><F125/><W68/><G68/><T103/><D103/><U23/><E23/><V2/><F15/><W100/><G124/><T17/><D44/><U128/><E128/><V106/><F106/><W116/><G116/><T72/><D72/><U88/><REACH who="1" step="1"/><E50/><REACH who="1" ten="250,240,250,250" step="2"/><V127/><F127/><W129/><G121/><T18/><D12/><AGARI ba="0,1" hai="1,4,9,12,16,20,45,46,74,79,81,87,88,93" machi="12" ten="30,8000,1" yaku="1,1,2,1,7,1,54,2,53,0" doraHai="117" doraHaiUra="132" who="1" fromWho="0" sc="250,-80,240,90,250,0,250,0" /><INIT seed="1,0,0,3,0,37" ten="170,330,250,250" oya="1" hai0="55,8,21,12,77,44,59,133,110,40,106,19,50" hai1="112,2,74,98,81,94,91,103,107,101,47,63,72" hai2="0,121,38,64,13,128,53,32,118,6,30,108,124" hai3="76,51,45,68,113,20,4,127,125,88,97,89,34"/><U123/><E2/><V31/><F38/><W129/><G113/><T33/><D33/><U22/><E112/><V9/><F64/><W65/><G34/><T25/><D110/><U57/><E123/><V130/><F53/><W126/><G129/><N who="2" m="49769" /><F121/><W105/><G76/><T80/><D133/><U109/><E47/><V10/><F118/><W90/><G4/><T67/><D106/><U17/><E109/><V1/><F108/><W119/><G119/><T70/><D70/><U114/><E114/><V71/><F71/><W69/><G65/><T24/><D67/><U48/><E48/><V117/><F117/><W27/><G97/><T93/><D93/><U66/><E81/><V39/><F39/><W41/><REACH who="3" step="1"/><G105/><REACH who="3" ten="170,330,250,240" step="2"/><T92/><D92/><U14/><E103/><V16/><F124/><W79/><G79/><T120/><D120/><U111/><E111/><V122/><F122/><W58/><G58/><T84/><REACH who="0" step="1"/><D21/><REACH who="0" ten="160,330,250,240" step="2"/><U56/><E56/><V42/><F32/><W73/><G73/><T49/><AGARI ba="0,2" hai="8,12,19,24,25,40,44,49,50,55,59,77,80,84" machi="49" ten="20,12000,2" yaku="1,1,2,1,0,1,7,1,8,1,52,1,53,0" doraHai="37" doraHaiUra="100" who="0" fromWho="0" sc="160,140,330,-60,250,-30,240,-30" /><INIT seed="2,0,0,4,2,91" ten="300,270,220,210" oya="2" hai0="40,39,5,13,100,62,64,115,85,121,84,134,71" hai1="74,73,81,86,106,104,117,56,12,33,24,108,125" hai2="21,60,111,31,14,133,32,132,118,67,103,1,114" hai3="122,82,26,87,119,88,69,41,51,79,124,102,42"/><V116/><F103/><W109/><G119/><N who="2" m="45609" /><F114/><W3/><G122/><T105/><D121/><U95/><E117/><V15/><F67/><W110/><G3/><T35/><D115/><U36/><E36/><V48/><F48/><W77/><G69/><T25/><D134/><N who="2" m="51818" /><F60/><W37/><G124/><T18/><D5/><U98/><E56/><V49/><F49/><W61/><G37/><T4/><D4/><U0/><E0/><V92/><F92/><W22/><G61/><T16/><D18/><U55/><E55/><V57/><F57/><W47/><G42/><T76/><D40/><U52/><E52/><V50/><F50/><W29/><REACH who="3" step="1"/><G102/><REACH who="3" ten="300,270,220,200" step="2"/><T46/><D39/><U44/><E125/><V28/><F1/><W19/><G19/><T66/><D16/><U27/><E108/><AGARI ba="0,1" hai="22,26,29,41,47,51,77,79,82,87,88,108,109,110" machi="108" ten="40,8000,1" yaku="1,1,14,1,54,1,53,2" doraHai="91" doraHaiUra="75" who="3" fromWho="1" sc="300,0,270,-80,220,0,200,90" /><INIT seed="3,0,0,3,1,83" ten="300,190,220,290" oya="3" hai0="96,39,107,59,14,58,73,68,13,29,84,44,119" hai1="46,70,42,17,52,60,88,81,57,97,80,31,55" hai2="43,91,27,121,15,113,61,18,131,10,104,69,108" hai3="87,3,103,125,7,123,56,111,114,72,134,66,130"/><W98/><G114/><T89/><D119/><U109/><E70/><V28/><F113/><W95/><G123/><T62/><D73/><U26/><E109/><V92/><F121/><W1/><G72/><T128/><D128/><U37/><E17/><V36/><F131/><W115/><G115/><T110/><D110/><U67/><E55/><V20/><F108/><W106/><G111/><T135/><D135/><U112/><E112/><V85/><F104/><W38/><G38/><T94/><D29/><U0/><E67/><V102/><F102/><W34/><G34/><T9/><D107/><U49/><E0/><V129/><F129/><W86/><G130/><T8/><D44/><U101/><E37/><V74/><F74/><W32/><G125/><T75/><D75/><U5/><E5/><V78/><F78/><W76/><G32/><T11/><D39/><U48/><E48/><V21/><F36/><W93/><G134/><T133/><D133/><U105/><REACH who="1" step="1"/><E88/><REACH who="1" ten="300,180,220,290" step="2"/><V2/><F43/><W63/><G1/><T126/><D68/><U82/><E82/><V120/><F2/><W118/><G3/><T33/><D62/><U22/><AGARI ba="0,1" hai="22,26,31,42,46,49,52,57,60,80,81,97,101,105" machi="22" ten="20,5200,0" yaku="1,1,0,1,7,1,54,1,53,0" doraHai="83" doraHaiUra="35" who="1" fromWho="1" sc="300,-13,180,62,220,-13,290,-26" /><INIT seed="4,0,0,0,5,79" ten="287,242,207,264" oya="0" hai0="130,119,81,88,18,86,90,49,120,17,15,52,34" hai1="96,6,112,39,3,50,54,28,102,9,8,16,92" hai2="127,33,128,97,44,59,58,27,77,118,116,117,63" hai3="134,135,61,51,91,75,108,125,70,5,123,107,78"/><T31/><D120/><U76/><E39/><V45/><F33/><W83/><G108/><T105/><D119/><U14/><E112/><V43/><F27/><W4/><G123/><T114/><D105/><U121/><E121/><V60/><F97/><W68/><G107/><T25/><D130/><U56/><E76/><V85/><F128/><W30/><G125/><T22/><D114/><U11/><E28/><V87/><F127/><W111/><G111/><T122/><D122/><U133/><E133/><N who="3" m="50698" /><G30/><T115/><D18/><U62/><E50/><V29/><F29/><W132/><N who="3" m="50706" /><W99/><DORA hai="41" /><G51/><T40/><D40/><U73/><E73/><V55/><F77/><W2/><G61/><T82/><D115/><U74/><E74/><V84/><F43/><W103/><G103/><T35/><D35/><U48/><E62/><V42/><F42/><W26/><G26/><T67/><D67/><AGARI ba="0,0" hai="44,45,55,58,59,60,63,67,84,85,87,116,117,118" machi="67" ten="50,6400,0" yaku="12,1,52,2" doraHai="79,41" who="2" fromWho="0" sc="287,-64,242,0,207,64,264,0" /><INIT seed="5,0,0,4,1,60" ten="223,242,271,264" oya="1" hai0="34,107,17,29,121,13,123,12,50,99,73,45,54" hai1="118,2,78,71,103,90,40,66,0,6,8,127,63" hai2="76,53,101,47,56,24,93,38,36,11,88,46,117" hai3="119,111,27,31,51,84,1,59,28,65,108,135,98"/><U48/><E118/><V25/><F117/><W80/><G1/><T95/><D107/><U32/><E32/><V61/><F101/><W10/><G119/><T9/><D73/><U58/><E127/><V68/><F76/><W82/><G135/><T5/><D29/><U21/><E103/><V133/><F133/><W70/><G10/><T16/><D34/><U114/><E114/><V115/><F115/><W14/><G14/><T39/><D39/><U105/><E105/><V128/><F128/><W126/><G126/><T104/><D104/><U7/><E78/><V20/><F68/><W30/><G70/><T125/><D125/><U131/><E131/><V42/><F11/><W112/><G112/><T92/><D5/><U130/><E130/><V120/><F120/><N who="0" m="46154" /><D99/><U52/><E40/><V87/><F20/><AGARI ba="0,0" hai="9,12,13,16,17,20,45,50,54,92,95" m="46154" machi="20" ten="30,2000,0" yaku="13,1,54,1" doraHai="60" who="0" fromWho="2" sc="223,20,242,0,271,-20,264,0" /><INIT seed="6,0,0,5,2,20" ten="243,242,251,264" oya="2" hai0="40,65,105,93,18,25,79,126,13,9,21,135,63" hai1="45,109,88,82,94,66,42,0,33,128,131,49,122" hai2="81,64,125,23,50,16,111,48,14,26,67,54,117" hai3="114,77,4,56,110,121,34,38,44,72,95,7,99"/><V70/><F117/><W74/><G121/><T119/><D105/><U102/><E109/><V80/><F111/><W24/><G110/><T101/><D119/><U69/><E122/><V46/><F125/><W133/><G133/><T62/><D135/><U58/><E0/><V86/><F70/><W134/><G134/><T51/><D79/><U107/><E69/><V2/><F2/><W113/><G56/><T78/><D78/><U118/><E118/><V89/><F80/><N who="3" m="45095" /><G74/><T32/><D32/><U87/><E107/><V112/><F112/><N who="3" m="43115" /><G44/><N who="0" m="25991" /><D126/><U71/><E71/><V75/><F75/><W68/><G38/><T3/><D3/><U53/><E66/><V11/><F50/><W129/><G129/><N who="1" m="49738" /><E33/><V60/><F60/><W55/><G55/><T96/><D65/><U8/><E8/><V12/><F12/><W115/><N who="3" m="43123" /><W73/><DORA hai="36" /><G73/><T100/><D100/><U90/><E102/><V47/><F47/><W35/><G68/><T52/><D52/><U132/><E132/><V104/><F104/><W124/><G124/><T92/><D92/><U22/><E58/><V6/><AGARI ba="0,0" hai="6,11,14,16,23,26,46,48,54,64,67,81,86,89" machi="6" ten="20,12000,1" yaku="0,1,7,1,8,1,52,1,54,1" doraHai="20,36" who="2" fromWho="2" sc="243,-40,242,-40,251,120,264,-40" owari="203,-19.7,202,-29.8,371,47.1,224,2.4" /></mjloggm>