<mjloggm ver="2.3"><GO type="225" lobby="0"/><UN n0="%E9%A6%AC%E5%BC%95%E7%81%AB%33" n1="%E3%82%A2%E3%83%9E%E3%83%9D%EF%BD%9E%EF%BD%9E%E3%83%A9" n2="%E3%82%A4%E3%83%BC%E3%82%B1%E3%83%97%E3%83%A9" n3="%E7%99%BD%E5%80%89%E5%AF%9B%E4%B9%8B" dan="17,17,17,16" rate="2194.75,2039.94,2219.24,2115.52" sx="M,M,M,M"/><TAIKYOKU oya="0"/><INIT seed="0,0,0,0,4,15" ten="250,250,250,250" oya="0" hai0="59,18,17,57,1,28,27,98,29,52,73,23,47" hai1="135,104,134,82,69,16,34,74,129,107,7,54,32" hai2="91,94,13,92,68,114,127,95,25,123,125,38,117" hai3="85,101,81,41,83,45,109,90,75,20,88,120,70"/><T89/><D73/><U121/><E121/><V72/><F38/><W49/><G70/><T40/><D1/><U10/><E54/><V77/><F68/><W64/><G120/><T2/><D2/><N who="1" m="375" /><E69/><V43/><F43/><W53/><G109/><T36/><D28/><U116/><E116/><V122/><F25/><W126/><G64/><T118/><D118/><U130/><E16/><V119/><F13/><W115/><G115/><T5/><D5/><U35/><E82/><N who="2" m="45351" /><F114/><W63/><G126/><N who="2" m="48137" /><F123/><W31/><G101/><T58/><REACH who="0" step="1"/><D52/><REACH who="0" ten="240,250,250,250" step="2"/><U19/><E74/><V105/><F122/><W108/><G75/><T66/><D66/><U87/><E19/><V100/><F91/><W103/><G108/><T110/><D110/><U22/><E32/><V6/><F6/><W3/><G3/><T65/><D65/><U60/><E35/><V96/><AGARI ba="0,1" hai="92,94,95,96,100,105,117,119" m="48137,45351" machi="96" ten="40,5200,0" yaku="18,1,34,2" doraHai="15" who="2" fromWho="2" sc="240,-26,250,-13,250,62,250,-13" /><INIT seed="1,0,0,5,1,133" ten="214,237,312,237" oya="1" hai0="2,42,33,95,36,107,44,25,58,129,101,26,73" hai1="118,11,24,105,50,14,72,111,3,43,7,19,70" hai2="84,115,61,92,4,29,128,102,83,110,106,63,91" hai3="48,8,45,64,109,41,30,113,77,55,69,80,12"/><U66/><E118/><V67/><F110/><W75/><G109/><T46/><D129/><U116/><E116/><V31/><F128/><W13/><G113/><T126/><D107/><U130/><E130/><V6/><F106/><W124/><G30/><N who="2" m="11273" /><F115/><W97/><G97/><T38/><D33/><U79/><E105/><V47/><F47/><W53/><G13/><T0/><D73/><U27/><E111/><V93/><F93/><W10/><G10/><T103/><D95/><U23/><E66/><V121/><F121/><W16/><REACH who="3" step="1"/><G124/><REACH who="3" ten="214,237,312,227" step="2"/><T15/><D15/><U52/><E70/><V81/><F102/><W49/><G49/><T62/><D62/><AGARI ba="0,1" hai="8,12,16,41,45,48,53,55,62,64,69,75,77,80" machi="62" ten="40,2600,0" yaku="1,1,54,1,53,0" doraHai="133" doraHaiUra="86" who="3" fromWho="0" sc="214,-26,237,0,312,0,227,36" /><INIT seed="2,0,0,0,2,2" ten="188,237,312,263" oya="2" hai0="112,135,95,63,101,42,0,12,29,72,49,52,83" hai1="74,88,121,10,51,28,46,26,104,23,119,89,108" hai2="106,44,91,110,68,127,85,98,79,41,71,105,94" hai3="21,86,65,48,35,17,32,54,103,4,128,30,25"/><V124/><F110/><W24/><G128/><T9/><D112/><U130/><E119/><V39/><F79/><W18/><G65/><T126/><D135/><U20/><E130/><V133/><F133/><W131/><G131/><T3/><D126/><N who="2" m="48170" /><F85/><W116/><G116/><T40/><D29/><U22/><E121/><V67/><F67/><W45/><G103/><T76/><D63/><U61/><E104/><AGARI ba="0,0" hai="39,41,44,68,71,91,94,98,104,105,106" m="48170" machi="104" ten="30,1500,0" yaku="18,1" doraHai="2" who="2" fromWho="1" sc="188,0,237,-15,312,15,263,0" /><INIT seed="2,1,0,4,3,5" ten="188,222,327,263" oya="2" hai0="54,128,29,58,24,90,115,39,114,21,72,68,98" hai1="14,120,8,83,71,50,97,126,43,129,79,74,48" hai2="107,61,37,127,55,25,105,38,113,46,124,0,87" hai3="20,78,117,2,70,27,93,12,94,26,15,110,66"/><V41/><F113/><W76/><G2/><T6/><D128/><U85/><E126/><N who="2" m="48171" /><F0/><W3/><G3/><T91/><D68/><U62/><E129/><V31/><F38/><W63/><G117/><T44/><D72/><U22/><E120/><V118/><F118/><W13/><G110/><T10/><D39/><U16/><E74/><V73/><F73/><W131/><G131/><T42/><D98/><U103/><E43/><V49/><F87/><W123/><G123/><T1/><D115/><U51/><E71/><V122/><F61/><W84/><G27/><T65/><D65/><U33/><E62/><V109/><F109/><W59/><G70/><T18/><D114/><U19/><E33/><N who="2" m="20719" /><F122/><W135/><G135/><T100/><D29/><U32/><E32/><V28/><F28/><N who="3" m="17479" /><G84/><T133/><D133/><U95/><E22/><V119/><F119/><W23/><G23/><T82/><D82/><U36/><E36/><V69/><F69/><W104/><G104/><T88/><D42/><U56/><E19/><V34/><F34/><W30/><G30/><T52/><D44/><AGARI ba="1,0" hai="37,41,44,46,49,55,105,107" m="20719,48171" machi="44" ten="30,1500,0" yaku="18,1" doraHai="5" who="2" fromWho="0" sc="188,-18,222,0,327,18,263,0" /><INIT seed="2,2,0,4,1,16" ten="170,222,345,263" oya="2" hai0="118,72,80,40,3,105,79,56,109,47,66,95,26" hai1="13,85,25,37,75,35,10,125,57,106,135,99,123" hai2="110,24,98,22,6,20,82,19,111,50,29,31,32" hai3="45,63,131,55,96,115,121,54,113,114,44,74,122"/><V134/><F134/><W76/><G96/><T102/><D109/><N who="2" m="41482" /><F32/><W108/><G76/><T43/><D118/><U81/><E75/><V27/><F6/><W1/><G74/><T126/><D126/><U46/><E123/><N who="3" m="47114" /><G1/><T93/><D3/><U64/><E135/><V69/><F69/><W11/><G11/><T68/><D68/><U130/><E130/><V59/><F98/><W7/><G7/><T9/><D9/><U36/><E46/><N who="3" m="18026" /><G108/><T51/><D43/><U21/><E35/><V116/><F116/><W88/><G88/><T62/><D105/><U41/><E41/><V103/><F103/><W65/><G131/><T117/><D117/><U91/><E125/><V78/><F31/><W28/><G28/><T101/><D101/><U49/><E99/><V128/><F128/><W33/><G33/><T39/><D102/><U53/><E106/><V107/><F107/><W18/><G18/><T104/><D39/><U14/><E37/><V119/><F119/><W34/><G34/><T60/><D104/><U83/><E36/><V100/><F100/><W8/><G8/><T67/><REACH who="0" step="1"/><D26/><REACH who="0" ten="160,222,345,263" step="2"/><U70/><E10/><V87/><F59/><AGARI ba="2,1" hai="54,55,59,63,65,113,114,115" m="18026,47114" machi="59" ten="40,5200,0" yaku="11,1,34,2" doraHai="16" who="3" fromWho="2" sc="160,0,222,0,345,-58,263,68" /><INIT seed="3,0,0,5,2,43" ten="160,222,287,331" oya="3" hai0="20,105,11,126,74,23,36,30,124,66,13,133,129" hai1="60,45,135,110,93,71,68,130,96,9,14,131,109" hai2="22,113,134,67,4,102,17,32,86,88,58,119,77" hai3="49,10,81,47,128,5,92,27,100,132,111,28,117"/><W115/><G115/><T91/><D36/><U90/><E60/><V104/><F119/><W57/><G117/><T99/><D74/><U65/><E65/><V38/><F32/><W87/><G132/><T78/><D78/><U29/><E29/><V15/><F113/><W73/><G73/><T6/><D66/><U2/><E2/><V89/><F134/><W120/><G120/><T21/><D133/><U114/><E114/><V35/><F35/><W76/><G128/><N who="1" m="49194" /><E135/><V40/><F104/><W25/><G111/><N who="1" m="42506" /><E45/><V54/><F102/><W39/><G28/><T82/><D129/><U123/><E123/><V61/><F4/><AGARI ba="0,0" hai="4,9,14,68,71,90,93,96" m="42506,49194" machi="4" ten="30,2000,0" yaku="19,1,14,1" doraHai="43" who="1" fromWho="2" sc="160,0,222,20,287,-20,331,0" owari="160,-34.0,242,-15.8,267,6.7,331,43.1" /></mjloggm>