<mjloggm ver="2.3"><GO type="225" lobby="0"/><UN n0="%E8%81%B7%E6%A5%AD%E3%80%81%E9%A2%A8%32" n1="%E6%A1%9C%E8%8A%B1%E9%96%83%E3%80%85" n2="%E6%98%93%E5%88%A9%E8%96%A9%E4%BC%AF" n3="%E3%83%B4%E3%83%A0%EF%BC%99%E3%81%A6" dan="16,16,17,16" rate="2141.25,2135.12,2165.13,2184.82" sx="M,M,F,M"/><TAIKYOKU oya="0"/><INIT seed="0,0,0,2,3,10" ten="250,250,250,250" oya="0" hai0="78,33,132,131,46,67,72,81,29,26,119,68,113" hai1="86,21,3,53,103,135,75,114,64,49,105,50,13" hai2="122,22,92,0,107,117,60,4,101,99,51,85,52" hai3="44,14,48,77,32,130,89,16,129,36,115,63,97"/><T82/><D113/><U102/><E75/><V6/><F122/><W39/><G115/><T47/><D119/><U100/><E114/><V98/><F117/><W42/><G32/><T83/><D131/><N who="3" m="50185" /><G77/><T104/><D132/><U35/><E3/><V27/><F85/><W93/><G63/><T96/><D47/><U19/><E135/><V58/><F51/><W30/><G30/><T23/><D46/><U2/><E2/><V20/><F0/><W56/><G56/><T43/><D43/><U70/><E35/><V59/><F59/><W11/><AGARI ba="0,0" hai="11,14,16,36,39,42,44,48,89,93,97" m="50185" machi="11" ten="30,4000,0" yaku="19,1,52,1,54,1" doraHai="10" who="3" fromWho="3" sc="250,-20,250,-10,250,-10,250,40" /><INIT seed="1,0,0,3,3,91" ten="230,240,240,290" oya="1" hai0="29,65,73,122,28,79,22,0,93,57,3,2,127" hai1="84,81,135,76,53,14,88,82,128,87,98,69,4" hai2="78,132,85,25,63,129,121,97,105,49,42,90,106" hai3="125,68,60,24,75,61,44,102,95,34,39,52,104"/><U35/><E128/><V8/><F121/><W7/><G104/><T46/><D122/><U101/><E135/><V1/><F129/><W74/><G7/><T130/><D130/><U112/><E112/><V47/><F132/><W55/><G39/><T77/><D127/><U118/><E118/><V37/><F63/><W117/><G117/><T72/><D46/><U126/><E126/><V119/><F78/><W116/><G116/><T107/><D107/><U54/><E35/><V10/><F119/><W15/><G15/><T26/><D29/><U51/><E69/><V86/><F86/><W66/><G61/><T33/><D33/><U20/><E51/><V64/><F64/><W31/><G125/><T83/><D57/><U111/><E111/><V36/><F25/><W131/><G131/><T59/><D59/><U67/><E67/><V43/><F43/><W38/><G38/><T13/><D13/><U71/><E71/><V70/><F70/><W100/><G100/><T17/><D65/><U41/><E41/><V92/><F10/><W30/><G30/><T16/><REACH who="0" step="1"/><D93/><REACH who="0" ten="220,240,240,290" step="2"/><N who="1" m="58575" /><E4/><V40/><F106/><W108/><G68/><T56/><D56/><U19/><AGARI ba="0,1" hai="14,19,20,53,54,76,81,82,84,87,88" m="58575" machi="19" ten="30,6000,0" yaku="8,1,52,1,54,1" doraHai="91" who="1" fromWho="1" sc="220,-20,240,70,240,-20,290,-20" /><INIT seed="1,1,0,1,2,63" ten="200,310,220,270" oya="1" hai0="115,60,45,111,28,5,132,25,14,119,94,50,82" hai1="128,17,117,118,65,107,81,105,12,34,74,69,49" hai2="76,131,102,66,125,31,0,42,21,8,61,73,87" hai3="47,134,13,43,109,93,130,100,6,3,52,27,133"/><U79/><E34/><V113/><F131/><W80/><G3/><T101/><D115/><U11/><E128/><V104/><F73/><W70/><G130/><T123/><D119/><U103/><E49/><V116/><F116/><W15/><G109/><T112/><D112/><U39/><E39/><V37/><F125/><W36/><G70/><T114/><D111/><U99/><REACH who="1" step="1"/><E107/><REACH who="1" ten="200,300,220,270" step="2"/><V78/><F37/><W88/><G36/><T19/><D50/><U90/><E90/><V75/><F104/><W95/><G88/><T56/><D114/><U51/><E51/><V41/><F113/><W4/><G134/><T55/><D132/><U84/><E84/><V85/><F87/><W91/><G91/><T68/><D101/><U29/><E29/><V1/><F85/><W9/><G100/><T22/><D28/><U57/><E57/><V124/><F102/><W54/><G133/><T53/><D56/><U16/><E16/><V35/><F31/><W135/><G135/><T89/><D19/><U26/><E26/><V62/><F35/><W108/><G27/><T20/><D25/><U122/><E122/><V46/><F124/><W30/><G30/><T110/><D89/><U121/><E121/><V48/><F48/><W40/><G108/><T10/><D110/><U106/><E106/><V126/><F126/><W32/><G32/><T23/><D123/><U71/><E71/><V98/><F42/><W129/><G129/><T64/><D94/><U38/><E38/><V7/><F41/><W24/><G43/><T33/><D33/><U77/><E77/><V96/><F76/><RYUUKYOKU ba="1,1" sc="200,-10,300,30,220,-10,270,-10" hai1="11,12,17,65,69,74,79,81,99,103,105,117,118" /><INIT seed="1,2,1,4,3,44" ten="190,330,210,260" oya="1" hai0="67,59,83,54,94,55,121,72,77,16,20,124,131" hai1="106,102,22,48,75,8,25,15,80,132,3,115,109" hai2="7,50,126,9,47,92,43,2,76,33,134,71,49" hai3="107,120,51,104,0,58,133,45,26,93,31,84,69"/><U18/><E115/><V95/><F71/><W116/><G69/><T112/><D112/><U96/><E132/><V10/><F134/><W114/><G133/><T42/><D124/><U100/><E109/><V97/><F126/><W56/><G0/><T91/><D131/><U129/><E129/><V119/><F119/><W4/><G4/><T82/><D121/><U6/><E102/><V32/><F76/><W21/><G120/><T19/><D42/><U62/><E62/><V123/><F123/><W28/><G116/><T39/><D39/><U98/><E98/><V105/><F10/><W111/><G111/><T11/><D11/><U74/><E80/><N who="0" m="30761" /><D77/><U14/><REACH who="1" step="1"/><E48/><REACH who="1" ten="190,320,210,260" step="2"/><V1/><F97/><W108/><G108/><T86/><D72/><AGARI ba="2,2" hai="3,6,8,14,15,18,22,25,72,74,75,96,100,106" machi="72" ten="40,3900,0" yaku="1,1,2,1,53,0" doraHai="44" doraHaiUra="63" who="1" fromWho="0" sc="190,-45,320,65,210,0,260,0" /><INIT seed="1,3,0,2,5,12" ten="145,385,210,260" oya="1" hai0="94,9,25,124,15,112,65,80,106,32,50,105,81" hai1="24,6,38,30,79,53,22,64,47,127,126,36,74" hai2="117,86,120,103,13,107,39,35,18,87,43,89,73" hai3="97,114,62,131,68,55,83,46,60,33,122,111,8"/><U5/><E64/><V128/><F117/><W23/><G114/><T48/><D112/><U121/><E121/><V98/><F120/><W96/><G33/><T45/><D124/><N who="1" m="47659" /><E53/><V27/><F73/><W108/><G122/><T71/><D105/><U100/><E100/><V118/><F118/><W70/><G8/><T1/><D106/><U88/><E88/><V67/><F67/><W0/><G83/><T10/><D65/><U110/><E110/><V20/><F128/><W21/><G131/><T82/><D94/><U75/><E79/><V116/><F116/><W56/><G56/><T19/><D71/><U133/><E133/><V72/><F72/><N who="1" m="27689" /><E47/><V49/><F87/><W93/><G93/><T31/><REACH who="0" step="1"/><D45/><REACH who="0" ten="135,385,210,260" step="2"/><U28/><E28/><V54/><F107/><W109/><G46/><T113/><D113/><U135/><E135/><V77/><F103/><W29/><G29/><T101/><D101/><U66/><E66/><V59/><F59/><W51/><G108/><T129/><D129/><U125/><E125/><V57/><F57/><W3/><G68/><T102/><D102/><U99/><E99/><V119/><F98/><W52/><G70/><T26/><D26/><U37/><AGARI ba="3,1" hai="5,6,22,24,30,36,37,38" m="27689,47659" machi="37" ten="40,2100,0" yaku="18,1" doraHai="12" who="1" fromWho="1" sc="135,-10,385,40,210,-10,260,-10" /><INIT seed="1,4,0,0,1,102" ten="125,425,200,250" oya="1" hai0="44,15,9,133,106,20,25,54,94,126,131,40,96" hai1="135,63,70,80,121,118,115,100,1,88,4,6,28" hai2="62,66,84,117,127,34,24,47,74,91,57,132,17" hai3="41,31,49,39,122,55,51,86,112,50,65,2,18"/><U53/><E115/><V58/><F74/><W128/><G2/><T46/><D126/><U37/><E118/><V64/><F117/><W130/><G31/><T108/><D108/><U99/><E121/><V61/><F132/><W79/><G122/><T56/><D133/><U59/><E135/><V10/><F127/><W129/><G112/><T68/><D68/><U92/><E37/><V114/><F114/><W113/><G113/><T98/><D131/><U43/><E1/><V109/><F109/><W111/><G111/><T5/><D106/><U42/><E28/><V33/><F47/><N who="3" m="23999" /><G18/><T32/><D32/><U120/><E70/><V8/><F24/><W19/><G19/><T52/><D54/><U69/><E69/><V30/><F30/><W134/><G134/><T45/><D94/><U119/><E119/><V73/><F73/><W23/><G23/><T77/><D77/><U123/><E123/><V3/><F3/><W87/><G65/><T124/><D40/><N who="1" m="15403" /><E120/><V38/><F38/><W11/><G11/><T116/><D116/><U13/><E13/><V16/><F84/><AGARI ba="4,0" hai="4,6,53,59,63,80,84,88,92,99,100" m="15403" machi="84" ten="30,2900,0" yaku="8,1,54,1" doraHai="102" who="1" fromWho="2" sc="125,0,425,41,200,-41,250,0" /><INIT seed="1,5,0,4,5,81" ten="125,466,159,250" oya="1" hai0="135,80,54,118,76,75,21,38,33,78,123,58,116" hai1="39,117,72,51,85,108,88,60,126,16,10,67,92" hai2="107,134,19,83,71,87,109,66,124,8,28,26,50" hai3="25,129,32,15,18,40,74,110,65,77,73,125,9"/><U103/><E117/><V0/><F107/><W121/><G121/><T22/><D33/><U95/><E39/><V37/><F37/><W89/><G40/><T29/><D123/><U112/><E112/><V115/><F109/><W86/><G110/><T69/><D69/><U14/><E108/><V96/><F134/><W49/><G49/><T59/><D135/><U99/><E126/><V130/><F130/><W56/><G125/><T113/><D113/><U61/><E72/><V93/><F124/><W105/><G105/><T17/><D38/><U20/><E67/><V44/><F71/><W34/><G77/><T68/><D68/><U36/><E36/><V120/><F66/><W102/><G102/><T94/><D94/><U6/><E51/><V52/><F120/><W43/><G43/><T31/><D80/><U63/><E63/><V5/><F19/><W132/><G132/><T82/><D82/><U119/><E119/><V11/><F115/><W53/><G65/><T100/><D17/><U3/><AGARI ba="5,0" hai="3,6,10,14,16,20,60,61,85,88,92,95,99,103" machi="3" ten="20,12000,1" yaku="0,1,7,1,52,1,54,2" doraHai="81" who="1" fromWho="1" sc="125,-45,466,135,159,-45,250,-45" /><INIT seed="1,6,0,2,5,37" ten="80,601,114,205" oya="1" hai0="2,27,50,129,4,10,70,103,127,102,74,72,32" hai1="91,48,124,17,14,95,21,77,89,8,0,18,110" hai2="6,94,36,107,65,51,125,55,39,123,64,19,133" hai3="68,59,100,28,23,62,81,20,58,12,11,109,85"/><U53/><E124/><V13/><F107/><W26/><G109/><T114/><D114/><U99/><E110/><V104/><F104/><W122/><G122/><T96/><D127/><U79/><E91/><V15/><F123/><W88/><G100/><T42/><D129/><U7/><REACH who="1" step="1"/><E18/><REACH who="1" ten="80,591,114,205" step="2"/><V82/><F19/><W135/><G135/><T126/><D126/><U83/><E83/><V52/><F82/><W49/><G88/><T38/><D103/><U80/><E80/><V9/><F133/><W87/><G81/><T63/><D102/><U44/><AGARI ba="6,1" hai="0,7,8,14,17,21,44,48,53,77,79,89,95,99" machi="44" ten="20,3900,0" yaku="1,1,0,1,7,1,53,0" doraHai="37" doraHaiUra="60" who="1" fromWho="1" sc="80,-19,591,67,114,-19,205,-19" /><INIT seed="1,7,0,2,5,47" ten="61,658,95,186" oya="1" hai0="125,10,95,79,2,43,108,7,52,124,22,113,111" hai1="61,84,58,19,81,85,75,34,126,32,24,122,116" hai2="112,110,28,134,18,114,17,26,78,1,128,8,42" hai3="55,67,86,33,46,54,27,16,135,100,109,30,69"/><U102/><E116/><V99/><F110/><N who="0" m="42026" /><D113/><N who="2" m="43626" /><F134/><W12/><G109/><T118/><D118/><U121/><E126/><N who="0" m="48745" /><D79/><U63/><E75/><V91/><F78/><W25/><G135/><T73/><D73/><U93/><E102/><V45/><F1/><W105/><G86/><T74/><D74/><U37/><E37/><N who="2" m="21711" /><F8/><N who="3" m="6151" /><G27/><T48/><D95/><U39/><E93/><N who="2" m="56767" /><F128/><W132/><G132/><T106/><D106/><U29/><E121/><V76/><F76/><W6/><G6/><T115/><D115/><U31/><E122/><V70/><F70/><W71/><G71/><T119/><D119/><U123/><E123/><V21/><AGARI ba="7,0" hai="17,18,21,26,28" m="56767,21711,43626" machi="21" ten="30,1100,0" yaku="11,1" doraHai="47" who="2" fromWho="2" sc="61,-10,658,-12,95,32,186,-10" /><INIT seed="2,0,0,5,1,129" ten="51,646,127,176" oya="2" hai0="90,5,61,53,7,12,109,50,47,16,121,86,92" hai1="67,59,120,126,45,103,49,46,87,1,133,97,93" hai2="28,25,84,55,11,113,125,54,82,99,27,24,52" hai3="130,10,123,19,58,89,65,94,73,76,38,30,66"/><V96/><F113/><W41/><G123/><T107/><D121/><U17/><E133/><V9/><F28/><W42/><G130/><T22/><D107/><U14/><E1/><V31/><F31/><W2/><G30/><T43/><D109/><U102/><E120/><V70/><F70/><W60/><G65/><T37/><REACH who="0" step="1"/><D61/><REACH who="0" ten="41,646,127,176" step="2"/><N who="1" m="38335" /><E126/><V101/><F125/><W124/><G60/><T21/><D21/><N who="1" m="11447" /><E87/><V74/><F74/><W68/><G73/><T63/><D63/><U48/><E102/><V23/><F23/><W115/><G124/><T35/><D35/><U79/><E79/><V29/><F29/><W6/><G76/><T85/><D85/><U80/><E80/><V119/><F119/><W75/><G75/><T118/><D118/><U116/><E116/><V98/><F101/><W95/><G115/><T131/><D131/><U105/><E105/><V78/><AGARI ba="0,1" hai="9,11,24,25,27,52,54,55,78,82,84,96,98,99" machi="78" ten="40,12000,1" yaku="0,1,29,2,8,1,54,1" doraHai="129" who="2" fromWho="2" sc="41,-40,646,-40,127,130,176,-40" /><INIT seed="2,1,0,4,1,117" ten="1,606,257,136" oya="2" hai0="105,34,27,9,74,25,16,94,31,108,87,82,131" hai1="21,133,12,81,49,17,3,102,96,20,47,63,48" hai2="13,114,14,97,41,85,132,54,40,72,110,37,61" hai3="130,106,50,0,107,2,111,75,127,51,64,125,129"/><V62/><F72/><W30/><G75/><T26/><D105/><N who="3" m="39945" /><G64/><T1/><D131/><N who="3" m="50185" /><G30/><T76/><D108/><U89/><E133/><V58/><F132/><W69/><G69/><T36/><D94/><U45/><E49/><N who="3" m="18442" /><G111/><T77/><D87/><U121/><E81/><V91/><F110/><W42/><G42/><T126/><D77/><U66/><E12/><V10/><F14/><W39/><G39/><T57/><D57/><U123/><E47/><V95/><F37/><W15/><G15/><T128/><D128/><U93/><E48/><V53/><F41/><W83/><G83/><T86/><D74/><U100/><E20/><V122/><F40/><W33/><G33/><T24/><D36/><U68/><E96/><V119/><F97/><W120/><G120/><T70/><D70/><U22/><E100/><V124/><F122/><W101/><G101/><T135/><D135/><U7/><E102/><V73/><F73/><W11/><G11/><T46/><D46/><U99/><E99/><V78/><F78/><W109/><G109/><T38/><D38/><U4/><E45/><V52/><F10/><W28/><G28/><T90/><D76/><U92/><E92/><V112/><F95/><W60/><G60/><T113/><D1/><AGARI ba="1,0" hai="0,1,2,125,127" m="18442,50185,39945" machi="1" ten="40,5200,0" yaku="28,2,19,1" doraHai="117" who="3" fromWho="0" sc="1,-55,606,0,257,0,136,55" owari="-54,-55.4,606,70.6,257,5.7,191,-20.9" /></mjloggm>