<mjloggm ver="2.3"><GO type="225" lobby="0"/><UN n0="%72%61%6B%33" n1="%E3%82%A4%E3%82%AD%E3%83%AA" n2="%70%6F%69%73%6F%6E%30%32" n3="%E9%B3%B4%E8%8C%B6" dan="16,16,16,16" rate="2153.57,2055.18,2056.62,2099.34" sx="M,M,M,M"/><TAIKYOKU oya="0"/><INIT seed="0,0,0,3,0,124" ten="250,250,250,250" oya="0" hai0="6,103,20,91,21,52,9,32,41,81,29,92,60" hai1="121,43,22,73,59,12,30,133,74,62,48,1,119" hai2="7,46,63,54,118,97,57,107,109,3,83,36,82" hai3="135,128,80,53,84,0,28,88,58,106,78,51,24"/><T64/><D103/><U99/><E1/><V123/><F109/><W87/><G0/><T96/><D41/><U117/><E121/><V112/><F123/><W114/><G106/><T100/><D32/><U17/><E133/><V86/><F112/><W68/><G135/><T37/><D37/><U79/><E30/><V50/><F118/><W35/><G114/><T47/><D29/><U94/><E74/><V113/><F113/><W11/><G68/><T66/><D81/><U130/><E79/><V127/><F127/><W104/><G104/><T76/><D76/><U4/><E4/><V10/><F36/><W5/><G128/><T102/><D21/><U55/><E73/><V132/><F132/><W61/><G5/><T105/><D20/><U129/><E43/><V122/><F86/><W115/><G11/><T110/><D110/><U98/><E98/><V26/><F26/><W15/><G15/><T18/><D18/><U19/><E48/><V38/><F38/><W75/><G115/><T85/><D102/><N who="1" m="60791" /><E19/><V120/><F120/><W90/><REACH who="3" step="1"/><G51/><REACH who="3" ten="250,250,250,240" step="2"/><T69/><D69/><U108/><E108/><V95/><F107/><W77/><G77/><T13/><REACH who="0" step="1"/><D47/><REACH who="0" ten="240,250,250,240" step="2"/><U49/><E119/><V14/><F122/><W126/><G126/><T65/><D65/><U45/><E117/><V116/><F116/><W93/><G93/><T42/><D42/><N who="1" m="24759" /><E130/><V8/><F95/><W34/><G34/><T131/><D131/><U25/><E129/><V72/><F72/><W101/><G101/><T31/><D31/><U16/><E25/><V23/><F23/><W111/><G111/><RYUUKYOKU ba="0,2" sc="240,10,250,10,250,-30,240,10" hai0="6,9,13,52,60,64,66,85,91,92,96,100,105" hai1="12,16,17,22,55,59,62" hai3="24,28,35,53,58,61,75,78,80,84,87,88,90" /><INIT seed="0,1,2,3,3,26" ten="250,260,220,250" oya="0" hai0="124,50,54,33,126,6,104,135,72,82,14,134,118" hai1="34,65,4,77,76,92,111,62,19,31,103,110,86" hai2="107,130,71,70,36,74,97,95,57,91,27,90,100" hai3="5,98,38,37,112,64,79,75,105,20,85,22,80"/><T88/><D118/><U101/><E4/><V58/><F36/><W51/><G112/><T109/><D104/><U120/><E120/><V128/><F74/><W116/><G116/><T15/><D33/><U106/><E106/><V42/><F42/><W30/><G5/><T56/><D109/><N who="1" m="41483" /><E19/><V115/><F115/><W87/><G64/><T122/><D122/><U40/><E40/><V127/><F91/><W8/><G8/><N who="0" m="4375" /><D15/><U131/><E131/><N who="2" m="50219" /><F127/><N who="0" m="48682" /><D88/><N who="1" m="53271" /><E31/><V18/><F18/><W93/><G105/><T29/><D29/><U59/><E34/><V73/><F73/><W48/><G30/><T35/><D35/><U45/><E45/><V133/><F133/><W10/><G38/><T9/><D9/><U94/><E94/><V83/><F83/><N who="3" m="47359" /><G10/><T46/><D46/><U39/><E39/><V114/><F27/><W81/><G37/><T89/><D89/><U123/><E123/><V2/><F2/><W23/><G75/><T129/><D129/><U99/><E99/><N who="2" m="61855" /><F114/><W1/><G1/><T12/><D12/><U61/><E103/><V28/><F28/><W13/><G80/><T96/><D96/><U68/><E101/><V52/><F52/><AGARI ba="1,2" hai="52,59,61,62,65,68,76,77" m="53271,41483" machi="52" ten="30,3900,0" yaku="14,1,54,2" doraHai="26" who="1" fromWho="2" sc="250,0,260,62,220,-42,250,0" /><INIT seed="1,0,0,1,3,33" ten="250,322,178,250" oya="1" hai0="17,127,24,0,123,41,114,129,64,86,52,14,75" hai1="125,39,26,53,10,98,37,82,83,35,43,2,93" hai2="109,50,46,95,128,5,120,31,1,72,18,79,122" hai3="131,69,118,89,121,36,73,87,66,13,62,108,130"/><U38/><E125/><V115/><F109/><W68/><G121/><T101/><D123/><U100/><E43/><V44/><F115/><W56/><G118/><T28/><D75/><U112/><E112/><V92/><F128/><N who="3" m="49195" /><G108/><T106/><D129/><U70/><E70/><V42/><F31/><W110/><G110/><T113/><D127/><U99/><E53/><V84/><F18/><W80/><G36/><T6/><D64/><U27/><E99/><V22/><F22/><W71/><G73/><T78/><D41/><U11/><E11/><V25/><F25/><W76/><G13/><T15/><D15/><U97/><E27/><V94/><F72/><W77/><AGARI ba="0,0" hai="56,62,66,68,69,71,76,77,80,87,89" m="49195" machi="77" ten="40,1500,0" yaku="19,1" doraHai="33" who="3" fromWho="3" sc="250,-4,322,-7,178,-4,250,15" /><INIT seed="2,0,0,0,4,87" ten="246,315,174,265" oya="2" hai0="100,29,97,64,5,104,117,110,40,133,76,85,25" hai1="106,126,28,79,93,111,10,120,68,38,15,43,34" hai2="56,59,16,99,9,19,30,60,55,50,20,84,36" hai3="102,52,121,75,58,13,109,48,11,4,124,82,24"/><V98/><F36/><W23/><G109/><T42/><D110/><U74/><E93/><V21/><F84/><W130/><G121/><T105/><D133/><U57/><E57/><V107/><F30/><W112/><G130/><T86/><D117/><U73/><E15/><V33/><F33/><W122/><G122/><T108/><D108/><U91/><E10/><V49/><F9/><W12/><G124/><T92/><D5/><U17/><E17/><V2/><F2/><W26/><G112/><T35/><D64/><U67/><E67/><V131/><F131/><W6/><G102/><T90/><REACH who="0" step="1"/><D105/><REACH who="0" ten="236,315,174,265" step="2"/><U45/><E106/><V66/><F107/><W69/><G4/><T81/><AGARI ba="0,1" hai="25,29,35,40,42,76,81,85,86,90,92,97,100,104" machi="81" ten="30,7900,0" yaku="1,1,2,1,0,1,52,1,53,0" doraHai="87" doraHaiUra="134" who="0" fromWho="0" sc="236,89,315,-20,174,-39,265,-20" /><INIT seed="3,0,0,3,4,123" ten="325,295,135,245" oya="3" hai0="68,80,128,54,29,27,16,2,58,90,78,15,36" hai1="0,87,70,121,14,114,134,45,48,60,39,57,133" hai2="25,88,33,118,22,40,6,132,93,20,84,37,34" hai3="113,26,47,91,82,135,89,98,21,65,42,5,119"/><W49/><G119/><T111/><D68/><U71/><E0/><V69/><F118/><W94/><G113/><T96/><D2/><U79/><E121/><V41/><F69/><W86/><G135/><N who="1" m="51722" /><E14/><V56/><F132/><W31/><REACH who="3" step="1"/><G65/><REACH who="3" ten="325,295,135,235" step="2"/><T13/><D128/><U43/><E114/><V38/><F6/><AGARI ba="0,1" hai="5,6,21,26,31,42,47,49,82,86,89,91,94,98" machi="6" ten="40,7700,0" yaku="1,1,2,1,8,1,53,0" doraHai="123" doraHaiUra="35" who="3" fromWho="2" sc="325,0,295,0,135,-77,235,87" /><INIT seed="3,1,0,3,1,21" ten="325,295,58,322" oya="3" hai0="117,133,108,10,80,110,132,95,57,27,35,11,77" hai1="52,100,102,49,46,56,119,113,129,9,99,50,2" hai2="135,111,128,41,70,73,123,1,4,13,96,134,47" hai3="97,93,34,112,79,26,90,53,91,0,66,42,30"/><W17/><G112/><T103/><D117/><U71/><E113/><V25/><F96/><W84/><G42/><T7/><D57/><U37/><E119/><V23/><F47/><W104/><G66/><T6/><D95/><U39/><E71/><V88/><F41/><W3/><G79/><T20/><D103/><U83/><E129/><V86/><F86/><W65/><G17/><N who="0" m="12687" /><D35/><U16/><E83/><V45/><F45/><W31/><G31/><T64/><D64/><U63/><E50/><V40/><F40/><W44/><G65/><T98/><D98/><U5/><E102/><V48/><F48/><W28/><G28/><T105/><D105/><U24/><E24/><V125/><F88/><W69/><G69/><T120/><D120/><U114/><E16/><V131/><F25/><W14/><G14/><N who="0" m="5463" /><D80/><U58/><E58/><V89/><F89/><W82/><REACH who="3" step="1"/><G104/><REACH who="3" ten="325,295,58,312" step="2"/><T15/><D77/><U121/><E114/><V127/><F13/><W72/><G72/><T107/><D107/><U62/><E121/><V32/><F4/><W59/><G59/><T54/><D54/><U60/><REACH who="1" step="1"/><E56/><REACH who="1" ten="325,285,58,312" step="2"/><V75/><F123/><W18/><G18/><T124/><D124/><N who="2" m="47690" /><F1/><W38/><G38/><T8/><D8/><U55/><E55/><V101/><F32/><W87/><G87/><T126/><D126/><U76/><E76/><V12/><F70/><W85/><G85/><T109/><AGARI ba="1,2" hai="7,11,15,108,109,110,132,133" m="5463,12687" machi="109" ten="40,8000,1" yaku="14,1,34,2,52,1" doraHai="21" who="0" fromWho="0" sc="325,103,285,-21,58,-21,312,-41" owari="428,52.8,264,-13.6,37,-46.3,271,7.1" /></mjloggm>