<mjloggm ver="2.3"><GO type="225" lobby="0"/><UN n0="%E6%97%A5%E6%9B%9C%E6%97%A5%E3%82%88%E3%82%8A%E3%81%AE%E4%BD%BF%E8%80%85" n1="%E3%80%93%E3%81%97%E3%83%BC%E3%82%89%E3%80%93" n2="%E5%A4%8F%E9%88%B4%E9%88%B4%E5%A4%8F" n3="%E5%91%A8%E6%9D%B1" dan="16,16,16,17" rate="2162.04,2196.92,2160.31,2222.13" sx="M,M,F,M"/><TAIKYOKU oya="0"/><INIT seed="0,0,0,2,4,118" ten="250,250,250,250" oya="0" hai0="122,119,58,82,67,59,102,61,31,78,81,88,110" hai1="32,16,48,14,93,42,4,18,5,27,87,40,100" hai2="21,115,53,131,83,98,107,56,7,45,38,99,13" hai3="36,74,79,104,19,97,52,11,35,50,132,10,94"/><T60/><D119/><U44/><E40/><V47/><F115/><W103/><G36/><T135/><D122/><U72/><E72/><V43/><F131/><W26/><G132/><T51/><D135/><U17/><E32/><V15/><F107/><W126/><G126/><T77/><D110/><U68/><E68/><V125/><F125/><W6/><G104/><T49/><D102/><U3/><E3/><V112/><F47/><W121/><G121/><T76/><D31/><U108/><E108/><V69/><F69/><W0/><G79/><T22/><D22/><N who="1" m="13767" /><E18/><V95/><F7/><W57/><G74/><T75/><D75/><U55/><E55/><V134/><F112/><W33/><REACH who="3" step="1"/><G26/><REACH who="3" ten="250,250,250,240" step="2"/><T73/><D73/><U130/><E130/><V92/><F38/><W62/><G62/><T41/><D41/><U65/><E42/><V24/><F43/><W113/><G113/><T30/><D78/><U85/><E48/><V133/><F24/><W46/><G46/><T66/><D30/><U63/><E44/><V117/><F45/><W89/><G89/><AGARI ba="0,1" hai="49,51,58,59,60,61,66,67,76,77,81,82,88,89" machi="89" ten="25,9600,0" yaku="22,2,8,1,54,1" doraHai="118" who="0" fromWho="3" sc="250,106,250,0,250,0,240,-96" /><INIT seed="0,1,0,1,4,2" ten="356,250,250,144" oya="0" hai0="113,67,102,56,99,64,112,35,95,85,82,91,42" hai1="116,61,129,120,130,84,3,127,58,98,96,32,131" hai2="54,46,81,133,92,126,15,71,103,8,79,106,117" hai3="49,19,132,111,18,57,45,9,44,17,11,121,38"/><T128/><D35/><U0/><E32/><V4/><F126/><W33/><G33/><T124/><D124/><U118/><E127/><V20/><F71/><W86/><G121/><T5/><D128/><U123/><E84/><V108/><F108/><W89/><G111/><T135/><D135/><U34/><E34/><V74/><F106/><W65/><G132/><T93/><D42/><U47/><E47/><V97/><F133/><W100/><G100/><T29/><D29/><U119/><E58/><V48/><F20/><W31/><G31/><T70/><D70/><U83/><E61/><V76/><F76/><W53/><G38/><T59/><D5/><U110/><E83/><V122/><REACH who="2" step="1"/><F117/><REACH who="2" ten="356,250,240,144" step="2"/><W101/><G101/><T66/><D113/><U62/><E110/><V68/><F68/><W41/><G41/><T36/><D112/><U26/><E118/><V75/><F75/><W78/><G78/><N who="0" m="46295" /><D36/><U23/><E130/><V16/><F16/><W7/><G11/><T77/><D77/><U28/><E23/><V27/><F27/><W94/><REACH who="3" step="1"/><G65/><REACH who="3" ten="356,250,240,134" step="2"/><T105/><D105/><U107/><E107/><V80/><F80/><W73/><G73/><T25/><D25/><U37/><E26/><V30/><F30/><W60/><G60/><T88/><D102/><U115/><E62/><V39/><F39/><W12/><AGARI ba="1,2" hai="7,9,12,17,18,19,44,45,49,53,57,86,89,94" machi="12" ten="30,7900,0" yaku="1,1,0,1,8,1,52,1,53,0" doraHai="2" doraHaiUra="134" who="3" fromWho="3" sc="356,-40,250,-21,240,-21,134,102" /><INIT seed="1,0,0,3,0,68" ten="316,229,219,236" oya="1" hai0="131,41,102,108,130,123,4,103,114,85,71,35,84" hai1="47,7,134,115,49,63,12,50,62,23,93,117,60" hai2="51,31,95,121,76,94,125,27,10,64,40,38,52" hai3="54,6,118,18,126,67,82,116,34,57,88,78,74"/><U45/><E117/><N who="3" m="45162" /><G34/><T55/><D71/><U90/><E115/><V101/><F121/><W33/><G33/><T61/><D35/><U19/><E134/><V133/><F125/><W97/><G126/><T80/><D114/><U105/><E105/><V39/><F133/><W96/><G6/><T2/><D41/><U91/><E7/><V92/><F64/><W120/><G120/><T9/><D123/><U127/><E127/><V83/><F101/><N who="0" m="38410" /><D108/><U28/><E28/><V113/><F40/><W21/><G67/><T59/><D80/><U75/><E75/><V70/><F70/><W87/><G74/><T86/><D86/><U112/><E112/><V44/><F10/><W81/><G81/><T53/><D53/><N who="1" m="29871" /><E93/><V14/><F14/><N who="3" m="9431" /><G78/><T20/><D2/><U135/><E135/><V122/><F122/><W8/><G8/><T15/><D4/><U65/><E65/><V73/><REACH who="2" step="1"/><F113/><REACH who="2" ten="316,229,209,236" step="2"/><W107/><G107/><T110/><D9/><U132/><E132/><V72/><F72/><W77/><G77/><T17/><D110/><U22/><E22/><AGARI ba="0,1" hai="22,27,31,38,39,44,51,52,73,76,83,92,94,95" machi="22" ten="40,8000,1" yaku="1,1,52,2,54,1,53,0" doraHai="68" doraHaiUra="129" who="2" fromWho="1" sc="316,0,229,-80,209,90,236,0" /><INIT seed="2,0,0,5,4,88" ten="316,149,299,236" oya="2" hai0="36,50,12,42,83,116,9,53,8,82,95,61,28" hai1="86,107,57,81,67,44,132,39,85,101,51,15,109" hai2="113,58,27,23,106,114,69,94,75,4,110,54,65" hai3="59,60,52,32,104,118,115,35,129,70,111,128,105"/><V37/><F106/><N who="3" m="41067" /><G118/><T45/><D116/><U31/><E109/><V117/><F117/><W6/><G111/><T2/><D2/><U1/><E1/><V47/><F75/><W33/><G6/><T26/><D61/><U126/><E132/><V18/><F4/><W73/><G73/><T103/><D36/><U30/><E39/><V76/><F76/><W93/><G115/><T123/><D123/><U78/><E126/><V25/><F25/><W100/><G100/><T19/><D9/><U89/><E101/><V121/><F121/><W120/><G120/><T134/><D134/><U92/><E107/><V68/><F110/><W119/><G119/><T98/><REACH who="0" step="1"/><D42/><REACH who="0" ten="306,149,299,236" step="2"/><U79/><E79/><V77/><F77/><W46/><G60/><T71/><D71/><U24/><E67/><V3/><F69/><W38/><G70/><T22/><AGARI ba="0,1" hai="8,12,19,22,26,28,45,50,53,82,83,95,98,103" machi="22" ten="20,12000,2" yaku="1,1,0,1,7,1,8,1,52,1,53,1" doraHai="88" doraHaiUra="7" who="0" fromWho="0" sc="306,130,149,-30,299,-60,236,-30" /><INIT seed="3,0,0,4,0,26" ten="436,119,239,206" oya="3" hai0="27,109,76,18,84,15,110,69,61,114,4,13,11" hai1="121,14,56,53,120,43,68,17,24,45,111,73,126" hai2="64,94,134,82,66,130,0,100,54,39,48,101,106" hai3="133,124,44,77,74,118,131,107,37,40,128,81,22"/><W35/><G118/><T122/><D122/><U25/><E73/><V29/><F39/><W116/><G116/><T50/><D50/><U63/><E68/><V67/><F0/><W127/><G107/><T59/><D69/><U33/><E111/><N who="0" m="42505" /><D27/><U87/><E126/><N who="3" m="48170" /><G22/><N who="0" m="11599" /><D114/><U1/><E1/><V132/><F64/><W38/><G38/><T20/><D20/><U98/><E98/><V123/><F66/><W36/><G36/><T125/><D125/><U95/><E95/><V86/><F67/><W23/><G23/><T96/><D96/><U6/><E87/><V80/><F106/><W105/><G105/><T41/><D41/><U19/><E6/><V88/><F123/><W60/><G60/><T72/><D72/><U28/><E25/><V83/><F134/><W12/><G12/><T57/><D61/><U30/><E30/><V135/><F132/><W51/><G35/><T115/><D115/><U99/><E99/><V55/><F135/><W8/><G133/><T103/><D103/><U78/><E78/><V113/><F101/><W58/><G8/><T47/><D47/><U34/><E34/><V21/><F100/><W90/><G90/><T112/><D112/><U42/><E19/><V16/><F16/><W102/><G102/><T2/><D2/><U85/><E85/><V93/><F88/><W79/><G79/><T104/><D104/><U32/><E32/><V108/><F113/><W75/><G75/><T97/><D97/><U3/><E3/><V9/><F108/><W70/><G70/><T5/><D5/><U10/><E43/><V31/><F86/><RYUUKYOKU ba="0,0" sc="436,10,119,10,239,-30,206,10" hai0="4,11,15,57,59,76,84" hai1="10,14,17,24,28,33,42,45,53,56,63,120,121" hai3="37,40,44,51,58,74,77,81,128,131" /><INIT seed="3,1,0,5,1,56" ten="446,129,209,216" oya="3" hai0="39,34,124,84,113,103,18,68,28,6,108,86,80" hai1="71,91,122,37,33,118,110,36,104,50,20,106,14" hai2="83,132,81,109,130,97,126,98,75,64,135,51,42" hai3="58,57,111,133,19,79,25,8,94,92,12,23,128"/><W134/><G79/><T119/><D39/><U29/><E122/><V17/><F109/><W3/><G3/><T107/><D68/><U69/><E110/><V27/><F126/><W63/><G57/><T78/><D6/><U115/><E115/><V77/><F64/><W95/><G111/><T47/><D28/><U99/><E118/><V11/><F83/><W93/><N who="3" m="23552" /><DORA hai="100" /><W54/><REACH who="3" step="1"/><G128/><REACH who="3" ten="446,129,209,206" step="2"/><T10/><D78/><U1/><E1/><V112/><F77/><W26/><G26/><T49/><D108/><U65/><E69/><V40/><F27/><W117/><G117/><T21/><D119/><U32/><E71/><V22/><F130/><W4/><AGARI ba="1,1" hai="4,8,12,19,23,25,54,58,63,133,134" m="23552" machi="4" ten="40,7800,0" yaku="1,1,0,1,52,1,53,0" doraHai="56,100" doraHaiUra="125,31" who="3" fromWho="3" sc="446,-27,129,-27,209,-27,206,91" /><INIT seed="3,2,0,2,3,118" ten="419,102,182,297" oya="3" hai0="26,71,107,18,68,89,25,37,58,99,44,133,131" hai1="52,70,45,77,122,61,49,126,29,22,28,134,98" hai2="5,51,38,86,112,96,39,115,82,129,78,111,75" hai3="135,43,108,59,34,20,79,6,4,60,56,80,97"/><W11/><G34/><T48/><D37/><U62/><E126/><V85/><F5/><W27/><G135/><T117/><D117/><U57/><E134/><V92/><F51/><W8/><G108/><T54/><D71/><U100/><E77/><V104/><F38/><W132/><G132/><T123/><D68/><U7/><E70/><V42/><F42/><W72/><G43/><N who="0" m="24607" /><D107/><U17/><E7/><V87/><F39/><W106/><G106/><T124/><D123/><U14/><E122/><V35/><F35/><W121/><G121/><T46/><D46/><U53/><REACH who="1" step="1"/><E62/><REACH who="1" ten="419,92,182,297" step="2"/><V32/><F111/><W110/><G110/><T90/><D90/><U30/><E30/><V83/><F129/><W67/><G97/><T109/><D54/><U73/><E73/><V119/><F119/><W63/><G4/><T21/><D21/><U76/><E76/><N who="2" m="46279" /><F32/><W0/><G6/><T93/><D18/><U64/><E64/><V15/><F78/><W47/><G0/><T50/><D25/><U125/><E125/><V94/><F75/><W103/><G103/><T36/><D93/><AGARI ba="2,1" hai="14,17,22,28,29,45,49,52,53,57,61,93,98,100" machi="93" ten="30,7700,0" yaku="1,1,7,1,8,1,54,1,53,0" doraHai="118" doraHaiUra="113" who="1" fromWho="0" sc="419,-83,92,93,182,0,297,0" owari="336,43.6,185,-21.5,182,-31.8,297,9.7" /></mjloggm>