<mjloggm ver="2.3"><GO type="225" lobby="0"/><UN n0="%E7%9A%AE%E3%80%85" n1="%E4%BF%BA%E3%81%A8%E5%A6%96%E5%A4%A2" n2="%72%61%6B%33" n3="%E5%91%A8%E6%9D%B1" dan="16,16,16,16" rate="2177.03,2146.20,2091.51,2195.41" sx="F,F,M,M"/><TAIKYOKU oya="0"/><INIT seed="0,0,0,1,4,26" ten="250,250,250,250" oya="0" hai0="100,7,41,132,119,93,66,56,71,135,50,87,102" hai1="9,118,133,92,42,106,1,126,12,115,122,3,70" hai2="17,22,60,35,68,21,75,37,49,104,39,72,0" hai3="113,8,28,15,58,95,18,20,79,124,13,74,59"/><T24/><D119/><U120/><E106/><V85/><F35/><W14/><G113/><T111/><D7/><U6/><E70/><V123/><F123/><N who="1" m="47145" /><E92/><V11/><F104/><W33/><G124/><T69/><D111/><U112/><E42/><V84/><F49/><W38/><G38/><T29/><D41/><U10/><E126/><V134/><F11/><W77/><G95/><T76/><D76/><N who="3" m="29257" /><G33/><T94/><D50/><U78/><E78/><V36/><F0/><W127/><G74/><T109/><D109/><U128/><E118/><V116/><F116/><W62/><G127/><T98/><D87/><U67/><E67/><V46/><F46/><W82/><G82/><T32/><D56/><N who="3" m="21545" /><G62/><T117/><D117/><U44/><E44/><V110/><F110/><W4/><G14/><T88/><D100/><U16/><E133/><N who="0" m="51273" /><D66/><U5/><E128/><V48/><F134/><W30/><AGARI ba="0,0" hai="4,8,13,15,18,20,28,30" m="21545,29257" machi="30" ten="30,4000,0" yaku="8,1,52,2" doraHai="26" who="3" fromWho="3" sc="250,-20,250,-10,250,-10,250,40" /><INIT seed="1,0,0,1,1,104" ten="230,240,240,290" oya="1" hai0="51,74,97,79,1,116,98,87,126,30,27,109,9" hai1="93,61,83,111,23,46,114,119,15,135,80,42,99" hai2="39,43,103,67,113,38,123,63,108,90,60,26,49" hai3="76,131,50,105,28,14,125,92,127,5,13,44,58"/><U10/><E114/><V35/><F113/><W72/><G105/><T73/><D116/><U78/><E119/><V81/><F123/><W122/><G122/><T33/><D109/><U8/><E111/><V22/><F108/><W40/><G131/><T132/><D132/><U7/><E135/><V55/><F35/><W107/><G107/><T16/><D126/><N who="3" m="48137" /><G5/><T133/><D133/><U36/><E61/><V89/><F103/><W64/><G28/><T19/><D51/><U84/><E80/><V65/><F65/><W129/><G129/><T66/><D66/><U85/><E23/><V88/><F81/><N who="3" m="45191" /><G92/><T56/><D56/><U68/><E68/><V71/><F43/><W94/><G94/><T29/><D29/><U47/><E47/><V52/><F60/><AGARI ba="0,0" hai="13,14,40,44,50,58,60,64" m="45191,48137" machi="60" ten="30,2000,0" yaku="18,1,52,1" doraHai="104" who="3" fromWho="2" sc="230,0,240,0,240,-20,290,20" /><INIT seed="2,0,0,0,1,28" ten="230,240,220,310" oya="2" hai0="47,7,72,25,123,5,89,124,56,41,36,48,84" hai1="44,74,97,99,103,43,62,65,40,67,3,135,77" hai2="2,102,132,109,35,83,18,104,75,115,29,58,80" hai3="17,76,38,100,46,6,78,98,26,112,129,45,86"/><V110/><F115/><W79/><G112/><T12/><D123/><U88/><E3/><V64/><F2/><W106/><G38/><T51/><D72/><U108/><E108/><N who="2" m="41579" /><F132/><W71/><G71/><T82/><D124/><U54/><E135/><V107/><F18/><W85/><G6/><T24/><D36/><U126/><E126/><V111/><N who="2" m="41587" /><V32/><DORA hai="130" /><F29/><W11/><G129/><T134/><D134/><U61/><E77/><N who="2" m="44095" /><F83/><W31/><G17/><T117/><D117/><U116/><E74/><V69/><F58/><W37/><G11/><N who="0" m="4207" /><D7/><U70/><E116/><V57/><F57/><W13/><G13/><T20/><D20/><U81/><E44/><V133/><F133/><W30/><G30/><T33/><D33/><N who="2" m="12874" /><F102/><W91/><G31/><T92/><D82/><U39/><E103/><V131/><F131/><W42/><G100/><T27/><D27/><U120/><E81/><V14/><F14/><W63/><G26/><T49/><D56/><U55/><E120/><V9/><F9/><W119/><G119/><T90/><D24/><U16/><E16/><V128/><F128/><W59/><G59/><T105/><D25/><U66/><E70/><V125/><F125/><W122/><G122/><T73/><D73/><U52/><E88/><N who="0" m="33897" /><D105/><U87/><E87/><V53/><F53/><W95/><G106/><T22/><D22/><U121/><E121/><V34/><N who="2" m="12882" /><V68/><DORA hai="1" /><F68/><W127/><G127/><T50/><D84/><U19/><E19/><V96/><F96/><N who="1" m="36937" /><E40/><V101/><F101/><W4/><G98/><T0/><D0/><RYUUKYOKU ba="0,0" sc="230,10,240,10,220,10,310,-30" hai0="41,47,48,49,50,51,92" hai1="39,43,52,54,55,61,62,65,66,67" hai2="64,69,104,107" /><INIT seed="2,1,0,1,4,128" ten="240,250,230,280" oya="2" hai0="123,30,65,110,133,3,17,57,79,67,48,10,64" hai1="39,95,91,32,93,38,14,0,82,58,126,31,78" hai2="71,18,46,108,129,33,40,34,61,86,84,36,107" hai3="6,111,89,113,119,37,127,16,102,26,94,35,63"/><V44/><F129/><W7/><G119/><T106/><D123/><U22/><E0/><V83/><F107/><W87/><G37/><T62/><D110/><U103/><E126/><V25/><F108/><W69/><G111/><T5/><D106/><U50/><E32/><V12/><F44/><W132/><G127/><T20/><D30/><U51/><E103/><V23/><F86/><W120/><G120/><T73/><D48/><U118/><E118/><V15/><F71/><W101/><G35/><T114/><D114/><U99/><E93/><V19/><F61/><W112/><G63/><T74/><D133/><U122/><E122/><V77/><REACH who="2" step="1"/><F25/><REACH who="2" ten="240,250,220,280" step="2"/><W100/><G69/><T29/><D74/><U21/><E39/><V121/><F121/><W60/><G60/><T130/><D130/><U4/><E38/><V81/><F81/><W116/><G116/><T72/><D72/><U85/><E82/><V115/><F115/><W13/><G26/><T117/><D117/><U109/><E85/><V96/><F96/><W52/><G113/><T11/><D73/><U47/><E109/><V59/><F59/><W68/><G68/><T27/><D79/><U124/><E78/><V45/><F45/><W43/><G87/><T70/><D70/><U2/><E58/><V66/><F66/><W28/><G112/><T92/><D92/><U104/><E104/><V105/><F105/><W98/><G98/><T55/><D65/><U42/><E99/><V1/><F1/><W24/><G24/><T8/><D29/><U53/><E31/><V56/><F56/><W97/><G28/><RYUUKYOKU ba="1,1" sc="240,15,250,-15,220,15,280,-15" hai0="3,5,8,10,11,17,20,27,55,57,62,64,67" hai2="12,15,18,19,23,33,34,36,40,46,77,83,84" /><INIT seed="2,2,1,0,2,133" ten="255,235,235,265" oya="2" hai0="106,82,2,0,118,30,100,116,71,58,119,115,34" hai1="105,91,84,113,15,130,50,12,32,60,37,81,99" hai2="78,109,111,107,102,29,7,97,103,42,77,25,129" hai3="33,76,57,59,127,31,98,72,80,48,22,61,56"/><V134/><F134/><W68/><G33/><T35/><D115/><U1/><E113/><V126/><F129/><W65/><G127/><T122/><D122/><U52/><E37/><V26/><F126/><W123/><G123/><T44/><D58/><U128/><E1/><N who="0" m="617" /><D71/><U62/><E32/><V86/><F7/><W43/><G98/><N who="0" m="61719" /><D30/><U54/><E105/><V38/><F103/><W125/><G125/><T70/><D70/><U41/><E99/><V49/><F38/><W63/><G31/><T51/><D82/><U40/><E130/><V87/><F87/><W114/><G22/><T13/><D13/><N who="1" m="5195" /><E128/><V24/><F29/><W64/><REACH who="3" step="1"/><G114/><REACH who="3" ten="255,235,235,255" step="2"/><T8/><D8/><U96/><E96/><V20/><F20/><W132/><G132/><T23/><D23/><U27/><E27/><V4/><F24/><W94/><G94/><T3/><D3/><U88/><E91/><V73/><F25/><W85/><G85/><T5/><D5/><U95/><E95/><V89/><F26/><W110/><G110/><N who="2" m="41993" /><F4/><W75/><G75/><T17/><D17/><U92/><E92/><N who="2" m="54327" /><F73/><W55/><G55/><AGARI ba="2,2" hai="34,35,44,51,55,116,118,119" m="61719,617" machi="55" ten="40,1300,0" yaku="12,1" doraHai="133" who="0" fromWho="3" sc="255,39,235,0,235,0,255,-19" /><INIT seed="3,0,0,4,0,2" ten="294,235,235,236" oya="3" hai0="22,72,26,57,25,82,59,81,53,126,135,101,4" hai1="95,127,125,112,120,16,70,93,78,21,115,67,86" hai2="50,119,89,97,104,55,60,18,48,68,133,64,14" hai3="51,0,37,134,111,88,44,83,24,116,107,28,79"/><W35/><G116/><T20/><D135/><U128/><E67/><V9/><F119/><W121/><G134/><T42/><D42/><U94/><E70/><V129/><F133/><W54/><G121/><T19/><D101/><U84/><E120/><V32/><F129/><W41/><G111/><T5/><D126/><N who="1" m="48139" /><E128/><V132/><F132/><W117/><G117/><T63/><D59/><U75/><E75/><V109/><F109/><W91/><G0/><T87/><D72/><U12/><E78/><V13/><F32/><W124/><G107/><T66/><D66/><U23/><E21/><V123/><F123/><W102/><G102/><T96/><D96/><U92/><N who="1" m="23552" /><DORA hai="73" /><U43/><E43/><V80/><F55/><W1/><G1/><T34/><D34/><U8/><E8/><V11/><F97/><W61/><G61/><T46/><D46/><U76/><E76/><V40/><F40/><W85/><REACH who="3" step="1"/><G124/><REACH who="3" ten="294,235,235,226" step="2"/><T69/><D63/><U103/><E103/><V56/><F104/><W62/><G62/><T45/><D69/><U33/><E115/><V58/><F68/><W3/><G3/><T71/><D71/><U36/><E112/><V17/><F17/><W52/><G52/><T90/><D53/><U47/><E33/><V31/><F31/><W30/><G30/><T38/><D19/><U74/><E16/><N who="2" m="8239" /><F58/><AGARI ba="0,1" hai="24,28,35,37,41,44,51,54,58,79,83,85,88,91" machi="58" ten="30,11600,0" yaku="1,1,7,1,52,1,54,1,53,0" doraHai="2,73" doraHaiUra="113,106" who="3" fromWho="2" sc="294,0,235,0,235,-116,226,126" owari="294,9.4,235,-16.5,119,-38.1,352,45.2" /></mjloggm>