<mjloggm ver="2.3"><GO type="225" lobby="0"/><UN n0="%E6%98%93%E5%88%A9%E8%96%A9%E4%BC%AF" n1="%E3%81%A4%E3%81%A3%E3%81%B1%E3%82%8A%E3%83%9D%E3%83%BC%E3%83%AB" n2="%E5%91%A8%E6%9D%B1" n3="%E3%83%81%E3%83%A7%E3%83%99%E3%83%83%E3%82%AF" dan="17,17,17,17" rate="2145.98,2142.94,2151.41,2141.40" sx="F,M,M,M"/><TAIKYOKU oya="0"/><INIT seed="0,0,0,5,5,75" ten="250,250,250,250" oya="0" hai0="135,93,7,14,51,26,66,110,83,74,35,42,6" hai1="60,72,84,95,131,127,31,118,79,96,17,86,54" hai2="4,132,36,104,58,103,124,109,87,115,37,73,28" hai3="41,70,105,25,76,61,53,107,44,10,67,1,63"/><T21/><D135/><U102/><E118/><V48/><F4/><W112/><G112/><T15/><D35/><U116/><E116/><V9/><F28/><W27/><G27/><T129/><D129/><U38/><E131/><V125/><F9/><W11/><G25/><T133/><D133/><U50/><E38/><V121/><F87/><W46/><G1/><T106/><D106/><U18/><E127/><V49/><F73/><W22/><G22/><T2/><D66/><U122/><E122/><V120/><F103/><W119/><G119/><T85/><D110/><U29/><E60/><V19/><F19/><N who="1" m="7177" /><E72/><V64/><F104/><W43/><G53/><T24/><D93/><U55/><E54/><V128/><F128/><W45/><G76/><T89/><D74/><U23/><E23/><V59/><F64/><W130/><G130/><T68/><D68/><U90/><E79/><V12/><F12/><N who="0" m="4650" /><D2/><U13/><E13/><V20/><F20/><W94/><G94/><T108/><D108/><U101/><E101/><V117/><F117/><W97/><G67/><T0/><D0/><U47/><E86/><V92/><F92/><AGARI ba="0,0" hai="29,31,47,50,55,84,90,92,95,96,102" m="7177" machi="92" ten="30,1000,0" yaku="8,1" doraHai="75" who="1" fromWho="2" sc="250,0,250,10,250,-10,250,0" /><INIT seed="1,0,0,5,4,48" ten="250,260,240,250" oya="1" hai0="88,78,73,50,66,29,46,103,92,14,124,13,86" hai1="115,4,56,67,33,63,6,128,130,60,77,90,80" hai2="98,83,131,81,114,120,54,26,5,95,96,119,123" hai3="110,52,23,132,69,97,75,102,19,55,106,126,99"/><U118/><E115/><V20/><F114/><W82/><G69/><T18/><D124/><U45/><E33/><V24/><F119/><W101/><G75/><T122/><D122/><U41/><E118/><V113/><F113/><W11/><G11/><T53/><D29/><U47/><E90/><V84/><F131/><N who="1" m="50217" /><E63/><V34/><F34/><W28/><G28/><T3/><D3/><U27/><E27/><V125/><F125/><W10/><G10/><T71/><D103/><U91/><E91/><N who="2" m="53735" /><F5/><N who="1" m="2153" /><E41/><V133/><F123/><W105/><G126/><T42/><D71/><U65/><E65/><V1/><F26/><W0/><G0/><T36/><D66/><U35/><E35/><V129/><F120/><W89/><G132/><T121/><D121/><U107/><E107/><V39/><F133/><W62/><G62/><T108/><D108/><U7/><N who="1" m="2161" /><U116/><DORA hai="40" /><E116/><V8/><F1/><W2/><G2/><T109/><D109/><U37/><E37/><V104/><F39/><W51/><G110/><T76/><D76/><U72/><AGARI ba="0,0" hai="45,47,56,60,67,72,77,80" m="2161,50217" machi="72" ten="40,7800,0" yaku="19,1,52,2" doraHai="48,40" who="1" fromWho="1" sc="250,-26,260,78,240,-26,250,-26" /><INIT seed="1,1,0,3,4,48" ten="224,338,214,224" oya="1" hai0="79,76,98,106,53,13,75,129,12,128,101,114,30" hai1="111,117,28,89,33,31,131,113,82,18,125,116,97" hai2="107,49,19,45,60,36,37,63,105,132,95,46,25" hai3="43,92,119,87,21,74,50,94,122,59,77,99,6"/><U130/><E113/><V66/><F132/><W54/><G122/><T100/><D114/><U47/><E125/><V39/><F95/><W109/><G109/><T65/><D65/><U4/><E111/><V2/><F2/><W1/><G1/><T23/><D101/><U86/><E4/><V81/><F81/><N who="3" m="47535" /><G74/><T10/><D75/><U62/><E33/><V112/><F112/><W67/><G6/><T68/><D68/><U26/><E62/><V17/><F25/><W90/><G119/><T83/><D53/><U85/><E97/><V44/><F49/><W134/><G134/><T42/><D42/><U102/><E102/><V5/><F5/><W69/><G69/><T15/><D10/><U41/><E86/><V78/><F78/><W91/><G43/><T7/><D7/><U135/><E135/><V103/><F103/><W9/><G9/><T24/><REACH who="0" step="1"/><D83/><REACH who="0" ten="214,338,214,224" step="2"/><U126/><E117/><V110/><F110/><W71/><G71/><T127/><D127/><U11/><E126/><V84/><F66/><W104/><G67/><T40/><D40/><U56/><E11/><V52/><F52/><W72/><G72/><T118/><D118/><U61/><E116/><V121/><F121/><W34/><G104/><T16/><D16/><N who="2" m="6218" /><F107/><W64/><G64/><T93/><D93/><U8/><E41/><V70/><F105/><W58/><G58/><T55/><D55/><N who="1" m="33951" /><E8/><V51/><F70/><W120/><G120/><T27/><D27/><U57/><E57/><V29/><F29/><W3/><G3/><T96/><D96/><U88/><E31/><V124/><F124/><RYUUKYOKU ba="1,1" sc="214,30,338,-10,214,-10,224,-10" hai0="12,13,15,23,24,30,76,79,98,100,106,128,129" /><INIT seed="2,2,1,0,0,8" ten="244,328,204,214" oya="2" hai0="0,58,85,127,12,40,62,77,65,33,113,131,81" hai1="50,37,54,91,111,26,105,71,27,130,116,49,97" hai2="52,100,73,3,63,11,36,22,86,107,99,7,109" hai3="102,134,125,24,79,108,121,9,29,70,32,31,114"/><V80/><F109/><W120/><G70/><T23/><D0/><U15/><E116/><V135/><F135/><W83/><G102/><T18/><D113/><U17/><E37/><V56/><F36/><W94/><G94/><T64/><D131/><U88/><E71/><V106/><F22/><W41/><G41/><T93/><D33/><U34/><E34/><V39/><F39/><W28/><G83/><T5/><D127/><U122/><E130/><V61/><F73/><W69/><G79/><T53/><D5/><U87/><E111/><V21/><F21/><W84/><G84/><T67/><D40/><U75/><E75/><V42/><F42/><W55/><G55/><T1/><D1/><U47/><E122/><N who="3" m="47210" /><G69/><T44/><REACH who="0" step="1"/><D93/><REACH who="0" ten="234,328,204,214" step="2"/><N who="1" m="56487" /><E105/><V57/><F107/><W124/><G108/><T115/><D115/><U112/><E112/><V78/><REACH who="2" step="1"/><F57/><REACH who="2" ten="234,328,194,214" step="2"/><W104/><G114/><T48/><AGARI ba="2,3" hai="12,18,23,44,48,53,58,62,64,65,67,77,81,85" machi="48" ten="30,7900,0" yaku="1,1,0,1,8,1,52,1,53,0" doraHai="8" doraHaiUra="89" who="0" fromWho="0" sc="234,115,328,-22,194,-41,214,-22" /><INIT seed="3,0,0,1,3,37" ten="349,306,153,192" oya="3" hai0="123,28,60,122,131,102,128,49,41,109,46,62,91" hai1="35,11,18,105,119,56,12,4,32,95,108,16,39" hai2="65,29,133,27,73,15,21,100,8,10,99,113,114" hai3="66,75,1,86,135,34,104,64,93,59,132,69,74"/><W90/><G1/><T0/><D102/><U81/><E105/><V110/><F73/><W107/><G34/><T23/><D0/><U118/><E39/><V14/><F110/><W68/><G59/><T127/><D91/><U30/><E95/><V38/><F38/><W120/><G120/><N who="0" m="46123" /><D127/><U121/><E121/><V25/><F65/><W44/><G44/><T76/><D76/><U33/><E81/><V78/><F78/><W55/><G55/><T82/><D82/><U88/><E56/><V61/><F61/><W47/><G47/><T89/><D89/><U106/><E88/><V72/><F72/><W36/><G36/><T40/><D109/><U129/><E106/><V51/><F51/><W53/><G53/><N who="0" m="29879" /><D23/><U43/><E43/><N who="0" m="16457" /><D28/><U45/><E45/><V22/><F100/><W77/><G90/><T94/><D94/><U42/><E42/><V117/><F99/><W116/><G93/><T96/><D96/><U103/><E103/><V130/><F117/><N who="1" m="44553" /><E108/><V97/><F97/><W6/><G116/><T20/><D62/><U13/><E30/><V57/><F57/><W92/><G92/><T67/><D60/><U5/><E5/><V2/><F29/><W52/><G6/><T80/><D80/><U98/><E98/><V126/><F126/><W19/><G77/><T31/><D31/><U70/><E4/><V9/><F2/><W54/><G54/><T85/><D85/><U125/><E125/><V101/><F101/><W84/><G19/><T83/><D83/><U111/><E18/><V79/><F79/><W134/><G134/><T7/><D7/><RYUUKYOKU ba="0,0" sc="349,-10,306,-10,153,-10,192,30" hai3="52,64,66,68,69,74,75,84,86,104,107,132,135" /><INIT seed="3,1,0,3,2,132" ten="339,296,143,222" oya="3" hai0="89,112,53,11,71,26,72,125,99,60,55,34,0" hai1="65,49,101,18,70,8,100,4,130,111,135,9,78" hai2="82,102,94,21,50,14,6,10,104,24,40,16,85" hai3="127,44,42,12,118,25,108,113,106,120,81,119,39"/><W69/><G69/><T3/><D72/><U52/><E135/><V83/><F104/><W45/><G106/><T114/><D125/><U91/><E111/><V131/><F131/><W79/><G113/><N who="0" m="43627" /><D99/><U107/><E107/><V97/><REACH who="2" step="1"/><F85/><REACH who="2" ten="339,296,133,222" step="2"/><W15/><G108/><T22/><D3/><U73/><E130/><V84/><F84/><W5/><G120/><T61/><D0/><U122/><E73/><V98/><F98/><W105/><G119/><T56/><D71/><U36/><E70/><V59/><F59/><W32/><G105/><T54/><D56/><U46/><E46/><AGARI ba="1,1" hai="6,10,14,16,21,24,40,46,50,82,83,94,97,102" machi="46" ten="40,8000,1" yaku="1,1,8,1,54,1,53,1" doraHai="132" doraHaiUra="43" who="2" fromWho="1" sc="339,0,296,-83,133,93,222,0" owari="339,43.9,213,-28.7,226,2.6,222,-17.8" /></mjloggm>