<mjloggm ver="2.3"><GO type="225" lobby="0"/><UN n0="%EF%BC%AE%EF%BC%A1%EF%BC%AF%33%33%39" n1="%E7%99%BD%E5%80%89%E5%AF%9B%E4%B9%8B" n2="%E6%9C%88%E5%B3%B6%E5%9F%BA" n3="%E3%81%BF%E3%81%BF%E3%81%9A" dan="16,16,16,17" rate="2106.87,2130.96,2119.43,2200.26" sx="M,M,M,M"/><TAIKYOKU oya="0"/><INIT seed="0,0,0,3,0,99" ten="250,250,250,250" oya="0" hai0="60,59,45,38,93,2,72,13,120,42,53,1,54" hai1="77,12,47,26,104,87,57,128,129,44,46,83,14" hai2="17,63,108,110,21,100,34,105,71,81,79,0,111" hai3="65,69,86,15,75,56,88,134,70,106,24,16,113"/><T96/><D72/><U40/><E104/><V125/><F34/><W4/><G113/><T43/><D120/><U82/><E40/><V58/><F0/><W130/><G75/><T22/><D43/><U73/><E57/><V127/><F71/><W8/><G106/><T94/><D94/><U117/><E26/><N who="2" m="14639" /><F105/><W11/><G130/><N who="1" m="50282" /><E117/><V109/><F100/><W66/><G134/><T9/><D22/><U19/><E19/><V119/><F119/><W51/><G70/><T85/><D85/><U50/><E50/><V116/><F116/><W49/><G69/><T132/><D54/><U7/><E7/><V68/><F68/><W118/><G118/><T131/><D132/><U6/><E6/><V64/><F110/><W27/><G27/><T32/><D32/><U112/><E112/><V122/><F122/><W29/><G29/><T33/><D33/><U39/><E39/><V5/><F5/><W95/><G24/><T36/><D36/><U48/><E48/><V123/><F123/><W90/><G51/><T37/><D37/><U135/><E135/><V97/><F97/><N who="3" m="57575" /><G49/><T23/><D131/><U31/><E31/><V18/><F18/><W35/><G56/><T55/><D38/><U107/><E107/><V20/><F20/><N who="3" m="11295" /><G35/><T62/><D59/><U133/><E133/><V102/><F109/><W74/><G74/><T121/><D121/><U114/><E114/><V3/><F111/><W76/><G76/><AGARI ba="0,0" hai="12,14,44,46,47,73,76,77,82,83,87" m="50282" machi="76" ten="30,1000,0" yaku="19,1" doraHai="99" who="1" fromWho="3" sc="250,0,250,10,250,0,250,-10" /><INIT seed="1,0,0,0,5,106" ten="250,260,250,240" oya="1" hai0="53,31,95,24,126,28,122,77,107,100,104,46,108" hai1="133,19,68,35,109,118,79,81,86,15,84,65,63" hai2="121,129,62,80,70,93,75,110,85,6,49,59,12" hai3="120,132,82,97,123,27,55,5,60,124,103,36,58"/><U48/><E35/><V125/><F121/><W10/><G36/><T78/><D122/><U89/><E118/><V25/><F110/><W26/><G124/><T83/><D108/><U41/><E109/><V112/><F125/><W66/><G132/><T54/><D126/><U90/><E133/><V91/><F129/><W8/><G8/><T43/><D95/><U64/><E64/><V114/><F70/><W119/><G119/><T9/><D9/><U47/><REACH who="1" step="1"/><E84/><REACH who="1" ten="250,250,250,240" step="2"/><V96/><F85/><W99/><G123/><T74/><D78/><U23/><AGARI ba="0,1" hai="15,19,23,41,47,48,63,65,68,79,81,86,89,90" machi="23" ten="20,7800,0" yaku="1,1,2,1,0,1,7,1,53,0" doraHai="106" doraHaiUra="52" who="1" fromWho="1" sc="250,-26,250,88,250,-26,240,-26" /><INIT seed="1,1,0,2,4,20" ten="224,338,224,214" oya="1" hai0="92,84,108,9,31,68,33,59,56,81,98,42,99" hai1="4,69,57,71,11,102,47,88,125,8,106,76,18" hai2="122,65,48,62,35,39,111,85,100,67,101,131,70" hai3="126,133,49,104,38,80,14,109,107,128,41,77,32"/><U129/><E129/><V2/><F122/><W72/><G49/><T22/><D68/><U66/><E125/><V79/><F131/><W6/><G128/><T61/><D33/><U7/><E76/><V10/><F39/><W63/><G126/><T44/><D9/><U5/><E102/><V52/><F35/><W83/><G83/><T112/><D112/><U90/><E106/><V34/><F34/><W50/><G50/><T121/><D121/><U51/><E71/><V91/><F67/><W110/><G63/><T94/><D108/><N who="3" m="41577" /><G32/><T115/><D115/><U24/><E69/><V82/><F111/><W132/><G14/><T17/><D31/><U95/><E57/><V116/><F116/><W54/><G54/><T127/><D127/><U25/><E66/><V40/><F40/><W1/><G6/><T74/><D74/><U117/><E117/><V26/><F26/><N who="1" m="10345" /><E18/><V78/><F78/><W37/><G1/><T113/><D113/><U123/><E123/><V45/><F79/><W87/><G87/><T13/><D59/><U21/><E21/><V29/><F29/><W75/><G72/><T119/><D119/><U97/><E90/><V3/><F3/><W103/><G38/><T60/><D56/><U12/><E11/><V130/><F130/><W27/><G27/><T124/><D124/><U23/><E23/><V30/><F30/><W55/><G103/><N who="2" m="39497" /><F10/><W89/><G89/><T118/><D118/><U53/><AGARI ba="1,0" hai="4,5,7,8,12,47,51,53,88,95,97" m="10345" machi="53" ten="30,12000,1" yaku="8,1,52,3,54,1" doraHai="20" who="1" fromWho="1" sc="224,-41,338,123,224,-41,214,-41" /><INIT seed="1,2,0,5,5,68" ten="183,461,183,173" oya="1" hai0="28,45,21,2,48,63,67,49,79,85,131,26,69" hai1="56,22,61,51,70,111,30,18,24,129,17,29,1" hai2="126,16,71,76,114,75,121,55,19,9,57,128,123" hai3="88,46,78,33,62,130,36,100,103,102,106,132,52"/><U66/><E1/><V94/><F71/><W0/><G33/><T23/><D2/><U107/><E107/><V5/><F126/><W60/><G0/><T127/><D127/><U20/><E129/><V7/><F128/><W80/><G130/><T116/><D131/><U54/><REACH who="1" step="1"/><E111/><REACH who="1" ten="183,451,183,173" step="2"/><V104/><F104/><W47/><G106/><T105/><D105/><U134/><E134/><V89/><F121/><W98/><G132/><T87/><D116/><U92/><E92/><V84/><F123/><W99/><G36/><T93/><D93/><U53/><E53/><V13/><F114/><W15/><G52/><T117/><D117/><U40/><E40/><V11/><F55/><W64/><G102/><T120/><D120/><U41/><E41/><V86/><F94/><W14/><G103/><T118/><D118/><U135/><E135/><V101/><F101/><W119/><G100/><T83/><D45/><U72/><E72/><V77/><F75/><N who="3" m="43103" /><G119/><T34/><D85/><U25/><AGARI ba="2,1" hai="17,18,20,22,24,25,29,30,51,54,56,61,66,70" machi="25" ten="20,7800,0" yaku="1,1,0,1,7,1,9,1,53,0" doraHai="68" doraHaiUra="8" who="1" fromWho="1" sc="183,-28,451,94,183,-28,173,-28" /><INIT seed="1,3,0,4,3,43" ten="155,545,155,145" oya="1" hai0="73,24,63,18,108,104,36,14,69,88,42,12,56" hai1="31,61,94,130,95,115,135,39,119,25,85,3,52" hai2="110,70,38,106,11,60,32,129,114,2,118,53,21" hai3="51,83,75,16,102,17,13,82,109,46,15,26,128"/><U101/><E39/><V50/><RYUUKYOKU type="yao9" ba="3,0" sc="155,0,545,0,155,0,145,0" hai2="2,11,21,32,38,50,53,60,70,106,110,114,118,129" /><INIT seed="1,4,0,1,3,62" ten="155,545,155,145" oya="1" hai0="79,18,11,113,130,63,88,49,97,30,41,135,78" hai1="104,94,29,19,14,109,86,101,15,22,122,74,117" hai2="20,125,129,67,8,87,114,77,58,84,25,131,6" hai3="7,9,34,68,89,12,39,75,73,40,56,85,103"/><U123/><E74/><V93/><F125/><W121/><G68/><T116/><D113/><U133/><E117/><V44/><F114/><W124/><G121/><T98/><D116/><U66/><E133/><V21/><F44/><W32/><G124/><T90/><D30/><U95/><E109/><V92/><F58/><W108/><G108/><T132/><D63/><U107/><E29/><N who="2" m="17575" /><F21/><W10/><G56/><T0/><D49/><U27/><E101/><V2/><F67/><W128/><G103/><T31/><D31/><U38/><E22/><V126/><F126/><W47/><G128/><N who="2" m="49225" /><F87/><W60/><G60/><T61/><D61/><U55/><E86/><V42/><F42/><W102/><G102/><T100/><D41/><U81/><E27/><V4/><F6/><W112/><G112/><T111/><D111/><U35/><E55/><V50/><F50/><W65/><G65/><T48/><D48/><U71/><E66/><V37/><F37/><W51/><G39/><T3/><D130/><U69/><E38/><V106/><F106/><W59/><G59/><T70/><D70/><U1/><E71/><V46/><F46/><W127/><G127/><T23/><D23/><U76/><E69/><V91/><F77/><W110/><G110/><T82/><D79/><U26/><E76/><V43/><F43/><W72/><REACH who="3" step="1"/><G9/><REACH who="3" ten="155,545,155,135" step="2"/><T33/><D11/><N who="1" m="6623" /><E122/><V119/><F119/><W96/><G96/><T28/><D98/><U5/><E123/><V57/><F57/><W54/><G54/><T115/><D115/><U105/><E107/><V120/><F120/><W53/><G53/><RYUUKYOKU ba="4,1" sc="155,-15,545,-15,155,15,135,15" hai2="2,4,8,84,91,92,93" hai3="7,10,12,32,34,40,47,51,72,73,75,85,89" /><INIT seed="2,5,1,2,5,14" ten="140,530,170,150" oya="2" hai0="108,31,28,113,53,94,3,116,83,50,104,58,43" hai1="32,54,42,7,135,133,20,78,18,57,39,91,124" hai2="103,2,90,6,85,128,69,84,73,19,0,29,11" hai3="115,95,66,112,109,81,44,16,52,87,102,55,82"/><V49/><F73/><W70/><G109/><T117/><D113/><N who="3" m="43593" /><G70/><T1/><D104/><U62/><E32/><V41/><F69/><W38/><G66/><T12/><D108/><U63/><E124/><V59/><F128/><W13/><G38/><T48/><D83/><N who="3" m="31753" /><G44/><N who="0" m="25631" /><D94/><U24/><E78/><V131/><F131/><W61/><G61/><T114/><D114/><U76/><E76/><V130/><F130/><W79/><G79/><T64/><D64/><U27/><E7/><V37/><F37/><W22/><G87/><T134/><D134/><U65/><E63/><V8/><F85/><W106/><G95/><T21/><D3/><U4/><E65/><V129/><F129/><W93/><G93/><T125/><D1/><U23/><E39/><V10/><F2/><W99/><AGARI ba="5,1" hai="13,16,22,52,55,99,102,106" m="31753,43593" machi="99" ten="30,7900,0" yaku="11,1,52,1,54,2" doraHai="14" who="3" fromWho="3" sc="140,-25,530,-25,170,-44,150,104" /><INIT seed="3,0,0,1,0,13" ten="115,505,126,254" oya="3" hai0="65,132,131,68,106,29,41,8,6,75,72,60,133" hai1="3,52,122,20,119,19,128,125,95,86,126,48,110" hai2="37,79,62,130,56,116,45,134,96,32,46,47,101" hai3="99,118,11,121,55,15,30,113,74,109,33,82,83"/><W100/><G113/><T80/><D106/><U120/><E3/><V53/><F116/><W117/><G121/><T18/><D29/><U44/><E119/><V34/><F37/><W64/><G83/><T25/><D41/><U85/><E110/><V38/><F38/><W66/><G66/><T26/><D131/><U84/><E128/><V127/><F130/><W2/><G109/><T59/><D68/><U69/><E95/><V78/><F127/><N who="1" m="48649" /><E69/><V1/><F1/><W92/><G2/><T70/><D70/><U97/><E97/><V54/><F134/><N who="0" m="51818" /><D80/><U35/><E35/><V43/><F43/><W63/><G55/><T90/><D90/><U9/><E9/><V124/><F124/><W4/><G74/><N who="0" m="28203" /><D6/><U23/><E23/><V49/><F34/><W61/><G61/><T7/><D7/><U36/><E36/><V114/><F32/><W73/><G30/><T5/><D5/><U112/><E112/><V67/><F114/><W14/><G33/><T87/><D87/><U50/><E50/><V10/><F10/><W111/><G111/><T16/><D8/><U81/><E81/><V76/><REACH who="2" step="1"/><F49/><REACH who="2" ten="115,505,116,254" step="2"/><W28/><G117/><T40/><D40/><U12/><AGARI ba="0,1" hai="12,19,20,44,48,52,84,85,86,120,122" m="48649" machi="12" ten="30,4000,0" yaku="18,1,52,1,54,1" doraHai="13" who="1" fromWho="1" sc="115,-10,505,50,116,-10,254,-20" owari="105,-39.5,555,65.5,106,-29.4,234,3.4" /></mjloggm>