<mjloggm ver="2.3"><GO type="225" lobby="0"/><UN n0="%EF%BC%AE%EF%BC%A1%EF%BC%AF%33%33%39" n1="%E7%99%BD%E5%80%89%E5%AF%9B%E4%B9%8B" n2="%6B%61%7A%75%73%61" n3="%E3%81%A4%E3%81%A3%E3%81%B1%E3%82%8A%E3%83%9D%E3%83%BC%E3%83%AB" dan="16,16,17,17" rate="2170.88,2149.32,2149.15,2153.29" sx="M,M,F,M"/><TAIKYOKU oya="0"/><INIT seed="0,0,0,0,5,81" ten="250,250,250,250" oya="0" hai0="87,131,130,30,101,53,111,126,74,80,58,27,127" hai1="108,25,98,57,90,62,70,28,121,31,84,52,13" hai2="19,16,91,61,32,106,72,94,26,67,22,105,65" hai3="128,20,119,89,76,51,116,56,14,102,38,43,113"/><T104/><D74/><U29/><E121/><V100/><F32/><W132/><G113/><T68/><D68/><U47/><E108/><V5/><F5/><W66/><G38/><T115/><D115/><U95/><E70/><V86/><F72/><W2/><G2/><T6/><D6/><U39/><E39/><V79/><F19/><N who="3" m="10359" /><G119/><T11/><D11/><U96/><E25/><V97/><F106/><W107/><G107/><T109/><D101/><U9/><E47/><V21/><F79/><W83/><G116/><T82/><D82/><U73/><E73/><V12/><F61/><N who="3" m="38183" /><G132/><T93/><D93/><U63/><E63/><V45/><F45/><N who="3" m="26047" /><G128/><N who="0" m="49195" /><D104/><U103/><E103/><V0/><F0/><W135/><G135/><T78/><D53/><U46/><E46/><V55/><F55/><W118/><G118/><T8/><D8/><U69/><E69/><V117/><F117/><W88/><G102/><T85/><D58/><U59/><E59/><V40/><F40/><W92/><G92/><T125/><D27/><U122/><E122/><V64/><REACH who="2" step="1"/><F26/><REACH who="2" ten="250,250,240,250" step="2"/><W10/><G10/><AGARI ba="0,1" hai="10,12,16,21,22,64,65,67,86,91,94,97,100,105" machi="10" ten="40,8000,1" yaku="1,1,2,1,52,1,54,1,53,0" doraHai="81" doraHaiUra="44" who="2" fromWho="3" sc="250,0,250,0,240,90,250,-80" /><INIT seed="1,0,0,2,2,29" ten="250,250,330,170" oya="1" hai0="125,130,99,9,22,103,79,52,46,7,67,90,42" hai1="51,121,43,45,66,53,38,10,100,112,35,120,73" hai2="89,127,34,27,40,59,113,110,17,64,94,41,70" hai3="57,105,98,77,12,119,114,131,48,86,30,28,24"/><U78/><E100/><V62/><F110/><W122/><G114/><T83/><D67/><U15/><E112/><V60/><F127/><W4/><G122/><T91/><D125/><U76/><E66/><V47/><F113/><W39/><G39/><T80/><D22/><U44/><E35/><V68/><F68/><W74/><G74/><T13/><D130/><U101/><E101/><V87/><F47/><W36/><G36/><T31/><D31/><U88/><E88/><V117/><F117/><W106/><G131/><T97/><D83/><U1/><E78/><V108/><F108/><W123/><G30/><T75/><D97/><U132/><E132/><V128/><F128/><W16/><G4/><T133/><D133/><U116/><E116/><V3/><F3/><W72/><G72/><T50/><REACH who="0" step="1"/><D42/><REACH who="0" ten="240,250,330,170" step="2"/><U55/><E121/><V19/><F40/><W81/><G98/><T69/><D69/><U124/><E120/><V84/><F41/><W56/><G123/><T21/><D21/><U96/><E96/><V107/><F64/><W135/><G135/><T14/><D14/><U2/><E124/><V25/><F70/><W85/><G119/><T65/><D65/><U129/><E129/><V37/><F27/><W115/><G115/><T33/><D33/><U71/><E71/><V23/><F34/><N who="3" m="20743" /><G86/><T32/><D32/><U54/><E1/><V18/><F84/><W11/><G106/><AGARI ba="0,1" hai="7,9,13,46,50,52,75,79,80,90,91,99,103,106" machi="106" ten="30,3900,0" yaku="1,1,7,1,54,1,53,0" doraHai="29" doraHaiUra="61" who="0" fromWho="3" sc="240,49,250,0,330,0,170,-39" /><INIT seed="2,0,0,2,0,46" ten="289,250,330,131" oya="2" hai0="115,102,130,92,53,36,33,40,13,80,133,2,37" hai1="110,61,26,5,86,34,62,75,51,38,23,7,14" hai2="117,18,39,119,47,82,95,9,131,45,1,122,129" hai3="25,21,65,27,97,104,94,89,4,81,96,127,68"/><V60/><F122/><W29/><G127/><T85/><D2/><U15/><E38/><V121/><F121/><W11/><G68/><T134/><D33/><U24/><E75/><V98/><F39/><W32/><G65/><T52/><D115/><U3/><E34/><V93/><F60/><N who="1" m="23145" /><E3/><V67/><F67/><W132/><G132/><N who="0" m="50795" /><D130/><N who="2" m="49674" /><F82/><W118/><G118/><T57/><D40/><U73/><E110/><V48/><F45/><W17/><G81/><T107/><D107/><U16/><E73/><V70/><F70/><W120/><G120/><T84/><D13/><N who="1" m="4619" /><E86/><N who="0" m="33385" /><D80/><U87/><E87/><V28/><F28/><W108/><G108/><T111/><D111/><U78/><E78/><V135/><F1/><W90/><G104/><T83/><D83/><U69/><E69/><V19/><F9/><W63/><G63/><N who="0" m="36263" /><D53/><U116/><E116/><V58/><F117/><W56/><G56/><T55/><D55/><U100/><E100/><V6/><F58/><W44/><G44/><T101/><D101/><U125/><E125/><V71/><F47/><W124/><G124/><T76/><D76/><U8/><E8/><V35/><F71/><W41/><G41/><T12/><D12/><U77/><E77/><V88/><F135/><W66/><G66/><T99/><AGARI ba="0,0" hai="36,37,92,99,102" m="36263,33385,50795" machi="99" ten="30,2000,0" yaku="20,1,54,1" doraHai="46" who="0" fromWho="0" sc="289,20,250,-5,330,-10,131,-5" /><INIT seed="3,0,0,5,2,2" ten="309,245,320,126" oya="3" hai0="68,18,56,32,46,30,34,63,47,52,60,87,54" hai1="109,5,89,125,99,61,107,20,111,92,28,132,110" hai2="97,31,75,41,121,35,96,27,4,67,55,133,101" hai3="39,114,36,42,128,71,19,135,66,83,80,11,129"/><W65/><G19/><T90/><D32/><U122/><E122/><V84/><F75/><W85/><G85/><T49/><D34/><U23/><E132/><V117/><F117/><W62/><G11/><T21/><D30/><U16/><E125/><V103/><F133/><W17/><G17/><T131/><D131/><N who="3" m="50249" /><G135/><T104/><D104/><U3/><E107/><V112/><F112/><W58/><G83/><N who="0" m="49535" /><D68/><U127/><E127/><V108/><F4/><W48/><G80/><T1/><D1/><U105/><E61/><N who="0" m="23625" /><D54/><U124/><E124/><V106/><F55/><N who="3" m="32103" /><G66/><T77/><D77/><U26/><E105/><V8/><F67/><W113/><G36/><T33/><D33/><U9/><E23/><V81/><F121/><W50/><G50/><T72/><D72/><U126/><E126/><V69/><F69/><W82/><G82/><T102/><D102/><U78/><E78/><V98/><F101/><W53/><G53/><T44/><D56/><U79/><E79/><V88/><F41/><W22/><G22/><T74/><D74/><U64/><E64/><V94/><F8/><W59/><G59/><T118/><D118/><U13/><E3/><V57/><F57/><W29/><G29/><AGARI ba="0,0" hai="5,9,13,16,20,26,28,29,89,92,99,109,110,111" machi="29" ten="40,5200,0" yaku="14,1,52,1,54,1" doraHai="2" who="1" fromWho="3" sc="309,0,245,52,320,0,126,-52" owari="309,10.9,297,-10.3,320,42.0,74,-42.6" /></mjloggm>