<mjloggm ver="2.3"><GO type="225" lobby="0"/><UN n0="%E6%98%93%E5%88%A9%E8%96%A9%E4%BC%AF" n1="%E5%8D%A0%E3%81%84%E5%B8%AB%E8%A3%8F%E3%81%AA%E3%81%84%E3%81%97" n2="%E3%80%93%E3%81%97%E3%83%BC%E3%82%89%E3%80%93" n3="%E5%90%91%E4%BA%95%E7%A7%80%E5%BE%B3" dan="16,17,16,16" rate="2150.15,2212.01,2124.62,2016.09" sx="F,M,M,M"/><TAIKYOKU oya="0"/><INIT seed="0,0,0,0,3,23" ten="250,250,250,250" oya="0" hai0="123,16,80,101,1,75,99,110,119,62,45,57,51" hai1="40,34,4,5,91,18,107,15,8,111,22,58,114" hai2="127,122,12,84,41,104,10,26,79,64,133,19,65" hai3="86,30,50,131,113,108,100,76,95,85,103,25,67"/><T74/><D1/><U132/><E107/><V109/><F104/><W52/><G113/><T43/><D119/><U21/><E114/><V69/><F122/><W68/><G108/><T117/><D117/><U48/><E111/><V36/><F109/><W116/><G116/><T61/><D123/><U97/><E34/><V87/><F127/><W92/><G131/><T6/><D6/><U32/><E32/><V38/><F133/><W2/><G2/><T121/><D62/><U93/><E132/><V11/><F69/><W66/><G68/><T39/><D39/><U47/><E21/><N who="2" m="13631" /><F38/><W3/><G3/><T33/><D33/><U83/><E58/><V24/><F36/><W28/><G76/><T29/><D29/><U106/><E106/><V126/><F41/><W130/><G130/><T129/><D129/><U27/><REACH who="1" step="1"/><E83/><REACH who="1" ten="250,240,250,250" step="2"/><V56/><F126/><W31/><G95/><T105/><D80/><U96/><E96/><V102/><F56/><N who="3" m="32791" /><G92/><T63/><D110/><U7/><AGARI ba="0,1" hai="4,5,7,8,15,18,22,27,40,47,48,91,93,97" machi="7" ten="20,8000,1" yaku="1,1,0,1,7,1,8,1,52,1,53,0" doraHai="23" doraHaiUra="82" who="1" fromWho="1" sc="250,-40,240,90,250,-20,250,-20" /><INIT seed="1,0,0,0,5,122" ten="210,330,230,230" oya="1" hai0="112,105,32,101,97,104,78,86,22,61,0,6,35" hai1="127,66,51,44,3,15,30,129,126,90,28,38,89" hai2="84,2,16,110,133,1,49,18,82,62,115,99,54" hai3="19,45,41,42,55,94,109,11,135,71,13,27,23"/><U131/><E3/><V85/><F115/><W102/><G71/><T43/><D112/><U108/><E38/><V107/><F133/><W116/><G135/><T79/><D105/><U98/><E66/><V53/><F62/><W88/><G116/><T95/><D43/><U123/><E123/><V24/><F24/><W40/><G102/><T60/><D35/><U119/><E119/><V111/><F107/><W46/><G109/><N who="2" m="41481" /><F99/><W69/><G69/><T64/><D32/><U52/><E108/><V21/><F85/><N who="3" m="52495" /><G55/><N who="2" m="21001" /><F49/><W10/><G10/><T58/><D61/><U118/><E118/><V20/><F20/><W134/><G134/><T33/><D33/><U75/><E98/><V87/><F87/><W103/><G103/><T121/><D22/><U72/><E72/><V83/><F83/><W39/><G39/><T65/><D121/><U56/><E75/><V92/><F92/><W100/><G100/><T68/><D104/><U34/><E34/><V25/><F18/><AGARI ba="0,0" hai="11,13,18,19,23,27,40,41,42,45,46" m="52495" machi="18" ten="30,2000,0" yaku="8,1,54,1" doraHai="122" who="3" fromWho="2" sc="210,0,330,0,230,-20,230,20" /><INIT seed="2,0,0,5,4,130" ten="210,330,210,250" oya="2" hai0="87,129,48,105,88,57,124,27,117,47,32,99,31" hai1="86,52,26,74,85,112,62,67,51,126,79,43,93" hai2="53,89,134,71,115,13,133,104,97,21,66,106,9" hai3="30,70,68,73,1,132,7,35,96,127,102,19,55"/><V90/><F115/><W98/><G73/><T128/><D117/><U41/><E112/><V75/><F75/><W103/><G127/><T25/><D57/><U5/><E126/><V23/><F53/><W56/><G132/><N who="2" m="50793" /><F66/><W54/><G35/><T118/><D118/><U33/><E41/><V119/><F71/><W34/><G34/><T11/><D11/><U78/><E43/><V123/><F119/><W111/><G30/><T83/><D27/><U107/><E52/><V60/><F60/><W63/><G111/><T64/><D64/><U10/><E62/><V22/><F123/><W36/><G36/><T94/><D105/><N who="2" m="40554" /><F97/><W101/><G98/><T15/><D15/><U65/><E67/><V24/><F24/><W28/><G96/><T44/><D124/><U110/><E74/><V121/><F121/><W95/><G68/><T113/><D113/><U91/><E26/><V14/><F14/><W59/><G70/><T69/><D69/><U109/><E109/><V84/><F84/><W20/><G54/><T58/><D58/><U131/><E86/><V114/><F114/><W17/><G56/><T81/><D47/><U29/><E85/><V122/><F122/><W100/><G63/><T116/><D116/><U82/><E65/><V45/><F45/><W77/><G59/><T39/><D83/><U61/><E61/><V125/><F125/><W108/><G55/><N who="0" m="30087" /><D81/><U38/><E110/><V2/><F2/><W18/><G108/><T37/><D99/><U3/><E3/><V49/><F49/><W50/><N who="3" m="25600" /><DORA hai="135" /><W4/><G50/><T16/><D39/><RYUUKYOKU ba="0,0" sc="210,-10,330,-10,210,30,250,-10" hai2="9,13,21,22,23,89,90" /><INIT seed="2,1,0,4,2,131" ten="200,320,240,240" oya="2" hai0="118,90,38,110,109,108,18,75,65,11,37,63,135" hai1="19,100,107,82,67,125,103,71,5,70,123,117,27" hai2="13,79,96,69,91,80,45,62,43,24,58,89,14" hai3="99,53,95,119,133,116,33,35,127,3,113,28,34"/><V88/><F69/><W106/><G106/><T51/><D75/><U52/><E117/><V87/><F24/><W44/><G3/><T102/><D102/><U23/><E125/><V50/><REACH who="2" step="1"/><F96/><REACH who="2" ten="200,320,230,240" step="2"/><W30/><G119/><T74/><D118/><U55/><E27/><V10/><F10/><W98/><G116/><T78/><D109/><U66/><E70/><V32/><F32/><W121/><G33/><T120/><D11/><U97/><E97/><V47/><F47/><W2/><G34/><T129/><D110/><U22/><E71/><V101/><F101/><W12/><G35/><T72/><D108/><U124/><E103/><V57/><F57/><W83/><G99/><T112/><D120/><U60/><E100/><V54/><AGARI ba="1,1" hai="13,14,43,45,50,54,58,62,79,80,87,88,89,91" machi="54" ten="30,11700,0" yaku="1,1,0,1,8,1,54,1,53,0" doraHai="131" doraHaiUra="115" who="2" fromWho="2" sc="200,-40,320,-40,230,130,240,-40" /><INIT seed="2,2,0,3,0,57" ten="160,280,360,200" oya="2" hai0="95,7,16,35,96,108,132,24,78,4,120,34,53" hai1="113,58,29,114,54,121,101,21,1,6,76,97,129" hai2="87,10,62,75,67,66,32,80,123,28,43,105,14" hai3="81,20,5,131,126,92,86,90,128,44,56,47,79"/><V112/><F105/><W130/><G126/><T134/><D120/><U69/><E69/><V9/><F75/><W27/><G5/><N who="0" m="2123" /><D78/><U118/><E118/><V125/><F112/><W2/><G2/><T51/><D96/><U91/><E129/><V3/><F3/><W88/><G56/><T64/><D51/><U15/><E76/><V48/><F125/><W50/><G50/><T11/><D95/><U116/><E1/><V93/><F93/><W55/><G55/><T109/><D53/><U85/><E116/><V23/><F67/><W46/><REACH who="3" step="1"/><G92/><REACH who="3" ten="160,280,360,190" step="2"/><T115/><D64/><U33/><E58/><N who="2" m="37207" /><F48/><W68/><G68/><T122/><D115/><U39/><E54/><V40/><F40/><W107/><G107/><T37/><D37/><U94/><E39/><V65/><F43/><W84/><G84/><T83/><D122/><U104/><E121/><V30/><F87/><W45/><N who="3" m="11264" /><DORA hai="49" /><W61/><G61/><T82/><D82/><U36/><E36/><V22/><F80/><W13/><G13/><N who="0" m="7231" /><D83/><U70/><E70/><V19/><F65/><W135/><G135/><N who="0" m="51755" /><D24/><N who="1" m="18599" /><E114/><V133/><F133/><W8/><G8/><T127/><D127/><U12/><E113/><V59/><F10/><W60/><G60/><T89/><D89/><U18/><E6/><V72/><F9/><W106/><G106/><T26/><D26/><N who="1" m="14647" /><E104/><V102/><F123/><W117/><G117/><T119/><D119/><U98/><E85/><V0/><F0/><W74/><G74/><T124/><D124/><U110/><E94/><V41/><F72/><W17/><AGARI ba="2,1" hai="17,20,27,79,81,86,88,90,128,130,131" m="11264" machi="17" ten="50,8000,1" yaku="1,1,0,1,19,1,54,1,53,0" doraHai="57,49" doraHaiUra="31,71" who="3" fromWho="3" sc="160,-22,280,-22,360,-42,190,96" /><INIT seed="3,0,0,3,5,69" ten="138,258,318,286" oya="3" hai0="61,24,98,13,36,103,63,5,106,2,86,110,84" hai1="47,21,93,78,16,30,52,46,128,19,34,79,123" hai2="122,131,32,101,71,1,70,112,130,44,23,53,88" hai3="41,62,20,95,33,4,29,49,115,11,42,3,65"/><W45/><G115/><T104/><D110/><U73/><E123/><V85/><F32/><W9/><G33/><T90/><D2/><U59/><E128/><N who="2" m="49195" /><F112/><W133/><G133/><T54/><D106/><U83/><E34/><V116/><F1/><W107/><G107/><T129/><D129/><U81/><E30/><V6/><F6/><W38/><G9/><T57/><D24/><U97/><E19/><V76/><F76/><W64/><G64/><T17/><D5/><U105/><E105/><V111/><F111/><W125/><G125/><T114/><D114/><U135/><E135/><V12/><F101/><W55/><G38/><T119/><D119/><U15/><E93/><N who="2" m="54415" /><F122/><W48/><G48/><T28/><D28/><U92/><E92/><V124/><F124/><W87/><G95/><T58/><D90/><U109/><E97/><V80/><F80/><W27/><REACH who="3" step="1"/><G87/><REACH who="3" ten="138,258,318,276" step="2"/><T35/><D35/><U113/><E113/><V18/><F116/><W22/><G22/><T8/><REACH who="0" step="1"/><D36/><REACH who="0" ten="128,258,318,276" step="2"/><U89/><E109/><V77/><F77/><W74/><G74/><T14/><D14/><U60/><E89/><V121/><F121/><W26/><G26/><T96/><D96/><U37/><E37/><V66/><F66/><AGARI ba="0,2" hai="8,13,17,54,57,58,61,63,66,84,86,98,103,104" machi="66" ten="30,2000,0" yaku="1,1,7,1,53,0" doraHai="69" doraHaiUra="91" who="0" fromWho="2" sc="128,40,258,0,318,-20,276,0" /><INIT seed="4,0,0,2,1,39" ten="168,258,298,276" oya="0" hai0="33,3,110,54,15,129,64,79,21,116,28,11,92" hai1="22,56,1,47,35,76,26,131,5,74,96,9,45" hai2="13,114,127,4,14,112,25,78,48,43,62,82,90" hai3="46,104,134,55,42,19,44,8,69,20,37,30,72"/><T100/><D116/><U66/><E35/><V67/><F127/><W50/><G104/><T125/><D125/><U109/><E109/><V99/><F25/><W16/><G72/><T102/><D33/><U119/><E119/><V105/><F4/><W94/><G69/><T84/><D110/><U12/><E131/><V18/><F43/><W85/><G134/><T91/><D129/><U65/><E1/><V27/><F48/><W10/><G30/><T130/><D130/><U71/><E71/><N who="2" m="42487" /><F27/><W120/><G120/><T58/><D64/><U111/><E111/><V98/><F90/><W52/><G55/><T38/><D38/><U126/><E126/><V124/><F124/><W133/><G133/><T128/><D128/><U83/><E65/><V93/><F93/><W87/><G19/><T36/><D36/><U117/><E117/><V51/><F51/><N who="3" m="28775" /><G37/><T80/><D3/><U7/><E7/><V113/><F105/><W118/><G118/><T29/><D102/><U32/><E32/><V17/><F17/><W70/><G70/><T60/><D100/><U73/><E73/><N who="2" m="43343" /><F13/><N who="3" m="9231" /><G94/><T108/><D21/><AGARI ba="0,0" hai="14,18,21,98,99,112,113,114" m="43343,42487" machi="21" ten="30,1000,0" yaku="15,1" doraHai="39" who="2" fromWho="0" sc="168,-10,258,0,298,10,276,0" owari="158,-34.2,258,-14.2,308,40.8,276,7.6" /></mjloggm>