<mjloggm ver="2.3"><GO type="225" lobby="0"/><UN n0="%E6%81%A5%E6%99%92%E3%81%97" n1="%72%69%6F%75%63%68%61%6E" n2="%6B%75%7A%75%6E" n3="%E6%98%93%E5%88%A9%E8%96%A9%E4%BC%AF" dan="16,16,17,17" rate="2157.83,2185.93,2154.74,2175.66" sx="M,M,M,F"/><TAIKYOKU oya="0"/><INIT seed="0,0,0,0,4,99" ten="250,250,250,250" oya="0" hai0="113,98,67,31,57,13,76,108,39,10,69,97,74" hai1="48,101,38,117,8,2,11,19,3,100,105,51,85" hai2="119,71,54,9,131,122,129,123,12,56,32,106,34" hai3="4,58,27,24,33,45,0,70,23,22,7,75,59"/><T77/><D113/><U89/><E117/><V124/><F71/><W1/><G70/><T87/><D74/><U88/><E38/><V92/><F106/><W111/><G45/><T5/><D69/><U43/><E105/><V115/><F92/><W127/><G75/><T61/><D39/><U47/><E19/><V63/><F115/><W30/><G59/><T93/><D108/><U107/><E107/><V128/><F124/><W81/><G58/><T35/><D35/><N who="2" m="13354" /><F119/><W14/><G81/><T134/><D134/><U17/><E17/><AGARI ba="0,0" hai="9,12,17,54,56,63,122,123,128,129,131" m="13354" machi="17" ten="40,1300,0" yaku="19,1" doraHai="99" who="2" fromWho="1" sc="250,0,250,-13,250,13,250,0" /><INIT seed="1,0,0,2,5,44" ten="250,237,263,250" oya="1" hai0="62,23,82,76,95,131,96,73,43,10,79,27,46" hai1="2,132,63,48,45,103,86,25,58,49,12,24,126" hai2="14,111,20,70,125,38,75,135,0,116,113,35,94" hai3="8,121,87,5,97,7,102,101,52,21,99,128,60"/><U55/><E2/><V98/><F20/><W91/><G128/><T39/><D131/><U64/><E126/><V11/><F94/><W33/><G33/><T32/><D32/><U130/><E130/><V37/><F98/><W78/><G78/><T53/><D79/><U17/><E132/><V66/><F11/><W104/><G21/><T105/><D10/><N who="1" m="6295" /><E103/><V22/><F22/><W110/><G110/><T122/><D122/><U123/><E123/><V71/><F66/><W61/><G121/><T119/><D119/><U107/><E107/><V13/><F0/><W56/><G61/><T67/><D105/><U129/><E129/><V3/><F3/><W85/><G85/><T34/><D53/><N who="1" m="29839" /><E86/><V51/><F35/><W18/><G18/><T57/><D34/><U9/><E9/><V89/><F125/><W100/><G104/><T80/><D76/><U83/><E83/><V16/><F135/><W90/><G90/><T28/><REACH who="0" step="1"/><D73/><REACH who="0" ten="240,237,263,250" step="2"/><U108/><E108/><V68/><F111/><W124/><G124/><T36/><D36/><U54/><E54/><V117/><F37/><W4/><REACH who="3" step="1"/><G8/><REACH who="3" ten="240,237,263,240" step="2"/><T109/><D109/><U74/><E74/><V42/><F75/><W112/><G112/><T50/><D50/><U120/><E120/><V26/><F113/><W115/><G115/><T133/><D133/><U114/><E114/><V30/><F51/><W92/><AGARI ba="0,2" hai="4,5,7,52,56,60,87,91,92,97,99,100,101,102" machi="92" ten="30,7900,0" yaku="1,1,0,1,8,1,54,1,53,0" doraHai="44" doraHaiUra="134" who="3" fromWho="3" sc="240,-20,237,-39,263,-20,240,99" /><INIT seed="2,0,0,5,2,62" ten="220,198,243,339" oya="2" hai0="68,125,58,31,13,112,134,72,93,27,29,86,63" hai1="78,95,133,110,33,28,64,83,107,77,124,41,61" hai2="71,119,44,97,51,103,102,65,23,129,22,75,36" hai3="16,88,2,4,128,5,67,100,38,108,15,76,46"/><V43/><F119/><W94/><G108/><T24/><D112/><U99/><E110/><V73/><F129/><W6/><G128/><T10/><D72/><U39/><E124/><V1/><F103/><W69/><G76/><T130/><D125/><U49/><E133/><V96/><F96/><W82/><G82/><T111/><D111/><U45/><E107/><V25/><F23/><W74/><G74/><T50/><D68/><U98/><E39/><V121/><F121/><W11/><G100/><T21/><D50/><U20/><E33/><V32/><F1/><W59/><G69/><T105/><D105/><U30/><E20/><V117/><F51/><W40/><G59/><T70/><D70/><U106/><E106/><N who="2" m="63823" /><F22/><W131/><G131/><T114/><D114/><U132/><E132/><V3/><F3/><W17/><G17/><N who="0" m="8375" /><D21/><U53/><E41/><V37/><F37/><W66/><REACH who="3" step="1"/><G2/><REACH who="3" ten="220,198,243,329" step="2"/><T80/><D130/><U14/><E77/><V85/><F75/><W79/><G79/><T92/><D31/><N who="1" m="11819" /><E95/><N who="0" m="36425" /><D29/><U12/><E78/><V84/><F73/><W91/><G91/><N who="0" m="51655" /><D134/><U122/><E122/><V35/><F35/><W56/><G56/><T0/><D0/><U9/><E83/><V104/><F104/><W101/><G101/><T55/><AGARI ba="0,1" hai="24,27,55,58,63" m="51655,36425,8375" machi="55" ten="30,1100,0" yaku="8,1" doraHai="62" who="0" fromWho="0" sc="220,21,198,-3,243,-5,329,-3" /><INIT seed="3,0,0,3,1,24" ten="241,195,238,326" oya="3" hai0="96,78,103,76,27,91,127,42,32,7,119,87,15" hai1="69,109,33,57,8,98,70,79,62,10,135,128,37" hai2="19,84,85,130,80,68,64,94,25,3,30,52,125" hai3="23,2,122,108,14,56,116,71,20,111,89,45,126"/><W86/><G71/><T54/><D119/><U123/><E123/><V105/><F105/><W104/><G2/><T22/><D32/><U101/><E37/><V1/><F125/><W51/><G104/><T77/><D42/><U107/><E128/><V95/><F130/><W83/><G126/><T50/><D103/><U13/><E135/><V29/><F68/><W39/><G116/><T21/><D96/><U131/><E131/><V132/><F64/><W34/><G34/><T102/><D102/><U72/><E109/><V63/><F132/><W67/><G39/><T134/><D127/><U66/><E33/><V81/><F19/><W90/><G90/><T117/><D27/><U43/><E43/><V12/><F25/><W124/><G122/><T16/><D7/><U113/><E113/><V47/><F12/><W4/><G4/><T73/><D73/><U60/><E13/><V133/><F133/><W36/><G36/><T75/><D75/><U74/><E74/><V115/><F52/><N who="3" m="29807" /><G14/><T11/><D117/><U55/><REACH who="1" step="1"/><E69/><REACH who="1" ten="241,185,238,326" step="2"/><V106/><F115/><W40/><G40/><T100/><D134/><U97/><E97/><V53/><F53/><W93/><G111/><T46/><D54/><U121/><E121/><V49/><F3/><W112/><G108/><T48/><D15/><U82/><AGARI ba="0,1" hai="8,10,55,57,60,62,66,70,72,79,82,98,101,107" machi="82" ten="30,2000,0" yaku="1,1,0,1,53,0" doraHai="24" doraHaiUra="9" who="1" fromWho="1" sc="241,-5,185,30,238,-5,326,-10" owari="236,3.6,215,-28.5,233,-16.7,316,41.6" /></mjloggm>