<mjloggm ver="2.3"><GO type="225" lobby="0"/><UN n0="%E3%83%B4%E3%83%A0%EF%BC%99%E3%81%A6" n1="%E6%9D%B1%E9%A2%A8%E3%81%AE%E3%81%8D%E3%82%83%E3%81%B7%E3%81%95%E3%82%93" n2="%4C%E3%82%AA%E3%83%97%E3%83%86%E3%82%A3%E3%82%B8%E3%83%B3%E3%82%AF" n3="%72%61%6B%33" dan="17,16,16,16" rate="2129.19,2155.79,2121.48,2099.35" sx="M,M,M,M"/><TAIKYOKU oya="0"/><INIT seed="0,0,0,3,4,15" ten="250,250,250,250" oya="0" hai0="80,95,2,114,100,59,11,42,40,68,119,13,4" hai1="41,90,10,67,55,131,121,38,28,76,113,72,60" hai2="123,111,108,124,65,34,50,109,127,36,77,110,17" hai3="61,47,69,82,39,117,86,89,24,94,79,122,130"/><T81/><D114/><U16/><E121/><V27/><F123/><W134/><G122/><T96/><D68/><U46/><E28/><N who="2" m="19743" /><F36/><W93/><G130/><T14/><D119/><U85/><E131/><V53/><N who="2" m="27648" /><DORA hai="105" /><V62/><F77/><W35/><G134/><T26/><D26/><U88/><E113/><V32/><F32/><W56/><G69/><T8/><D2/><U25/><E55/><V57/><F17/><W29/><G117/><T63/><D42/><U91/><E72/><V70/><AGARI ba="0,0" hai="50,53,57,62,65,70,124,127" m="27648,19743" machi="70" ten="60,2000,0" yaku="14,1" doraHai="15,105" who="2" fromWho="2" sc="250,-10,250,-5,250,20,250,-5" /><INIT seed="1,0,0,2,0,74" ten="240,245,270,245" oya="1" hai0="43,73,44,36,9,41,40,113,71,45,134,63,14" hai1="20,119,99,132,124,115,104,12,89,35,128,103,30" hai2="102,18,23,69,6,22,42,0,61,58,8,16,60" hai3="15,93,29,49,28,79,106,130,127,46,70,4,129"/><U88/><E115/><V109/><F109/><W31/><G106/><T56/><D113/><U98/><E119/><V96/><F42/><W2/><G70/><T5/><D134/><U85/><E132/><V101/><F69/><W83/><G2/><T114/><D114/><U33/><E128/><V118/><F118/><W105/><G93/><T76/><D71/><U62/><E124/><V7/><F7/><W94/><G94/><T125/><D125/><U112/><E112/><V53/><F61/><W65/><G105/><T107/><D107/><U78/><E62/><V64/><F53/><W86/><G65/><T84/><D73/><U100/><E78/><V13/><REACH who="2" step="1"/><F96/><REACH who="2" ten="240,245,260,245" step="2"/><W122/><G127/><T97/><D97/><U72/><E99/><V21/><F21/><W126/><G126/><T110/><D110/><U57/><E98/><V38/><F38/><W120/><G130/><T51/><D36/><U27/><E100/><V135/><F135/><W80/><G129/><T47/><D63/><U25/><E103/><V54/><F54/><W108/><G108/><T48/><D56/><U133/><E104/><V67/><F67/><W75/><G46/><T10/><D10/><U117/><E133/><V90/><F90/><W1/><G49/><T52/><D48/><U81/><E89/><V32/><F32/><W91/><G1/><T68/><D68/><U55/><E35/><V17/><F17/><W77/><REACH who="3" step="1"/><G91/><REACH who="3" ten="240,245,260,235" step="2"/><T59/><D44/><U50/><E117/><V34/><F34/><W116/><G116/><T3/><D3/><U131/><E131/><V66/><F66/><RYUUKYOKU ba="0,2" sc="240,10,245,-30,260,10,235,10" hai0="5,9,14,40,41,43,45,47,51,52,59,76,84" hai2="0,6,8,13,16,18,22,23,58,60,64,101,102" hai3="4,15,28,29,31,75,77,79,80,83,86,120,122" /><INIT seed="2,1,2,2,1,15" ten="250,215,270,245" oya="2" hai0="95,18,92,110,62,49,84,85,123,16,78,40,127" hai1="25,90,64,65,39,17,132,98,119,11,133,54,59" hai2="76,74,12,26,96,104,19,108,56,79,121,120,103" hai3="22,69,73,117,13,82,131,107,1,3,31,134,46"/><V24/><F108/><W52/><G107/><T41/><D123/><U100/><E90/><V44/><F120/><W109/><G69/><T9/><D110/><U67/><E39/><V60/><F121/><W29/><G117/><T7/><D127/><U80/><E80/><V32/><F44/><W75/><G109/><T116/><D116/><U86/><E86/><N who="0" m="33385" /><D78/><U129/><E129/><V71/><F71/><W38/><G134/><N who="1" m="51818" /><E119/><V8/><F32/><W77/><G75/><T126/><D126/><U27/><E11/><V50/><F50/><W105/><G105/><T53/><D62/><N who="1" m="36215" /><E17/><N who="0" m="6761" /><D9/><U118/><E118/><V128/><F128/><W5/><G131/><T70/><D7/><U37/><E37/><V124/><F124/><W106/><G5/><T23/><D23/><U4/><E4/><V89/><F76/><W21/><G77/><T101/><D70/><U122/><E122/><V115/><F115/><W94/><G21/><T99/><D95/><AGARI ba="1,2" hai="25,27,64,65,67,95,98,100" m="36215,51818" machi="95" ten="30,1000,0" yaku="20,1" doraHai="15" who="1" fromWho="0" sc="250,-13,215,33,270,0,245,0" /><INIT seed="3,0,0,1,5,111" ten="237,248,270,245" oya="3" hai0="89,101,1,53,73,10,69,59,90,61,78,83,87" hai1="109,80,45,3,67,66,51,117,76,115,56,26,123" hai2="24,88,5,102,68,75,41,11,116,49,118,17,105" hai3="13,110,129,71,122,113,95,135,128,15,134,14,119"/><W46/><G122/><T125/><D125/><U44/><E3/><V18/><F75/><W97/><G119/><T27/><D101/><U103/><E115/><V72/><F72/><W40/><G71/><T38/><D38/><U114/><E114/><V37/><F37/><W124/><G113/><T132/><D132/><N who="3" m="50729" /><G110/><T12/><D1/><U85/><E109/><V108/><F108/><W94/><G97/><T82/><D69/><U63/><E123/><V55/><F68/><W126/><G95/><T25/><REACH who="0" step="1"/><D90/><REACH who="0" ten="227,248,270,245" step="2"/><U50/><E117/><V130/><F118/><W47/><G94/><T30/><D30/><U31/><E103/><V39/><F102/><W77/><G77/><T6/><AGARI ba="0,1" hai="6,10,12,25,27,53,59,61,73,78,82,83,87,89" machi="6" ten="20,2700,0" yaku="1,1,0,1,7,1,53,0" doraHai="111" doraHaiUra="99" who="0" fromWho="0" sc="227,37,248,-7,270,-7,245,-13" /><INIT seed="4,0,0,3,1,52" ten="264,241,263,232" oya="0" hai0="2,94,30,16,50,71,13,73,106,76,18,99,104" hai1="40,26,57,97,47,68,29,92,91,133,122,98,86" hai2="65,112,34,63,8,74,119,66,15,79,42,45,4" hai3="82,78,113,24,117,54,62,53,21,23,93,95,28"/><T130/><D2/><U131/><E68/><V1/><F34/><W85/><G113/><T64/><D30/><U81/><E133/><V129/><F112/><W96/><G117/><T48/><D130/><U84/><E122/><V108/><F108/><W109/><G109/><T123/><D123/><U36/><E131/><V9/><F129/><W72/><G72/><T17/><D13/><U55/><E86/><V3/><F119/><W132/><G132/><T43/><D64/><U10/><E10/><V134/><F134/><W12/><G95/><T124/><D71/><U105/><E105/><V77/><F74/><W75/><G75/><T37/><D37/><U31/><E26/><V39/><F65/><W25/><G62/><T125/><D43/><U80/><E80/><V32/><F32/><W49/><G49/><N who="0" m="19051" /><D76/><U88/><REACH who="1" step="1"/><E98/><REACH who="1" ten="264,231,263,232" step="2"/><V83/><F83/><W102/><REACH who="3" step="1"/><G12/><REACH who="3" ten="264,231,263,222" step="2"/><T59/><D73/><U7/><E7/><V14/><F3/><W114/><G114/><T101/><D104/><U41/><E41/><V61/><F1/><W51/><G51/><AGARI ba="0,2" hai="29,31,36,40,47,51,55,57,81,84,88,91,92,97" machi="51" ten="30,7700,0" yaku="1,1,7,1,52,1,54,1,53,0" doraHai="52" doraHaiUra="58" who="1" fromWho="3" sc="264,0,231,97,263,0,222,-77" owari="264,6.4,328,42.8,263,-13.7,145,-35.5" /></mjloggm>