<mjloggm ver="2.3"><GO type="225" lobby="0"/><UN n0="%E9%A6%AC%E5%BC%95%E7%81%AB%33" n1="%E3%83%96%E3%83%83%E3%83%91%E3%82%AA%E3%83%96%E3%83%81%E3%82%AD%E3%83%B3" n2="%E3%83%81%E3%83%83%E3%82%BF%E3%82%BD%E3%83%BC" n3="%E9%B3%B4%E8%8C%B6" dan="17,16,16,16" rate="2195.70,2184.66,2106.81,2127.41" sx="M,M,F,M"/><TAIKYOKU oya="0"/><INIT seed="0,0,0,4,4,88" ten="250,250,250,250" oya="0" hai0="123,82,126,65,25,108,104,80,118,119,14,122,32" hai1="132,111,26,105,76,10,4,8,84,43,130,129,87" hai2="41,40,52,31,37,72,133,100,62,19,113,98,11" hai3="91,36,86,33,66,39,134,13,79,34,6,45,17"/><T24/><D104/><U12/><E105/><V75/><F133/><W94/><G134/><T73/><D65/><U7/><E132/><V67/><F113/><W60/><G6/><T128/><D14/><U47/><E111/><V90/><F90/><W74/><G74/><T116/><D73/><U112/><E26/><N who="0" m="10345" /><D32/><U54/><E54/><V46/><F31/><W18/><G79/><T89/><D89/><U96/><E96/><V58/><F40/><W109/><G109/><T50/><D108/><U106/><E106/><V64/><F64/><W101/><G101/><T20/><D20/><U97/><E97/><V3/><F67/><W29/><G34/><T71/><D71/><U83/><E87/><V56/><F56/><W2/><G2/><T59/><D59/><U77/><E77/><V115/><F115/><W23/><G29/><T107/><D107/><U69/><E69/><V102/><F102/><W48/><G18/><T21/><D21/><U42/><E112/><V114/><F114/><W135/><G33/><T28/><D28/><U27/><E27/><V124/><F3/><W22/><G22/><T125/><D50/><U63/><E63/><V110/><F110/><W16/><G17/><T61/><D61/><U5/><E5/><V51/><F19/><W44/><G135/><T81/><D128/><N who="1" m="49259" /><E47/><N who="3" m="17994" /><G48/><T70/><D70/><U120/><E120/><AGARI ba="0,0" hai="80,81,82,116,118,119,120,122,123,125,126" m="10345" machi="120" ten="40,3900,0" yaku="28,2" doraHai="88" who="0" fromWho="1" sc="250,39,250,-39,250,0,250,0" /><INIT seed="0,1,0,3,2,1" ten="289,211,250,250" oya="0" hai0="28,26,82,104,33,63,44,116,23,109,41,90,30" hai1="80,115,58,132,119,117,36,107,71,98,69,49,56" hai2="66,73,52,129,0,121,74,100,76,38,99,43,27" hai3="68,3,48,37,31,110,94,111,128,127,50,114,22"/><T79/><D116/><N who="1" m="44619" /><E80/><V16/><F129/><W106/><G106/><T75/><D104/><U47/><E98/><V7/><F121/><W118/><G118/><T67/><D90/><U61/><E107/><V10/><F66/><W87/><G37/><T89/><D89/><U78/><E78/><V6/><F76/><W126/><G3/><T135/><D135/><U131/><E131/><V57/><F43/><W4/><G68/><N who="1" m="26186" /><E132/><V12/><F38/><W40/><G40/><T72/><D72/><U14/><E14/><V70/><F27/><N who="3" m="16887" /><G128/><T91/><D91/><U11/><E11/><V59/><F70/><W93/><G4/><N who="2" m="1577" /><F74/><W105/><G105/><T85/><D26/><U55/><E115/><V92/><F73/><W39/><G114/><T64/><D79/><U32/><E32/><V19/><F0/><W125/><G39/><T21/><D33/><U65/><E36/><V88/><F100/><W112/><G112/><T18/><D75/><U46/><AGARI ba="1,0" hai="46,47,49,55,56,58,61,65" m="26186,44619" machi="46" ten="40,2700,0" yaku="34,2" doraHai="1" who="1" fromWho="1" sc="289,-14,211,30,250,-8,250,-8" /><INIT seed="1,0,0,0,1,52" ten="275,241,242,242" oya="1" hai0="50,21,77,67,103,49,1,93,75,29,112,90,131" hai1="48,28,128,124,94,74,96,26,3,43,105,6,47" hai2="64,113,19,116,39,24,33,123,41,134,104,7,98" hai3="120,36,10,122,101,102,51,31,57,14,85,82,132"/><U8/><E124/><V22/><F116/><W44/><G132/><T61/><D112/><U95/><E128/><V129/><F129/><W114/><G114/><T20/><D1/><U89/><E74/><V121/><F113/><W59/><G36/><T110/><D110/><U2/><E2/><V30/><F134/><W79/><G31/><T86/><D103/><N who="3" m="39433" /><G122/><T53/><D49/><U127/><E127/><V133/><F133/><W0/><G0/><T56/><D29/><U88/><E105/><V73/><F73/><W106/><G106/><T99/><D75/><U65/><E65/><V58/><F98/><W23/><G23/><T117/><D117/><U135/><E135/><V18/><F104/><W83/><G82/><N who="0" m="47439" /><D131/><U38/><E38/><V27/><F7/><N who="3" m="3423" /><G120/><T11/><D11/><U84/><REACH who="1" step="1"/><E28/><REACH who="1" ten="275,231,242,242" step="2"/><V37/><F121/><W62/><G62/><T32/><D67/><U17/><E17/><V115/><F123/><W78/><G78/><T111/><D61/><U71/><E71/><V66/><F18/><W100/><G100/><T92/><D111/><U81/><E81/><V69/><F115/><W80/><G80/><T16/><D16/><U118/><E118/><V46/><F37/><W55/><AGARI ba="0,1" hai="44,51,55,57,59,79,83,85" m="3423,39433" machi="55" ten="30,4000,0" yaku="8,1,52,2" doraHai="52" who="3" fromWho="3" sc="275,-10,231,-20,242,-10,242,50" /><INIT seed="2,0,0,0,4,22" ten="265,211,232,292" oya="2" hai0="86,126,107,21,4,38,9,59,35,62,47,5,88" hai1="109,52,91,53,41,93,101,72,115,83,43,100,96" hai2="30,45,26,49,71,121,103,125,56,40,134,80,34" hai3="133,110,85,50,102,66,84,68,117,0,127,97,20"/><V120/><F71/><W6/><G117/><T114/><D114/><U119/><E115/><V19/><F134/><W42/><G133/><T44/><D35/><U48/><E119/><V116/><F116/><W90/><G110/><T99/><D126/><U130/><E109/><V69/><F69/><W51/><G127/><T95/><D38/><U131/><E72/><V2/><F125/><W73/><G73/><T98/><D21/><U132/><E132/><V70/><F70/><W10/><G20/><T124/><D124/><U94/><E83/><V60/><F2/><W122/><G122/><T135/><D135/><U27/><E27/><V108/><F108/><W16/><G16/><T29/><D29/><U11/><E11/><V111/><F111/><W65/><G42/><T18/><D18/><U13/><E13/><V28/><F19/><W82/><G84/><T8/><D8/><U24/><E24/><V31/><F103/><W7/><G7/><N who="0" m="2635" /><D107/><U118/><E118/><V113/><F113/><W75/><G75/><T25/><D25/><U79/><E79/><V87/><F120/><W3/><G3/><T58/><D58/><U78/><E78/><V92/><F121/><W15/><G0/><T81/><D99/><N who="1" m="57791" /><E100/><V12/><F12/><W57/><G68/><T89/><D9/><U54/><E48/><N who="3" m="18474" /><G57/><T129/><D129/><AGARI ba="0,0" hai="41,43,52,53,54,94,96,101,129,130,131" m="57791" machi="129" ten="30,2000,0" yaku="19,1,54,1" doraHai="22" who="1" fromWho="0" sc="265,-20,211,20,232,0,292,0" /><INIT seed="3,0,0,0,1,84" ten="245,231,232,292" oya="3" hai0="11,5,13,110,31,29,93,68,45,34,0,66,62" hai1="97,81,124,104,15,109,32,49,90,82,120,80,117" hai2="129,37,70,105,63,127,55,41,20,103,19,56,119" hai3="60,59,135,96,118,1,26,65,38,16,25,67,39"/><W108/><G118/><T121/><D121/><U69/><E32/><V46/><F127/><W131/><G1/><T14/><D110/><U132/><E69/><V100/><F129/><W123/><G123/><T106/><D106/><U79/><E120/><V91/><F119/><W88/><G108/><T35/><D45/><U99/><E117/><V94/><F105/><W43/><G131/><T47/><D47/><U130/><E109/><V113/><F70/><W23/><G135/><T95/><D95/><N who="1" m="56567" /><E130/><V28/><F28/><W58/><G43/><T7/><D93/><U126/><E15/><V52/><F55/><W76/><G76/><T36/><D36/><U24/><E49/><V61/><F61/><N who="3" m="38071" /><G39/><T87/><D87/><N who="1" m="48543" /><E24/><V71/><F71/><W30/><G38/><T27/><D5/><U10/><E10/><V21/><F113/><W3/><G3/><T33/><D33/><U112/><E112/><V78/><F78/><W115/><G115/><T53/><D53/><U85/><E132/><V133/><F133/><W22/><G88/><T89/><D89/><N who="1" m="51375" /><E82/><V111/><F111/><W57/><G59/><T122/><D122/><U8/><E8/><V125/><F125/><W102/><G96/><T74/><D35/><U4/><E4/><V116/><F116/><W40/><G40/><T73/><D34/><U42/><E42/><V101/><F19/><W77/><G77/><T86/><D31/><U75/><E75/><V98/><AGARI ba="0,0" hai="20,21,37,41,46,52,56,63,91,94,98,100,101,103" machi="98" ten="30,4000,0" yaku="0,1,52,1,54,1" doraHai="84" who="2" fromWho="2" sc="245,-10,231,-10,232,40,292,-20" /><INIT seed="4,0,0,0,2,58" ten="235,221,272,272" oya="0" hai0="90,84,52,107,73,96,57,16,44,14,68,81,88" hai1="19,77,74,27,65,38,51,110,7,92,76,72,34" hai2="123,133,32,119,118,129,87,18,127,85,134,5,29" hai3="45,111,83,100,106,99,80,61,75,66,103,12,105"/><T22/><D68/><U108/><E38/><V114/><F123/><W26/><G111/><N who="1" m="42538" /><E65/><V42/><F114/><W98/><G75/><N who="1" m="28714" /><E51/><V109/><F109/><W62/><G26/><T86/><D73/><U91/><E19/><V94/><F42/><W113/><G113/><T47/><D107/><U89/><E7/><V97/><F127/><W122/><G122/><T9/><D9/><U115/><E27/><N who="2" m="18495" /><F5/><W93/><G93/><N who="0" m="56359" /><D86/><N who="2" m="32778" /><F18/><W125/><G125/><T131/><D131/><U17/><E17/><V0/><F129/><W28/><G28/><T60/><AGARI ba="0,0" hai="14,16,22,44,47,52,57,60,81,84,90" m="56359" machi="60" ten="30,12000,1" yaku="8,1,52,1,54,3" doraHai="58" who="0" fromWho="0" sc="235,120,221,-40,272,-40,272,-40" owari="355,45.5,181,-31.9,232,3.2,232,-16.8" /></mjloggm>