<mjloggm ver="2.3"><GO type="225" lobby="0"/><UN n0="%E6%9C%88%E5%B3%B6%E5%9F%BA" n1="%E3%83%81%E3%83%83%E3%82%BF%E3%82%BD%E3%83%BC" n2="%EF%BC%AE%EF%BC%A1%EF%BC%AF%33%33%39" n3="%E3%81%BF%E3%81%BF%E3%81%9A" dan="17,16,16,17" rate="2189.92,2116.58,2125.51,2225.47" sx="M,F,M,M"/><TAIKYOKU oya="0"/><INIT seed="0,0,0,4,5,116" ten="250,250,250,250" oya="0" hai0="39,59,36,68,124,53,131,83,34,134,46,50,88" hai1="102,52,19,65,7,9,32,10,113,100,90,63,117" hai2="75,112,107,81,24,54,121,48,106,1,55,15,0" hai3="104,13,72,128,80,92,77,99,73,22,105,58,129"/><T64/><D34/><U118/><E32/><V33/><F112/><W76/><G22/><T119/><D119/><U27/><E113/><V122/><F15/><W125/><G13/><T103/><D103/><U120/><E120/><V56/><F33/><W111/><G58/><T16/><D124/><U135/><E135/><V126/><F24/><W133/><G125/><T66/><D134/><U85/><E117/><V108/><F126/><W20/><G20/><T5/><D5/><U44/><E118/><V30/><F30/><W74/><G133/><T87/><D131/><N who="3" m="50249" /><G111/><T91/><D68/><U79/><E79/><N who="3" m="30282" /><G80/><T51/><D39/><U98/><E27/><V37/><F37/><W23/><G23/><T127/><D36/><U110/><E110/><V86/><F108/><W42/><G42/><N who="0" m="24919" /><D127/><U3/><E10/><V31/><F31/><W43/><G43/><T2/><D2/><U45/><E19/><V96/><F1/><W94/><G94/><N who="0" m="54559" /><D16/><U41/><E41/><V29/><F29/><W93/><G93/><T71/><D71/><U130/><E130/><V12/><F0/><W114/><G114/><T17/><D17/><U35/><E35/><V47/><F12/><W18/><G18/><T61/><D51/><N who="1" m="28775" /><E45/><V95/><F47/><W14/><G14/><T60/><D61/><U78/><E63/><V123/><F123/><W69/><G69/><T101/><D60/><U115/><E115/><V84/><F121/><W70/><G70/><T49/><D59/><U89/><E3/><V25/><F56/><W132/><G132/><T97/><D49/><U38/><E38/><RYUUKYOKU ba="0,0" sc="250,-10,250,-10,250,-10,250,30" hai3="72,73,74,92,99,104,105" /><INIT seed="1,1,0,0,2,17" ten="240,240,240,280" oya="1" hai0="53,106,4,48,29,55,43,70,38,96,15,49,74" hai1="26,47,83,21,50,32,56,16,2,104,22,34,119" hai2="102,118,44,24,72,126,62,58,12,122,35,75,111" hai3="1,25,113,84,135,131,108,100,66,45,46,133,67"/><U99/><E119/><V33/><F118/><W98/><G113/><T14/><D74/><U125/><E2/><V40/><F122/><W127/><G127/><T23/><D70/><U19/><E125/><V121/><F121/><W61/><G108/><T64/><D38/><U123/><E123/><V51/><F102/><W124/><G124/><T103/><D64/><U116/><E116/><V82/><F126/><W31/><G1/><T115/><D115/><U132/><E132/><N who="3" m="50762" /><G84/><T81/><D81/><U60/><E83/><V69/><F69/><N who="3" m="42191" /><G67/><T10/><D43/><U89/><E104/><V27/><F111/><W30/><G131/><T97/><D97/><U94/><E56/><V88/><F72/><W20/><G30/><T8/><D53/><U77/><E60/><V79/><F62/><W71/><G71/><T78/><D55/><U36/><E36/><V37/><F37/><W3/><G3/><T105/><D105/><AGARI ba="1,0" hai="20,25,31,45,46,98,100,105" m="42191,50762" machi="105" ten="30,2000,0" yaku="20,1,52,1" doraHai="17" who="3" fromWho="0" sc="240,-23,240,0,240,0,280,23" /><INIT seed="2,0,0,4,2,60" ten="217,240,240,303" oya="2" hai0="124,69,102,67,79,40,36,54,25,111,93,19,49" hai1="27,38,86,0,108,4,95,43,26,91,113,5,59" hai2="135,63,20,47,1,74,3,88,114,109,2,61,98" hai3="120,31,82,15,119,110,46,32,17,44,126,29,39"/><V123/><F74/><W45/><G119/><T75/><D111/><U104/><E108/><V129/><F109/><W33/><G110/><T51/><D124/><U96/><E113/><V121/><F114/><W18/><G39/><T101/><D36/><U100/><E43/><V50/><F129/><W62/><G126/><T10/><D75/><U87/><E38/><V14/><F135/><W99/><G120/><T64/><D69/><U37/><E37/><V56/><F63/><W133/><G133/><T76/><D40/><U8/><E4/><V55/><F14/><W130/><G130/><T13/><D25/><U72/><E86/><V106/><F20/><W16/><G15/><T30/><D30/><U65/><E72/><V78/><F78/><N who="0" m="29738" /><D51/><U97/><E97/><V48/><F48/><W42/><G42/><T66/><D93/><U134/><E134/><V103/><REACH who="2" step="1"/><F88/><REACH who="2" ten="217,240,230,303" step="2"/><W80/><G62/><T70/><D70/><U94/><E91/><V112/><F112/><W92/><G33/><T34/><D34/><U58/><E0/><V131/><F131/><W89/><G32/><T107/><D107/><U11/><E104/><V81/><F81/><AGARI ba="0,1" hai="16,17,18,29,31,44,45,46,80,81,82,89,92,99" machi="81" ten="40,2600,0" yaku="8,1,54,1" doraHai="60" who="3" fromWho="2" sc="217,0,240,0,230,-26,303,36" /><INIT seed="3,0,0,2,3,113" ten="217,240,204,339" oya="3" hai0="51,83,14,19,110,16,92,97,120,27,56,34,105" hai1="55,54,64,2,76,20,98,26,38,37,7,124,117" hai2="17,77,91,81,132,129,53,62,30,28,57,84,90" hai3="61,78,101,8,72,112,126,22,106,67,100,89,130"/><W94/><G112/><T33/><D120/><U0/><E76/><V35/><F129/><W6/><G126/><T58/><D105/><U70/><E124/><V119/><F119/><W48/><G106/><T42/><D110/><U45/><E98/><V74/><F132/><W40/><G22/><N who="0" m="11543" /><D34/><U133/><E117/><V12/><F35/><W31/><G48/><T85/><D33/><U66/><E133/><V4/><F4/><W71/><G89/><N who="0" m="55439" /><D27/><U13/><E13/><V41/><F41/><W25/><G61/><T47/><D19/><U44/><E20/><V49/><F62/><W88/><G67/><T3/><D3/><U95/><E26/><V104/><F104/><W60/><G8/><T23/><D23/><U82/><E82/><V102/><F102/><W118/><G40/><T125/><D125/><U46/><E95/><V79/><F79/><AGARI ba="0,0" hai="42,47,51,56,58,79,83,85" m="55439,11543" machi="79" ten="30,2000,0" yaku="8,1,54,1" doraHai="113" who="0" fromWho="2" sc="217,20,240,0,204,-20,339,0" owari="237,-16.3,240,4.0,184,-31.6,339,43.9" /></mjloggm>