<mjloggm ver="2.3"><GO type="225" lobby="0"/><UN n0="%E3%83%A9%E3%82%A4%E3%83%B3%E3%81%AE%E8%99%8E" n1="%E9%B3%B3%E6%9D%B1%E3%81%AE%E3%81%86%E3%81%95%E3%81%8E%E3%81%95%E3%82%93" n2="%E8%9B%87%E3%81%AE%E8%A1%80" n3="%E6%B4%BE%E9%81%A3%E3%81%AE%E3%82%B8%E3%83%A3%E3%83%83%E3%82%AF" dan="16,17,16,17" rate="2128.75,2193.74,2129.46,2193.62" sx="M,M,M,M"/><TAIKYOKU oya="0"/><INIT seed="0,0,0,4,2,43" ten="250,250,250,250" oya="0" hai0="0,121,64,60,133,75,57,113,5,114,88,102,24" hai1="96,21,18,11,135,103,110,106,68,91,111,59,49" hai2="33,98,8,104,115,119,56,79,131,32,124,15,53" hai3="134,127,101,80,25,100,69,51,73,120,82,112,20"/><T4/><D121/><U117/><E117/><V31/><F115/><W95/><G112/><T47/><D133/><U93/><E68/><V26/><F119/><W85/><G69/><T39/><D102/><U129/><E135/><V54/><F124/><W16/><G127/><T92/><D75/><U118/><E118/><V72/><F131/><W40/><G120/><T86/><D4/><U128/><E11/><V6/><F33/><W45/><G134/><T22/><D5/><U116/><E116/><V17/><F104/><W30/><G73/><T94/><D94/><U67/><E67/><V65/><F98/><N who="3" m="59487" /><G101/><T38/><D38/><U36/><E36/><V50/><F65/><W126/><G126/><T19/><REACH who="0" step="1"/><D0/><REACH who="0" ten="240,250,250,250" step="2"/><U28/><E103/><V109/><F72/><W48/><G82/><T78/><D78/><U71/><E106/><V55/><F6/><W122/><G122/><T3/><D3/><U81/><E81/><V35/><F79/><N who="3" m="46239" /><G51/><T74/><D74/><U97/><E49/><V62/><F50/><W89/><G89/><T41/><AGARI ba="0,1" hai="19,22,24,39,41,47,57,60,64,86,88,92,113,114" machi="41" ten="30,12000,1" yaku="1,1,0,1,52,1,54,1,53,1" doraHai="43" doraHaiUra="13" who="0" fromWho="0" sc="240,130,250,-40,250,-40,250,-40" /><INIT seed="0,1,0,4,0,7" ten="370,210,210,210" oya="0" hai0="15,57,75,65,82,62,89,107,132,95,103,49,9" hai1="11,73,127,106,58,104,55,110,5,99,4,8,122" hai2="83,101,39,79,40,118,10,71,53,123,59,33,17" hai3="87,63,36,43,125,98,64,90,119,124,112,44,50"/><T111/><D132/><U94/><E122/><V25/><F123/><W6/><G98/><T74/><D111/><U85/><E73/><V60/><F118/><W23/><G119/><T42/><D82/><U24/><E127/><N who="3" m="48714" /><G23/><T105/><D42/><U27/><E110/><V46/><F101/><W69/><G6/><N who="1" m="2666" /><E106/><V134/><F134/><W84/><G112/><T97/><D49/><N who="1" m="31087" /><E85/><N who="3" m="32842" /><G90/><T115/><D115/><U14/><E104/><V61/><F33/><W21/><G21/><T19/><D107/><U80/><E80/><V88/><F88/><W30/><G30/><T1/><D1/><U86/><E86/><AGARI ba="1,0" hai="9,15,19,57,62,65,74,75,86,89,95,97,103,105" machi="86" ten="30,2900,0" yaku="7,1,52,1" doraHai="7" who="0" fromWho="1" sc="370,32,210,-32,210,0,210,0" /><INIT seed="0,2,0,4,3,27" ten="402,178,210,210" oya="0" hai0="43,98,55,103,107,60,20,33,28,53,88,106,39" hai1="121,51,127,30,85,24,13,48,122,128,46,115,17" hai2="84,96,94,70,31,86,21,102,3,71,69,36,37" hai3="9,56,131,29,134,14,73,1,7,35,125,82,16"/><T124/><D124/><U79/><E128/><V97/><F3/><W57/><G125/><T74/><D74/><U135/><E135/><V54/><F54/><W64/><G134/><T90/><D20/><U110/><E110/><V42/><F96/><W62/><G131/><T26/><D106/><U114/><E127/><V113/><F113/><N who="1" m="43017" /><E79/><V77/><F42/><W52/><G82/><T4/><D4/><U40/><E85/><V50/><F50/><W66/><G73/><T89/><REACH who="0" step="1"/><D60/><REACH who="0" ten="392,178,210,210" step="2"/><U76/><E122/><V44/><F21/><N who="3" m="11415" /><G57/><T92/><D92/><U34/><E121/><V23/><F23/><W18/><G18/><T120/><D120/><U132/><E132/><V75/><F71/><W15/><G15/><T67/><D67/><U130/><E130/><V78/><F69/><W45/><G45/><AGARI ba="2,1" hai="26,28,33,39,43,45,53,55,88,89,90,98,103,107" machi="45" ten="40,7700,0" yaku="1,1,52,1,54,1,53,0" doraHai="27" doraHaiUra="65" who="0" fromWho="3" sc="392,93,178,0,210,0,210,-83" /><INIT seed="0,3,0,0,5,54" ten="485,178,210,127" oya="0" hai0="81,90,128,116,115,123,98,36,2,19,39,50,70" hai1="110,84,46,55,0,30,38,114,126,15,96,1,17" hai2="106,5,41,33,43,14,44,11,42,105,27,101,57" hai3="94,132,48,69,111,3,92,13,89,117,133,21,77"/><T121/><D2/><U120/><E120/><V118/><F118/><W12/><G117/><T63/><D19/><U129/><E30/><V65/><F44/><W35/><G35/><T62/><D90/><U7/><E110/><V31/><REACH who="2" step="1"/><F101/><REACH who="2" ten="485,178,200,127" step="2"/><W58/><G111/><T80/><D116/><U104/><E46/><V24/><F24/><W102/><G102/><T131/><D115/><U87/><E114/><V93/><F93/><W88/><G132/><T66/><D121/><U82/><E104/><V122/><F122/><W135/><G135/><T8/><D123/><U78/><E129/><V52/><F52/><N who="3" m="32007" /><G133/><T83/><D128/><U108/><E55/><V73/><F73/><W59/><G3/><T72/><D72/><U40/><E0/><V4/><F4/><W53/><G69/><T99/><D131/><U25/><E1/><V95/><F95/><N who="3" m="36395" /><G77/><T60/><D70/><U23/><E78/><V107/><F107/><W18/><G13/><T20/><D80/><U79/><E82/><V51/><F51/><AGARI ba="3,1" hai="12,18,21,51,53,59,88,89" m="36395,32007" machi="51" ten="30,8000,1" yaku="8,1,52,2,54,2" doraHai="54" who="3" fromWho="2" sc="485,0,178,0,200,-89,127,99" /><INIT seed="1,0,0,2,5,62" ten="485,178,111,226" oya="1" hai0="95,0,29,64,37,36,79,8,98,28,119,63,102" hai1="125,6,17,57,43,24,35,106,132,123,23,107,22" hai2="45,135,33,4,70,127,30,111,20,10,55,77,93" hai3="14,31,18,124,97,99,126,133,53,87,3,78,41"/><U12/><E123/><V122/><F122/><W129/><G3/><T11/><D119/><U120/><E120/><V131/><F111/><W88/><G133/><T76/><D36/><U1/><E132/><V105/><F135/><W86/><G129/><T134/><D37/><U16/><E125/><N who="3" m="48234" /><G41/><T83/><D134/><U90/><E43/><V92/><F105/><W84/><G31/><T128/><D128/><U25/><E90/><V32/><F127/><W39/><G53/><T27/><D0/><U42/><E42/><V9/><F131/><W67/><G39/><T74/><D79/><U116/><E116/><V48/><F70/><W46/><G46/><T65/><D29/><N who="1" m="19879" /><E57/><V108/><F108/><W21/><G78/><T75/><D75/><U54/><E54/><V110/><F110/><W68/><G88/><T112/><D112/><U40/><E40/><V72/><F77/><W103/><G103/><T81/><D81/><U38/><E38/><V26/><F72/><W15/><G15/><T115/><D115/><U109/><E109/><V13/><REACH who="2" step="1"/><F10/><AGARI ba="0,0" hai="1,6,10,12,16,17,22,23,25,106,107" m="19879" machi="10" ten="30,2900,0" yaku="24,1,54,1" doraHai="62" who="1" fromWho="2" sc="485,0,178,29,111,-29,226,0" /><INIT seed="1,1,0,0,0,74" ten="485,207,82,226" oya="1" hai0="79,34,123,122,81,78,55,120,25,86,27,103,94" hai1="106,57,35,77,0,83,95,45,33,112,20,61,19" hai2="18,29,132,113,22,128,12,21,98,90,5,115,49" hai3="121,126,46,7,104,51,63,1,135,36,88,75,43"/><U131/><E112/><N who="2" m="43083" /><F49/><W67/><G121/><T17/><D34/><U72/><E106/><V130/><F90/><W114/><G104/><T9/><D55/><U41/><E0/><V96/><F96/><W32/><G32/><T69/><D69/><U108/><E131/><N who="2" m="50219" /><F98/><W93/><G114/><T134/><D134/><U3/><E3/><V87/><F87/><W65/><G126/><T129/><D129/><U26/><E108/><V6/><F132/><W84/><G135/><T4/><D17/><U80/><E95/><V31/><F22/><W15/><G51/><T101/><D79/><U64/><E80/><V47/><F47/><W92/><G92/><T99/><D101/><U85/><REACH who="1" step="1"/><E72/><REACH who="1" ten="485,197,82,226" step="2"/><V70/><F70/><W13/><G75/><T71/><D71/><U24/><E24/><V2/><F2/><AGARI ba="1,1" hai="2,4,9,25,27,78,81,86,94,99,103,120,122,123" machi="2" ten="40,2600,0" yaku="13,1,52,1" doraHai="74" who="0" fromWho="2" sc="485,39,197,0,82,-29,226,0" /><INIT seed="2,0,0,3,5,52" ten="524,197,53,226" oya="2" hai0="34,93,42,21,19,46,81,119,121,38,102,117,114" hai1="17,6,65,85,47,91,88,53,9,134,64,126,98" hai2="63,107,16,35,133,13,82,96,18,111,37,39,61" hai3="109,70,84,40,4,68,30,105,92,57,115,77,44"/><V29/><F133/><W135/><G105/><T0/><D0/><U71/><E134/><V15/><F111/><W20/><G4/><T124/><D34/><U103/><E126/><V101/><F82/><W123/><G123/><T100/><D114/><U22/><E71/><V127/><F127/><W25/><G135/><T55/><D124/><U33/><E33/><V79/><F79/><W5/><G5/><T106/><D106/><U58/><E47/><V12/><F29/><W62/><G115/><T24/><D121/><U75/><E75/><V32/><F35/><W69/><G109/><T97/><D81/><N who="1" m="49199" /><E103/><V43/><F32/><W11/><G11/><T116/><D55/><U14/><E98/><V90/><F90/><AGARI ba="0,0" hai="19,21,24,38,42,46,90,93,97,100,102,116,117,119" machi="90" ten="40,1300,0" yaku="12,1" doraHai="52" who="0" fromWho="2" sc="524,13,197,0,53,-13,226,0" /><INIT seed="3,0,0,0,0,17" ten="537,197,40,226" oya="3" hai0="68,106,0,78,60,1,4,99,45,121,65,14,76" hai1="115,80,53,69,135,104,8,127,12,10,50,3,70" hai2="82,61,128,33,131,107,118,15,108,51,13,22,62" hai3="26,105,84,25,23,48,20,98,6,111,102,67,59"/><W85/><G6/><T30/><D121/><U133/><E104/><V52/><F107/><W66/><G111/><T132/><D132/><N who="1" m="50763" /><E80/><V27/><F82/><W19/><G67/><T116/><D45/><N who="1" m="27855" /><E3/><V40/><F108/><W21/><G48/><T134/><D60/><U89/><E89/><V81/><F81/><W39/><G39/><T35/><D14/><N who="2" m="5130" /><F118/><W92/><G105/><T100/><D68/><U5/><E10/><V7/><F40/><W83/><G19/><T103/><D4/><U117/><E115/><V73/><F73/><W101/><G101/><T94/><D30/><U79/><E79/><V28/><F61/><N who="3" m="38207" /><G85/><T110/><D65/><U86/><E86/><V64/><F62/><W97/><G98/><T91/><D35/><U31/><E117/><V113/><F64/><W46/><G46/><T93/><D0/><U34/><E127/><V112/><F51/><W32/><G32/><T56/><D1/><U41/><E41/><V24/><F52/><W119/><G119/><T29/><D110/><U130/><E70/><V43/><F43/><W75/><G75/><T72/><D134/><U49/><E49/><V11/><F11/><W9/><G9/><T120/><D120/><U95/><E69/><V38/><F38/><W124/><G124/><T57/><D57/><U96/><E96/><V77/><F77/><AGARI ba="0,0" hai="20,21,23,25,26,77,83,84,92,97,102" m="38207" machi="77" ten="30,11600,0" yaku="8,1,52,3" doraHai="17" who="3" fromWho="2" sc="537,0,197,0,40,-116,226,116" owari="537,63.7,197,-20.3,-76,-57.6,342,14.2" /></mjloggm>