<mjloggm ver="2.3"><GO type="225" lobby="0"/><UN n0="%E6%98%93%E5%88%A9%E8%96%A9%E4%BC%AF" n1="%E6%B8%A9%E2%98%85%E6%83%85%E2%98%85%E6%8E%AA%E2%98%85%E7%BD%AE" n2="%E4%BF%BA%E3%81%A8%E5%A6%96%E5%A4%A2" n3="%E2%98%86%E5%B0%8F%E5%AD%A6%E7%94%B7%E7%94%9F%E2%98%86" dan="17,17,16,17" rate="2196.18,2194.13,2209.52,2187.72" sx="F,M,F,M"/><TAIKYOKU oya="0"/><INIT seed="0,0,0,0,2,109" ten="250,250,250,250" oya="0" hai0="49,65,15,113,43,28,87,123,122,6,17,128,111" hai1="78,46,99,105,91,22,66,92,42,129,133,81,71" hai2="120,26,74,98,67,38,121,97,127,80,131,9,7" hai3="41,18,23,11,117,83,110,48,4,32,84,86,82"/><T40/><D128/><U20/><E133/><V25/><F38/><W12/><G32/><T95/><D111/><U31/><E129/><V35/><F131/><W73/><G117/><T115/><D87/><U8/><E105/><V77/><F127/><W112/><G112/><N who="0" m="43083" /><D95/><U52/><E31/><V103/><F67/><W104/><G104/><T34/><D49/><U47/><E71/><V57/><F57/><W126/><G126/><T44/><D44/><U89/><E66/><V29/><F25/><W114/><G114/><T53/><D53/><U85/><E78/><V56/><F56/><W116/><G116/><T93/><D93/><U63/><E8/><V76/><F76/><W10/><G73/><T94/><D94/><U125/><E125/><V101/><F97/><W72/><G72/><T96/><D96/><U19/><E19/><V100/><REACH who="2" step="1"/><F98/><REACH who="2" ten="250,250,240,250" step="2"/><W68/><G68/><T39/><D65/><U27/><E27/><V132/><F132/><W33/><G110/><T36/><D39/><U124/><E124/><V61/><F61/><W130/><G130/><T30/><D36/><U135/><E135/><V50/><F50/><W90/><G33/><T119/><D34/><U62/><E62/><V70/><F70/><W107/><G107/><T75/><D119/><U0/><E63/><V45/><F45/><N who="1" m="16905" /><E42/><V2/><AGARI ba="0,1" hai="2,7,9,26,29,35,74,77,80,100,101,103,120,121" machi="2" ten="30,2000,0" yaku="1,1,0,1,53,0" doraHai="109" doraHaiUra="64" who="2" fromWho="2" sc="250,-10,250,-5,240,30,250,-5" /><INIT seed="1,0,0,0,5,2" ten="240,245,270,245" oya="1" hai0="93,132,85,81,113,28,76,47,1,39,117,108,118" hai1="61,127,59,71,36,130,16,73,7,91,97,92,37" hai2="45,29,14,80,55,9,22,30,123,111,50,62,42" hai3="67,135,90,66,48,126,86,20,17,72,87,100,52"/><U102/><E130/><V11/><F123/><W84/><G72/><T82/><D113/><U24/><E127/><V56/><F111/><W49/><G126/><T54/><D108/><U12/><E71/><V23/><F80/><W133/><G100/><T129/><D132/><N who="3" m="50761" /><G49/><T44/><D129/><U134/><E73/><V60/><F60/><W104/><G90/><T8/><D28/><N who="2" m="10858" /><F11/><W34/><G104/><T0/><D93/><U121/><E121/><V83/><F83/><W89/><G89/><T128/><D128/><U112/><E112/><V119/><F119/><W109/><G34/><T19/><D8/><N who="1" m="4127" /><E36/><V33/><F33/><W69/><G69/><T53/><D39/><U26/><E37/><V25/><F25/><N who="3" m="14479" /><G109/><T58/><D76/><U32/><E134/><V41/><F41/><W6/><G6/><AGARI ba="0,0" hai="6,9,14,22,23,42,45,50,55,56,62" m="10858" machi="6" ten="30,2000,0" yaku="8,1,52,1" doraHai="2" who="2" fromWho="3" sc="240,0,245,0,270,20,245,-20" /><INIT seed="2,0,0,0,1,109" ten="240,245,290,225" oya="2" hai0="13,18,65,117,99,24,43,56,84,91,28,7,105" hai1="129,62,108,75,135,106,132,27,60,104,22,131,35" hai2="118,3,32,95,88,96,54,10,76,113,98,85,42" hai3="14,120,119,67,64,34,86,71,66,8,112,111,41"/><V63/><F118/><W52/><G119/><T61/><D117/><U124/><E108/><V50/><F32/><W0/><G111/><T49/><D105/><N who="1" m="40555" /><E35/><V47/><F113/><W46/><G120/><T23/><D99/><U39/><E39/><V101/><F76/><W97/><G34/><T114/><D7/><U68/><E75/><V19/><F101/><W87/><G0/><T127/><D127/><U36/><E36/><V73/><F73/><W83/><G71/><T6/><D6/><U122/><E122/><V21/><F10/><W69/><G69/><T110/><D110/><U59/><E68/><V133/><F3/><W20/><G20/><T12/><D114/><U81/><E81/><V77/><F77/><W74/><G112/><T26/><D49/><U37/><E37/><V2/><F2/><W90/><G74/><T130/><D43/><U94/><E94/><V5/><F5/><N who="3" m="3343" /><G97/><T116/><D130/><N who="1" m="49675" /><E124/><V30/><F30/><W29/><G29/><T123/><D123/><U80/><E80/><V38/><F38/><W1/><G1/><T93/><REACH who="0" step="1"/><D116/><REACH who="0" ten="230,245,290,225" step="2"/><U44/><E135/><V79/><F133/><W57/><G41/><T78/><D78/><U17/><E132/><V40/><F79/><N who="3" m="46463" /><G46/><T16/><D16/><U4/><E4/><V92/><F98/><W9/><G9/><T100/><D100/><U103/><E103/><N who="2" m="60807" /><F63/><N who="1" m="24105" /><E44/><V102/><F102/><W48/><G67/><T128/><D128/><U53/><E53/><V89/><F89/><W11/><G11/><T25/><D25/><AGARI ba="0,1" hai="19,21,25,40,42,47,50,54,85,88,95" m="60807" machi="25" ten="30,2900,0" yaku="8,1,54,1" doraHai="109" who="2" fromWho="0" sc="230,-29,245,0,290,39,225,0" /><INIT seed="2,1,0,5,4,91" ten="201,245,329,225" oya="2" hai0="77,55,58,64,18,131,106,95,122,70,100,57,135" hai1="32,98,31,21,75,89,108,133,53,26,132,29,27" hai2="51,103,6,134,81,10,78,47,88,110,107,112,52" hai3="97,22,92,67,12,114,3,84,117,56,93,66,48"/><V130/><F112/><W96/><G117/><T109/><D106/><U36/><E108/><V23/><F110/><W68/><G3/><T99/><D109/><U104/><E75/><V41/><F134/><N who="1" m="51817" /><E36/><V82/><F130/><W90/><G68/><T111/><D135/><U79/><E79/><V94/><F103/><W113/><G113/><T119/><D111/><U86/><E53/><V124/><F107/><W80/><G114/><T105/><D131/><U38/><E38/><V33/><F33/><W4/><G48/><T17/><D122/><U126/><E126/><V116/><F116/><W127/><G127/><T83/><D119/><U125/><E125/><V101/><F101/><N who="3" m="60551" /><G56/><T16/><D105/><U5/><E5/><V13/><F124/><W24/><G12/><T2/><D2/><U60/><E60/><V74/><F81/><W85/><G85/><N who="0" m="48367" /><D70/><U62/><E62/><V28/><F28/><N who="3" m="17431" /><G4/><T49/><D58/><U72/><E72/><V35/><F35/><W129/><G129/><T50/><D49/><U44/><E104/><V118/><F118/><W14/><G14/><T128/><D128/><U39/><E39/><V69/><F69/><W121/><G121/><T120/><D120/><U73/><E73/><V8/><F41/><W11/><G11/><T123/><D123/><U54/><E32/><V59/><F59/><W15/><G15/><T61/><D50/><U71/><E71/><V34/><F34/><W42/><G42/><T25/><D25/><U30/><E27/><V115/><F115/><W102/><AGARI ba="1,0" hai="66,67,80,84,90,93,97,102" m="17431,60551" machi="102" ten="30,4000,0" yaku="8,1,52,2" doraHai="91" who="3" fromWho="3" sc="201,-11,245,-11,329,-21,225,43" /><INIT seed="3,0,0,1,0,130" ten="190,234,308,268" oya="3" hai0="81,3,25,119,123,59,76,14,39,114,35,93,51" hai1="124,60,112,126,18,4,32,102,94,26,116,107,63" hai2="111,115,45,135,84,20,12,72,134,87,55,98,88" hai3="128,57,90,70,117,105,0,104,21,53,89,77,46"/><W11/><G117/><T103/><D119/><U106/><E112/><V133/><F115/><W56/><G70/><T91/><D114/><U132/><E4/><V40/><F72/><W127/><G77/><T74/><D3/><U47/><E116/><V71/><F71/><W31/><G46/><T79/><D39/><U44/><E94/><N who="2" m="56647" /><F55/><W75/><G75/><T62/><D123/><U113/><E113/><V125/><F125/><N who="1" m="48233" /><E132/><V78/><F78/><W54/><G21/><T100/><D79/><U2/><E2/><V92/><F92/><W34/><G0/><T80/><D80/><U83/><E18/><N who="2" m="10311" /><F111/><W28/><G127/><T68/><D68/><U10/><E10/><V101/><F101/><W73/><G11/><T96/><D14/><U24/><E83/><V8/><F8/><W6/><G73/><T38/><D38/><AGARI ba="0,0" hai="38,40,45,84,87,133,134,135" m="10311,56647" machi="38" ten="30,8000,1" yaku="20,1,52,3,54,1" doraHai="130" who="2" fromWho="0" sc="190,-80,234,0,308,80,268,0" owari="110,-39.0,234,-16.6,388,48.8,268,6.8" /></mjloggm>