<mjloggm ver="2.3"><GO type="225" lobby="0"/><UN n0="%E3%82%AF%E3%82%A3%E3%82%A6" n1="%E7%B4%94%E6%BD%94%E3%83%94%E3%83%A9%E3%83%8B%E3%82%A2" n2="%E4%B8%89%E5%88%86%E5%B0%8F%E5%83%A7" n3="%E3%83%96%E3%83%83%E3%83%91%E3%82%AA%E3%83%96%E3%83%81%E3%82%AD%E3%83%B3" dan="16,16,16,16" rate="2076.60,2146.10,2044.90,2148.66" sx="M,M,M,M"/><TAIKYOKU oya="0"/><INIT seed="0,0,0,2,2,69" ten="250,250,250,250" oya="0" hai0="104,15,114,16,93,106,6,125,29,78,26,56,111" hai1="1,80,18,127,59,72,38,28,135,11,113,17,120" hai2="95,101,57,119,79,85,58,3,118,105,65,32,27" hai3="81,103,100,121,88,41,34,19,64,126,109,117,133"/><T55/><D114/><U47/><E120/><V132/><F3/><W98/><G117/><N who="2" m="44553" /><F132/><W42/><G34/><T71/><D71/><U39/><E135/><V75/><F75/><W107/><G133/><T24/><D125/><U48/><E28/><N who="2" m="19487" /><F105/><W123/><G109/><T54/><D78/><U94/><E127/><V62/><F57/><W8/><G64/><T53/><D111/><U2/><E94/><V110/><F110/><W70/><G70/><T90/><D6/><U99/><E99/><N who="2" m="59647" /><F85/><N who="3" m="50223" /><G103/><T86/><D56/><U77/><E59/><V129/><F79/><W33/><G33/><T52/><N who="0" m="13312" /><DORA hai="50" /><T76/><D76/><U96/><E96/><V23/><F23/><W7/><G19/><T31/><D106/><U73/><E113/><V25/><F25/><N who="0" m="9834" /><D104/><U87/><E73/><V66/><F66/><W43/><G126/><T63/><D63/><U0/><E72/><V44/><F44/><W92/><G107/><T102/><D102/><U22/><E47/><V20/><F20/><AGARI ba="0,0" hai="15,16,20,29,31,86,90,93" m="9834,13312" machi="20" ten="40,18000,2" yaku="8,1,52,4,54,2" doraHai="69,50" who="0" fromWho="2" sc="250,180,250,0,250,-180,250,0" /><INIT seed="0,1,0,5,1,2" ten="430,250,70,250" oya="0" hai0="91,55,28,7,72,125,69,9,128,54,87,4,43" hai1="5,16,59,50,89,57,49,15,126,36,8,88,42" hai2="37,71,102,68,66,26,13,81,130,79,61,62,64" hai3="85,132,78,117,1,56,29,121,73,34,106,40,108"/><T110/><D72/><U123/><E123/><V17/><F130/><W100/><G56/><N who="1" m="21578" /><E36/><V44/><F102/><W65/><G40/><T27/><D69/><U97/><E126/><V99/><F99/><W103/><G29/><T47/><D125/><U104/><E104/><V46/><F26/><W118/><G65/><T10/><D128/><U82/><E42/><V114/><F37/><W112/><G85/><T115/><D115/><U48/><E82/><V122/><F122/><W116/><G78/><T101/><D101/><U22/><E97/><V109/><F109/><W0/><G103/><T70/><D70/><U111/><E111/><V25/><F25/><AGARI ba="1,0" hai="5,8,15,16,22,25,48,49,50,88,89" m="21578" machi="25" ten="30,7700,0" yaku="8,1,52,1,54,2" doraHai="2" who="1" fromWho="2" sc="430,0,250,80,70,-80,250,0" owari="430,53.0,330,13.0,-10,-51.0,250,-15.0" /></mjloggm>