<mjloggm ver="2.3"><GO type="225" lobby="0"/><UN n0="%E3%82%AF%E3%82%A3%E3%82%A6" n1="%E3%83%A9%E3%83%BC%E3%83%A1%E3%83%B3%E4%BA%94%E9%83%8E" n2="%E5%B8%86%E7%AB%8B%E5%A4%8F%E8%A1%A3" n3="%E4%BF%BA%E3%81%A8%E5%A6%96%E5%A4%A2" dan="16,16,17,16" rate="2059.62,2124.52,2179.62,2172.98" sx="M,M,M,F"/><TAIKYOKU oya="0"/><INIT seed="0,0,0,5,0,123" ten="250,250,250,250" oya="0" hai0="54,27,95,32,29,108,25,43,7,74,23,90,122" hai1="97,107,30,12,104,15,120,71,24,118,131,124,110" hai2="114,61,18,60,134,65,76,70,91,72,57,100,129" hai3="112,31,50,119,115,92,1,133,53,83,41,93,67"/><T37/><D122/><U56/><E118/><V8/><F114/><W79/><G119/><T132/><D74/><U26/><E120/><V85/><F129/><W22/><G1/><T111/><D132/><U38/><E71/><V48/><F134/><W103/><G41/><T4/><D54/><U55/><E38/><V64/><F100/><W45/><G133/><T36/><D43/><U109/><E131/><V17/><F48/><W69/><G69/><T52/><D52/><U19/><E124/><V94/><F72/><W5/><G5/><T47/><D47/><U42/><E42/><V44/><F44/><W13/><G67/><T102/><D102/><N who="1" m="62543" /><E107/><V75/><F75/><W9/><G9/><T2/><D4/><U39/><E19/><V46/><F46/><W98/><G92/><T33/><D7/><U35/><E26/><V73/><REACH who="2" step="1"/><F8/><REACH who="2" ten="250,250,240,250" step="2"/><W82/><G45/><T78/><D2/><U113/><E113/><V3/><F3/><W106/><G50/><T101/><D101/><U59/><E39/><V127/><F127/><W20/><G115/><T88/><D23/><U28/><E35/><V128/><F128/><W63/><G20/><T117/><D117/><U130/><E130/><V40/><F40/><W84/><G112/><T66/><D66/><U49/><E49/><V116/><F116/><W6/><G103/><T21/><D21/><U58/><E55/><V10/><F10/><W11/><G106/><T0/><D0/><U16/><E28/><V77/><F77/><W34/><G31/><T14/><D78/><U80/><E30/><V62/><F62/><RYUUKYOKU ba="0,1" sc="250,-10,250,-10,240,30,250,-10" hai2="17,18,57,60,61,64,65,70,73,76,85,91,94" /><INIT seed="1,1,1,5,2,115" ten="240,240,270,240" oya="1" hai0="50,72,33,54,132,15,112,114,110,7,133,98,68" hai1="127,66,81,22,18,63,4,51,105,28,123,62,12" hai2="80,14,43,24,27,31,32,128,135,75,129,38,2" hai3="60,102,107,0,20,76,109,113,106,26,10,53,37"/><U1/><E123/><V45/><F135/><N who="0" m="51786" /><D33/><U55/><E105/><V130/><F14/><W103/><G113/><T67/><D72/><U13/><E127/><V126/><F126/><W3/><G37/><T85/><D98/><U59/><E1/><V78/><REACH who="2" step="1"/><F27/><REACH who="2" ten="240,240,260,240" step="2"/><W44/><G26/><T79/><D110/><U19/><E4/><V40/><F40/><W108/><G108/><T23/><D15/><U90/><E28/><V77/><F77/><W6/><G76/><T118/><D7/><U48/><E13/><V58/><F58/><W42/><G109/><T73/><D79/><U134/><E134/><V8/><F8/><W46/><G10/><T125/><D125/><U117/><E19/><V64/><F64/><W93/><G6/><T65/><D65/><U111/><E111/><V101/><F101/><W52/><G102/><T87/><D67/><U96/><E66/><V94/><F94/><W124/><G124/><T100/><D100/><U121/><E96/><V119/><F119/><W34/><G42/><T30/><D118/><U25/><E117/><V84/><F84/><N who="0" m="32330" /><D73/><U131/><E12/><V83/><F83/><W122/><G103/><T61/><D68/><U120/><E81/><V57/><F57/><W99/><G99/><T49/><D114/><U86/><E90/><V39/><F39/><W16/><G0/><AGARI ba="1,2" hai="0,2,24,31,32,38,43,45,75,78,80,128,129,130" machi="0" ten="40,12000,2" yaku="1,1,19,1,23,2,53,2" doraHai="115" doraHaiUra="35" who="2" fromWho="3" sc="240,0,240,0,260,143,240,-123" /><INIT seed="2,0,0,3,2,22" ten="240,240,403,117" oya="2" hai0="92,18,17,12,61,119,115,133,36,99,128,117,70" hai1="103,48,110,33,122,126,32,62,78,40,83,50,54" hai2="89,129,13,6,0,26,102,28,114,81,132,91,51" hai3="93,16,124,108,101,95,14,43,120,106,1,67,86"/><V111/><F114/><W76/><G120/><T19/><D115/><U71/><E122/><V113/><F132/><W5/><G108/><T56/><D133/><U97/><E110/><V77/><F113/><W66/><G124/><T116/><D128/><U39/><E126/><V41/><F129/><W135/><G135/><T109/><D109/><U105/><E50/><V15/><F102/><W118/><G118/><T73/><D73/><N who="1" m="43471" /><E54/><V68/><F68/><W88/><G106/><T4/><D36/><U64/><E48/><V94/><F0/><W72/><G43/><T25/><D70/><U52/><E52/><V131/><F131/><W24/><G1/><T27/><D4/><U10/><E10/><V87/><F111/><W29/><G5/><T44/><D44/><AGARI ba="0,0" hai="32,33,39,40,44,62,64,71,97,103,105" m="43471" machi="44" ten="30,2000,0" yaku="33,2" doraHai="22" who="1" fromWho="0" sc="240,-20,240,20,403,0,117,0" /><INIT seed="3,0,0,0,2,1" ten="220,260,403,117" oya="3" hai0="100,134,0,111,86,43,40,104,52,87,15,33,91" hai1="124,48,10,67,108,36,131,65,51,135,112,123,27" hai2="54,71,18,53,11,75,116,122,118,7,74,72,28" hai3="57,98,120,119,83,50,30,127,133,117,90,130,17"/><W16/><G120/><T78/><D0/><U22/><E123/><V13/><F71/><W19/><G130/><T35/><D111/><U73/><E112/><V4/><F122/><W38/><G38/><T12/><D134/><U49/><E73/><V110/><F110/><W126/><G30/><T20/><D104/><U8/><E124/><N who="3" m="47658" /><G133/><T59/><D100/><U103/><E108/><V9/><F28/><W23/><G98/><T2/><D2/><U6/><E36/><V99/><F99/><W89/><G23/><T82/><D33/><U46/><E131/><V109/><F109/><W93/><G83/><N who="0" m="49663" /><D35/><U37/><E135/><V21/><F21/><W128/><G128/><T69/><D69/><U129/><E129/><V42/><F42/><N who="0" m="15914" /><D20/><U106/><E37/><V45/><F18/><W47/><G57/><T44/><D44/><U80/><E46/><V63/><F45/><W85/><G89/><T41/><N who="0" m="15922" /><AGARI ba="0,0" hai="16,17,19,41,47,50,85,90,93,117,119" m="47658" machi="41" ten="30,5800,0" yaku="3,1,18,1,54,1" doraHai="1" who="3" fromWho="0" sc="220,-58,260,0,403,0,117,58" /><INIT seed="3,1,0,5,1,79" ten="162,260,403,175" oya="3" hai0="85,88,93,109,66,22,61,60,127,114,134,41,103" hai1="74,40,97,133,111,108,107,17,44,110,80,33,13" hai2="131,27,2,64,102,48,95,100,120,30,5,62,57" hai3="87,32,94,12,69,128,19,42,45,123,73,84,15"/><W91/><G123/><T24/><D109/><U37/><E133/><V49/><F131/><W29/><G73/><T18/><D114/><U1/><E33/><V112/><F120/><W78/><G69/><T59/><D127/><U26/><E1/><V122/><F122/><W63/><G128/><T39/><D134/><U20/><E107/><V9/><F112/><W16/><G29/><T52/><D39/><U65/><E65/><V70/><F70/><W10/><G32/><T89/><D41/><U101/><E74/><V54/><F95/><W31/><G31/><T58/><D103/><U126/><E126/><V0/><F0/><W86/><G63/><T132/><D132/><U38/><E80/><V46/><F49/><N who="3" m="26807" /><G78/><T8/><D8/><AGARI ba="1,0" hai="8,10,12,15,16,19,84,86,87,91,94" m="26807" machi="8" ten="30,2900,0" yaku="8,1,54,1" doraHai="79" who="3" fromWho="0" sc="162,-32,260,0,403,0,175,32" /><INIT seed="3,2,0,1,0,89" ten="130,260,403,207" oya="3" hai0="4,79,43,128,27,119,42,130,7,106,110,115,73" hai1="123,47,60,122,75,38,53,64,56,31,95,88,51" hai2="134,84,22,67,48,26,39,96,13,132,91,10,32" hai3="59,135,107,46,77,15,29,14,11,37,124,24,80"/><W108/><G107/><T54/><D119/><U86/><E75/><V19/><F39/><W133/><G124/><T120/><D120/><U71/><E31/><V65/><F32/><W92/><G108/><T55/><D106/><U81/><E81/><N who="2" m="49551" /><F96/><W20/><G59/><T33/><D73/><U21/><E21/><V40/><F40/><AGARI ba="2,0" hai="38,40,47,51,53,56,60,64,71,86,88,95,122,123" machi="40" ten="40,8000,1" yaku="24,2,52,1,54,1" doraHai="89" who="1" fromWho="2" sc="130,0,260,86,403,-86,207,0" owari="130,-37.0,346,44.6,317,11.7,207,-19.3" /></mjloggm>