<mjloggm ver="2.3"><GO type="225" lobby="0"/><UN n0="%6C%65%74%69%74%62%65" n1="%E5%91%A8%E6%9D%B1" n2="%E3%81%BD%E3%81%A1%E3%81%9F%E3%81%93%E3%82%84" n3="%E5%A4%8F%E9%88%B4%E9%88%B4%E5%A4%8F" dan="16,17,17,16" rate="2113.08,2231.59,2201.79,2094.14" sx="M,M,M,F"/><TAIKYOKU oya="0"/><INIT seed="0,0,0,2,5,10" ten="250,250,250,250" oya="0" hai0="45,109,48,135,13,56,86,33,90,106,36,124,131" hai1="116,71,62,57,70,107,50,23,80,112,72,96,54" hai2="27,83,28,38,39,120,22,121,69,92,128,14,47" hai3="87,110,31,129,94,103,61,19,26,81,2,7,99"/><T11/><D33/><U123/><E116/><V67/><F128/><W78/><G110/><T25/><D131/><U127/><E123/><V9/><F83/><W5/><G129/><T66/><D106/><U3/><E3/><V89/><F67/><W133/><G133/><T51/><D135/><U115/><E127/><V117/><F69/><W82/><G2/><T60/><D124/><U43/><E23/><V65/><F65/><W75/><G61/><T30/><D109/><U77/><E96/><V119/><F120/><W111/><G19/><T63/><D63/><U134/><E107/><V76/><F76/><W101/><G101/><T98/><D98/><U130/><E134/><V91/><F121/><W15/><G15/><T102/><D102/><U18/><E18/><N who="2" m="8527" /><F47/><W17/><G17/><T0/><D0/><U21/><E21/><V125/><F91/><W8/><G8/><T16/><D45/><N who="1" m="25919" /><E130/><V52/><F52/><W40/><G40/><T73/><D73/><U100/><E100/><V74/><F74/><W6/><G111/><T46/><D46/><U68/><E115/><V12/><F12/><W85/><REACH who="3" step="1"/><G82/><REACH who="3" ten="250,250,250,240" step="2"/><T42/><D42/><U20/><E112/><V41/><F41/><W32/><AGARI ba="0,1" hai="5,6,7,26,31,32,75,78,81,85,87,94,99,103" machi="32" ten="30,4000,0" yaku="1,1,2,1,0,1,53,0" doraHai="10" doraHaiUra="114" who="3" fromWho="3" sc="250,-20,250,-10,250,-10,240,50" /><INIT seed="1,0,0,3,2,16" ten="230,240,240,290" oya="1" hai0="105,95,14,99,46,100,28,13,65,119,23,47,121" hai1="44,0,1,60,130,96,36,86,94,81,5,85,134" hai2="70,66,55,24,42,101,76,108,114,104,103,29,133" hai3="48,7,115,111,120,58,110,35,33,123,15,126,52"/><U10/><E134/><V92/><F108/><N who="3" m="41515" /><G115/><T80/><D119/><U78/><E130/><V71/><F114/><W82/><G126/><T91/><D121/><N who="3" m="46665" /><G82/><T9/><D65/><U117/><E117/><V54/><F104/><W118/><G118/><T53/><D53/><U88/><E60/><V8/><F42/><W68/><G68/><T2/><D2/><U72/><E1/><V50/><F76/><W122/><N who="3" m="46673" /><W12/><DORA hai="31" /><G7/><N who="0" m="3263" /><D105/><U89/><E89/><V37/><F71/><W106/><G106/><T83/><D80/><U20/><E20/><V40/><F70/><W124/><G124/><T19/><D28/><U4/><E4/><V62/><F29/><W125/><G125/><T73/><D73/><U128/><E128/><V45/><F133/><W30/><G30/><T67/><D67/><U49/><REACH who="1" step="1"/><E36/><REACH who="1" ten="230,230,240,290" step="2"/><V51/><F37/><W79/><G79/><T26/><D14/><AGARI ba="0,1" hai="12,14,15,33,35,48,52,58" m="46673,41515" machi="14" ten="50,8000,1" yaku="14,1,52,2,54,1" doraHai="16,31" who="3" fromWho="0" sc="230,-80,230,0,240,0,290,90" /><INIT seed="2,0,0,3,3,67" ten="150,230,240,380" oya="2" hai0="66,106,46,7,63,17,9,78,44,89,53,51,3" hai1="11,68,113,116,14,12,131,87,81,101,82,120,16" hai2="95,72,112,102,71,29,6,122,22,18,88,79,69" hai3="97,25,74,20,0,15,127,125,118,73,75,39,32"/><V132/><F112/><W86/><G118/><T37/><D106/><U103/><E113/><V130/><F122/><W42/><G0/><T119/><D119/><U57/><E116/><V135/><F102/><W60/><G32/><T84/><D78/><U8/><E120/><V110/><F29/><W105/><G15/><T59/><D17/><U134/><E134/><N who="2" m="51243" /><F130/><W49/><G39/><T35/><D35/><U21/><E131/><V111/><F6/><W100/><G86/><T108/><D108/><N who="2" m="41514" /><F79/><W40/><G60/><T27/><D27/><U107/><E103/><V65/><F65/><W24/><G49/><T33/><D33/><U38/><E101/><V85/><F72/><W99/><G100/><T94/><REACH who="0" step="1"/><D37/><REACH who="0" ten="140,230,240,380" step="2"/><U77/><E38/><V96/><F96/><W2/><G99/><T133/><D133/><U91/><E107/><V41/><F41/><W124/><G97/><T126/><D126/><U34/><E34/><V58/><F58/><AGARI ba="0,1" hai="3,7,9,44,46,51,53,58,59,63,66,84,89,94" machi="58" ten="30,2000,0" yaku="1,1,7,1,53,0" doraHai="67" doraHaiUra="26" who="0" fromWho="2" sc="140,30,230,0,240,-20,380,0" /><INIT seed="3,0,0,5,5,10" ten="170,230,220,380" oya="3" hai0="117,97,56,52,123,99,93,37,69,106,39,21,29" hai1="49,130,48,79,72,60,102,61,44,24,1,128,58" hai2="104,53,112,98,54,70,16,115,27,105,122,7,131" hai3="26,9,116,41,118,2,84,45,111,133,17,76,50"/><W113/><G113/><T92/><D123/><U71/><E102/><V135/><F70/><W114/><G114/><T32/><D106/><U20/><E1/><V73/><F73/><W90/><G76/><T96/><D69/><U23/><E79/><V13/><F122/><W74/><G74/><T121/><D121/><U43/><E72/><V59/><F131/><N who="1" m="50217" /><E71/><V81/><F81/><W14/><G133/><T57/><D32/><U15/><E15/><V87/><F87/><W67/><G111/><T88/><D117/><U66/><E61/><V129/><F129/><W4/><G26/><N who="0" m="16591" /><D37/><N who="1" m="21615" /><E20/><V28/><F135/><W46/><G67/><T68/><D39/><U18/><AGARI ba="0,0" hai="18,23,24,48,49,58,60,66" m="21615,50217" machi="18" ten="30,1100,0" yaku="19,1" doraHai="10" who="1" fromWho="1" sc="170,-3,230,11,220,-3,380,-5" owari="167,-33.3,241,4.1,217,-18.3,375,47.5" /></mjloggm>