<mjloggm ver="2.3"><GO type="225" lobby="0"/><UN n0="%E7%AB%8B%E8%8A%B1%E9%9F%BF" n1="%E7%99%BD%E5%80%89%E5%AF%9B%E4%B9%8B" n2="%E6%81%A5%E6%99%92%E3%81%97" n3="%E5%91%A8%E6%9D%B1" dan="17,16,16,17" rate="2190.45,2141.61,2131.94,2200.47" sx="F,M,M,M"/><TAIKYOKU oya="0"/><INIT seed="0,0,0,2,5,36" ten="250,250,250,250" oya="0" hai0="63,23,48,11,80,101,69,100,1,76,79,95,121" hai1="119,127,66,132,51,30,38,131,39,70,40,33,25" hai2="14,89,12,72,6,78,71,118,96,28,115,106,75" hai3="20,44,129,111,61,113,93,19,24,59,35,15,13"/><T105/><D121/><U55/><E119/><V124/><F115/><W102/><G113/><T8/><D105/><U130/><E127/><V22/><F71/><W58/><G111/><T54/><D23/><U117/><E117/><V110/><F118/><W57/><G129/><N who="1" m="49162" /><E132/><V98/><F110/><W56/><G35/><T26/><D26/><U0/><E0/><V73/><F124/><W10/><G44/><T5/><D11/><U37/><E66/><V43/><F78/><W104/><G104/><T82/><D79/><U67/><E67/><V49/><F89/><W92/><G102/><T64/><D95/><U88/><E88/><V47/><F6/><W99/><G99/><T29/><D82/><U86/><E86/><V133/><F133/><W60/><G15/><T120/><D29/><U3/><E70/><V2/><F2/><W45/><G45/><T112/><D120/><U83/><E83/><V34/><F34/><W42/><G42/><T109/><D109/><U52/><E3/><V32/><F32/><W126/><G126/><T108/><D112/><U90/><E90/><V41/><F41/><W17/><REACH who="3" step="1"/><G61/><REACH who="3" ten="250,250,250,240" step="2"/><T4/><D108/><U27/><E27/><V9/><F14/><W74/><G74/><T135/><D135/><U114/><E114/><V18/><F106/><W84/><G84/><N who="0" m="48135" /><D4/><U53/><E40/><V128/><F128/><W77/><G77/><T62/><D63/><U123/><E123/><V85/><F85/><W50/><G50/><AGARI ba="0,1" hai="25,30,33,37,38,39,50,51,52,53,55" m="49162" machi="50" ten="40,2600,0" yaku="19,1,54,1" doraHai="36" who="1" fromWho="3" sc="250,0,250,36,250,0,240,-26" /><INIT seed="1,0,0,1,1,0" ten="250,286,250,214" oya="1" hai0="126,74,110,130,53,78,25,79,88,9,54,46,69" hai1="4,73,7,62,129,133,50,36,119,97,100,86,76" hai2="24,120,61,75,99,28,115,92,3,11,56,77,72" hai3="123,122,94,71,90,52,60,105,91,98,22,2,70"/><U48/><E36/><V93/><F120/><W26/><G2/><T43/><D69/><U96/><E73/><V107/><F115/><W40/><G40/><T104/><D104/><U111/><E119/><V5/><F107/><W83/><G105/><T112/><D112/><U63/><E133/><V68/><F68/><W12/><G71/><T121/><D121/><U15/><E15/><V34/><F77/><W23/><G70/><T80/><D79/><U134/><E134/><V131/><F131/><W49/><G60/><N who="1" m="23082" /><E129/><V64/><REACH who="2" step="1"/><F93/><REACH who="2" ten="250,286,240,214" step="2"/><W58/><G122/><T1/><D130/><U81/><E111/><V14/><F14/><W127/><G123/><T65/><D110/><U89/><E76/><V59/><F59/><W20/><G12/><T33/><D78/><U47/><E50/><V67/><F67/><W106/><G106/><T6/><D65/><U66/><E66/><V32/><F32/><W51/><G51/><T55/><D74/><U37/><E37/><V31/><F31/><W41/><G127/><T125/><D33/><U16/><E16/><V87/><F87/><N who="3" m="50559" /><G41/><T57/><D57/><U18/><E18/><AGARI ba="0,1" hai="18,20,22,23,26,49,52,58,91,94,98" m="50559" machi="18" ten="30,2000,0" yaku="8,1,54,1" doraHai="0" who="3" fromWho="1" sc="250,0,286,-20,240,0,214,30" /><INIT seed="2,0,0,3,5,77" ten="250,266,240,244" oya="2" hai0="96,20,50,75,109,6,76,71,54,135,30,40,95" hai1="19,121,29,3,26,23,16,122,39,25,127,65,33" hai2="101,123,61,11,49,105,124,10,36,115,60,93,88" hai3="100,55,68,27,131,94,42,35,47,129,41,102,64"/><V116/><F115/><W34/><G55/><T22/><D71/><U52/><E39/><V104/><F116/><W113/><G113/><T24/><D40/><U0/><E65/><V90/><F123/><N who="1" m="47113" /><E127/><V67/><F36/><W21/><G64/><T63/><D109/><U4/><E4/><V108/><F124/><W53/><G53/><T80/><D135/><U37/><E37/><V46/><F108/><W2/><G2/><N who="1" m="554" /><E52/><N who="2" m="29751" /><F104/><W84/><G68/><T133/><D133/><U128/><E128/><V12/><F105/><W69/><G69/><T9/><D63/><N who="2" m="24138" /><F67/><W43/><G129/><T98/><D20/><U130/><E130/><V89/><F101/><W125/><G102/><T79/><D79/><U91/><E91/><N who="2" m="34827" /><F12/><W111/><G100/><T58/><REACH who="0" step="1"/><D95/><REACH who="0" ten="240,266,240,244" step="2"/><U14/><E14/><AGARI ba="0,1" hai="6,9,14,22,24,30,50,54,58,75,76,80,96,98" machi="14" ten="30,8000,1" yaku="1,1,2,1,7,1,52,1,53,1" doraHai="77" doraHaiUra="8" who="0" fromWho="1" sc="240,90,266,-80,240,0,244,0" /><INIT seed="3,0,0,2,5,0" ten="330,186,240,244" oya="3" hai0="31,50,43,121,62,73,16,84,79,82,122,32,12" hai1="3,132,18,51,83,55,53,105,87,15,67,98,126" hai2="58,114,113,71,40,118,61,8,28,24,111,10,95" hai3="109,65,47,72,5,135,75,103,30,120,2,48,7"/><W101/><G2/><T6/><D6/><N who="3" m="2057" /><G120/><T130/><D130/><U96/><E3/><V17/><F118/><W20/><G75/><T100/><D100/><U78/><E132/><V45/><F71/><W91/><G72/><T39/><D39/><U99/><E126/><V60/><F60/><W93/><G65/><T76/><D62/><U63/><E105/><V46/><F46/><W97/><G135/><T42/><D76/><U49/><E49/><V110/><F95/><W68/><G68/><T102/><D102/><U127/><E127/><V52/><F17/><W4/><N who="3" m="2065" /><W94/><DORA hai="119" /><G109/><N who="2" m="41481" /><F10/><W37/><G37/><T57/><D73/><U123/><E123/><V66/><F8/><W108/><G108/><T11/><D121/><U80/><E80/><V64/><F66/><W128/><G128/><T117/><D117/><U77/><E77/><V22/><F64/><W112/><G112/><T86/><D31/><U21/><REACH who="1" step="1"/><E51/><AGARI ba="0,0" hai="22,24,28,40,45,51,52,58,61,113,114" m="41481" machi="51" ten="30,2000,0" yaku="14,1,54,1" doraHai="0,119" who="2" fromWho="1" sc="330,0,186,-20,240,20,244,0" owari="330,43.0,166,-33.4,260,6.0,244,-15.6" /></mjloggm>