<mjloggm ver="2.3"><GO type="225" lobby="0"/><UN n0="%70%68%65%6E%6F%6D%65" n1="%E3%81%99%E3%81%84%E3%81%BE%E3%81%9B%E3%83%BC%E3%82%93" n2="%70%6E%64%73%6E%67" n3="%E5%91%A8%E6%9D%B1" dan="16,18,16,16" rate="2159.00,2241.08,2117.72,2172.53" sx="M,M,M,M"/><TAIKYOKU oya="0"/><INIT seed="0,0,0,1,2,39" ten="250,250,250,250" oya="0" hai0="98,49,71,29,103,116,113,48,41,59,58,118,131" hai1="79,108,99,57,134,73,90,74,19,97,65,133,53" hai2="100,45,78,123,0,124,42,107,31,38,77,18,87" hai3="114,64,21,26,121,96,81,22,101,33,128,37,60"/><T88/><D71/><U61/><E108/><V50/><F123/><W104/><G121/><T106/><D113/><U15/><E65/><V11/><F124/><W35/><G128/><T75/><D75/><U83/><E74/><V47/><F31/><W109/><G109/><T5/><D131/><U23/><REACH who="1" step="1"/><E90/><REACH who="1" ten="250,240,250,250" step="2"/><V89/><F89/><W8/><G114/><T24/><D116/><U111/><E111/><V70/><F77/><W84/><G35/><T17/><D118/><U9/><E9/><V76/><F78/><W112/><G112/><T117/><D117/><U66/><E66/><V105/><F76/><W2/><G8/><T54/><D88/><U43/><E43/><V95/><F42/><W94/><G33/><T80/><D80/><U25/><E25/><V55/><F11/><W132/><G26/><T34/><D5/><U3/><E3/><V40/><F0/><W72/><G2/><T68/><D68/><U63/><E63/><V122/><F70/><W86/><G60/><T126/><D126/><U13/><E13/><V135/><F122/><W130/><G64/><T1/><D1/><U30/><E30/><V20/><F40/><W69/><G69/><T82/><D82/><U52/><E52/><V7/><F55/><W14/><G81/><T62/><D41/><U85/><E85/><V6/><F6/><W51/><G86/><T28/><D29/><U110/><E110/><V125/><F7/><W127/><G84/><T56/><D17/><U27/><E27/><V10/><F87/><W91/><G127/><T12/><D12/><U102/><E102/><RYUUKYOKU ba="0,1" sc="250,15,240,15,250,-15,250,-15" hai0="24,28,34,48,49,54,56,58,59,62,98,103,106" hai1="15,19,23,53,57,61,73,79,83,97,99,133,134" /><INIT seed="0,1,1,4,0,8" ten="265,255,235,235" oya="0" hai0="72,90,6,60,94,40,5,46,133,127,124,110,103" hai1="41,68,129,38,79,100,122,132,50,92,2,83,69" hai2="24,48,12,105,113,55,25,19,62,130,39,61,118" hai3="0,47,117,125,4,101,21,3,108,99,114,116,85"/><T16/><D133/><U10/><E122/><V86/><F113/><W107/><G114/><T82/><D60/><U56/><E132/><V27/><F130/><W13/><G108/><T84/><D110/><U128/><E56/><V115/><F115/><W49/><G125/><N who="0" m="48203" /><D103/><U121/><E50/><V75/><F75/><W33/><G33/><T119/><D119/><U59/><E59/><V78/><F39/><W51/><G51/><N who="0" m="27079" /><D16/><U89/><E100/><V26/><N who="2" m="6144" /><DORA hai="67" /><V31/><F105/><W80/><G117/><T91/><D72/><N who="1" m="43495" /><E121/><V111/><F118/><W63/><G63/><T98/><AGARI ba="1,1" hai="5,6,82,84,90,91,94,98" m="27079,48203" machi="98" ten="30,1500,0" yaku="18,1" doraHai="8,67" who="0" fromWho="0" sc="265,28,255,-6,235,-6,235,-6" /><INIT seed="0,2,0,3,1,99" ten="293,249,229,229" oya="0" hai0="88,59,39,61,125,3,63,65,31,133,68,2,6" hai1="10,98,13,53,130,132,109,50,37,87,25,114,104" hai2="58,134,122,66,110,23,57,84,97,103,107,126,15" hai3="67,79,89,36,16,85,7,120,71,24,82,12,14"/><T17/><D39/><U115/><E109/><V55/><F122/><W121/><G36/><T21/><D125/><U60/><E37/><V81/><F110/><W127/><G127/><T95/><D31/><U72/><E72/><V129/><F126/><W108/><G108/><T80/><D80/><U131/><E132/><V26/><F129/><N who="1" m="49161" /><E60/><V11/><F134/><W92/><G67/><T86/><D6/><N who="1" m="3287" /><E87/><V9/><F66/><W70/><G24/><T76/><D76/><U83/><E83/><V8/><F55/><W46/><G46/><T29/><D29/><U106/><E25/><V32/><F32/><W117/><G117/><T0/><D133/><U45/><E98/><V33/><F33/><W90/><G121/><T38/><D38/><U74/><E74/><V73/><F73/><W52/><G79/><T111/><D111/><U123/><E123/><V112/><F112/><AGARI ba="2,0" hai="45,50,53,104,106,112,114,115" m="3287,49161" machi="112" ten="30,2000,0" yaku="11,1,19,1" doraHai="99" who="1" fromWho="2" sc="293,0,249,26,229,-26,229,0" /><INIT seed="1,0,0,4,2,13" ten="293,275,203,229" oya="1" hai0="73,2,83,41,115,80,108,127,17,78,66,35,31" hai1="132,36,113,71,122,133,12,100,74,11,104,1,117" hai2="87,21,64,4,59,54,3,37,6,91,63,86,107" hai3="85,111,82,39,52,72,96,30,42,58,27,8,98"/><U120/><RYUUKYOKU type="yao9" ba="0,0" sc="293,0,275,0,203,0,229,0" hai1="1,11,12,36,71,74,100,104,113,117,120,122,132,133" /><INIT seed="1,1,0,1,5,93" ten="293,275,203,229" oya="1" hai0="36,52,12,58,5,66,30,133,135,67,91,14,40" hai1="42,120,35,29,41,34,53,114,87,17,110,97,49" hai2="13,62,99,102,134,48,128,50,22,38,56,103,51" hai3="74,105,83,82,90,88,33,109,25,70,27,18,15"/><U8/><E114/><V1/><F1/><W123/><G123/><T31/><D40/><U96/><E120/><V101/><F128/><W80/><G70/><T39/><D91/><U121/><E121/><V11/><F134/><N who="0" m="51210" /><D30/><U57/><E110/><V113/><F113/><W2/><G2/><T131/><D31/><U127/><E127/><V23/><F38/><N who="0" m="14378" /><D131/><U32/><E29/><V43/><F43/><W84/><G109/><T72/><D72/><U9/><E42/><V75/><F75/><W24/><G105/><T37/><N who="0" m="14386" /><T61/><DORA hai="21" /><D5/><U79/><E35/><V59/><F99/><N who="1" m="37961" /><E34/><V119/><F119/><W125/><G33/><T100/><D100/><U73/><E73/><V46/><F46/><W54/><G74/><T112/><D112/><U92/><E32/><V69/><F69/><W104/><G104/><T77/><D77/><U47/><E17/><V55/><REACH who="2" step="1"/><F56/><REACH who="2" ten="293,275,193,229" step="2"/><W20/><G125/><T116/><D116/><U60/><E41/><V85/><F85/><W95/><G90/><T122/><D122/><U106/><E47/><V117/><F117/><W63/><G95/><T0/><D0/><U115/><E115/><V94/><F94/><W124/><G124/><T16/><D12/><U4/><E92/><V45/><F45/><W71/><G71/><T28/><D28/><U78/><E106/><V81/><F81/><W3/><G3/><T44/><D44/><U107/><E107/><V129/><F129/><W132/><G132/><T7/><D14/><U65/><E79/><V19/><AGARI ba="1,1" hai="11,13,19,22,23,48,50,51,55,59,62,101,102,103" machi="19" ten="30,7900,0" yaku="1,1,0,1,8,1,53,1" doraHai="93,21" doraHaiUra="10,68" who="2" fromWho="2" sc="293,-21,275,-40,193,92,229,-21" /><INIT seed="2,0,0,0,5,88" ten="272,235,285,208" oya="2" hai0="52,105,55,74,22,64,63,110,38,97,129,122,34" hai1="131,13,98,95,21,33,91,121,116,104,130,11,106" hai2="62,47,9,133,25,24,18,57,113,56,117,29,3" hai3="20,35,99,4,23,54,75,45,83,14,128,103,0"/><V92/><F113/><W80/><G35/><T49/><D34/><U78/><E33/><V119/><F133/><W127/><G127/><T115/><D122/><U44/><E116/><V65/><F47/><W61/><G128/><N who="1" m="49194" /><E121/><V132/><F132/><W72/><G0/><T28/><D38/><U43/><E21/><V40/><F40/><W41/><G72/><T134/><D74/><U31/><E78/><V100/><F18/><W70/><G75/><T15/><D115/><U8/><E31/><V84/><F56/><W50/><G23/><T26/><D110/><U124/><E124/><V69/><F69/><W12/><G14/><T109/><D109/><U135/><E135/><V118/><F29/><W120/><G120/><T108/><D108/><U126/><E126/><V111/><F111/><W66/><G41/><T67/><D134/><U48/><E11/><V16/><F84/><W7/><G7/><AGARI ba="0,0" hai="7,8,13,43,44,48,91,95,98,104,106" m="49194" machi="7" ten="30,2000,0" yaku="19,1,52,1" doraHai="88" who="1" fromWho="3" sc="272,0,235,20,285,0,208,-20" /><INIT seed="3,0,0,5,3,133" ten="272,255,285,188" oya="3" hai0="3,109,4,108,101,69,90,7,73,131,117,100,50" hai1="29,119,23,127,120,14,54,24,130,59,0,87,28" hai2="88,123,132,110,49,5,124,79,16,66,63,83,35" hai3="2,8,95,31,53,47,106,77,18,20,111,103,22"/><W57/><G106/><T76/><D69/><U61/><E0/><V104/><F104/><W1/><G77/><T68/><D68/><U10/><E120/><V99/><F35/><W135/><G135/><T121/><D121/><U105/><E130/><V126/><F132/><W65/><G111/><T34/><D34/><U114/><E114/><V30/><F110/><N who="0" m="42602" /><D3/><U78/><E105/><V102/><F30/><W15/><G2/><T39/><D39/><U40/><E119/><V80/><F123/><W55/><G1/><T85/><D50/><U64/><E40/><V45/><F5/><N who="0" m="2122" /><D131/><U67/><E29/><V51/><F102/><N who="0" m="39530" /><D117/><U70/><E70/><N who="2" m="42335" /><F51/><N who="3" m="28927" /><G65/><T9/><D9/><U75/><E67/><V60/><F60/><N who="3" m="35903" /><G31/><T27/><D27/><U6/><E64/><V42/><F79/><W36/><G36/><T58/><D58/><U116/><E116/><V112/><F112/><W92/><G103/><T46/><D46/><U71/><E71/><V32/><F32/><W48/><G48/><T125/><D125/><N who="2" m="48234" /><F16/><N who="3" m="8295" /><G20/><T52/><D76/><U25/><E127/><V44/><F44/><W86/><G86/><T38/><D85/><U128/><E87/><V13/><F13/><AGARI ba="0,0" hai="13,18,22,92,95" m="8295,35903,28927" machi="13" ten="30,2900,0" yaku="8,1,54,1" doraHai="133" who="3" fromWho="2" sc="272,0,255,0,285,-29,188,29" /><INIT seed="3,1,0,4,1,51" ten="272,255,256,217" oya="3" hai0="71,48,44,85,24,132,93,20,1,98,5,57,128" hai1="64,95,91,106,36,47,69,116,55,3,25,38,125" hai2="87,134,30,37,130,58,4,96,119,108,15,67,60" hai3="101,127,52,112,49,80,89,102,73,61,79,88,83"/><W56/><G127/><T107/><D71/><U50/><E3/><V40/><F119/><W42/><G112/><T70/><D70/><U100/><E125/><V113/><F113/><W123/><G123/><T103/><D128/><U129/><E129/><V62/><F108/><W13/><G13/><T23/><D132/><U2/><E2/><V120/><F130/><W84/><G89/><T8/><D57/><U31/><E116/><V66/><F37/><W33/><G33/><T72/><D72/><U124/><E124/><V74/><F74/><W63/><REACH who="3" step="1"/><G42/><REACH who="3" ten="272,255,256,207" step="2"/><T78/><D24/><U32/><E91/><V6/><F40/><W19/><G19/><T114/><D114/><U81/><E81/><V131/><F120/><W28/><G28/><T118/><D118/><U121/><E121/><V117/><F30/><W26/><G26/><T92/><D5/><U97/><E95/><V94/><F117/><W122/><G122/><T27/><D93/><U39/><E39/><V18/><F131/><W59/><G59/><T109/><D92/><U43/><E43/><V76/><F6/><W34/><G34/><T86/><D1/><U21/><E32/><V0/><F4/><W77/><G77/><T133/><D78/><U105/><E105/><V11/><F0/><W10/><G10/><T12/><D8/><U90/><E90/><N who="2" m="53599" /><F76/><W9/><G9/><T17/><D133/><U75/><E75/><V53/><F134/><W65/><G65/><N who="2" m="24585" /><F96/><W82/><G82/><T14/><D12/><U135/><E135/><V115/><F115/><W104/><G104/><T22/><D107/><RYUUKYOKU ba="1,1" sc="272,-30,255,10,256,10,207,10" hai1="21,25,31,36,38,47,50,55,64,69,97,100,106" hai2="11,15,18,53,58,60,62" hai3="49,52,56,61,63,73,79,80,83,84,88,101,102" /><INIT seed="3,2,1,4,3,87" ten="242,265,266,217" oya="3" hai0="36,122,125,51,115,84,28,72,19,100,103,88,37" hai1="26,58,59,70,14,104,112,129,118,11,68,50,93" hai2="1,97,75,4,3,22,74,89,124,30,2,53,117" hai3="77,23,67,57,101,71,132,105,33,29,108,116,99"/><W13/><G116/><T127/><D72/><U102/><E112/><V34/><F117/><W96/><G132/><T15/><D28/><U20/><E104/><V61/><F124/><N who="0" m="47690" /><D122/><U16/><E129/><V64/><F34/><W91/><G108/><T126/><N who="0" m="47698" /><T7/><DORA hai="98" /><D7/><U54/><E118/><V39/><F39/><N who="0" m="14922" /><D51/><U0/><E0/><V12/><F53/><W18/><G77/><T109/><D115/><U62/><E70/><V56/><F4/><W31/><G71/><T49/><D49/><U65/><E68/><V83/><F83/><W32/><G32/><T17/><D109/><U90/><E102/><N who="0" m="38953" /><D15/><U76/><E76/><V121/><F121/><W10/><G33/><T128/><D128/><U27/><E50/><V94/><F12/><W44/><G44/><T25/><D25/><U110/><E27/><V85/><F30/><W48/><G48/><T114/><D114/><U86/><E110/><V9/><F75/><W63/><REACH who="3" step="1"/><G23/><REACH who="3" ten="242,265,266,207" step="2"/><T123/><D123/><U52/><E59/><V6/><F22/><W45/><G45/><T42/><D42/><U107/><E107/><V5/><F74/><W111/><G111/><T35/><D35/><U41/><E41/><V135/><F56/><W131/><G131/><T82/><AGARI ba="2,2" hai="17,19,82,84,88" m="38953,14922,47698" machi="82" ten="50,12000,2" yaku="18,1,52,4,54,1" doraHai="87,98" who="0" fromWho="0" sc="242,146,265,-32,266,-32,207,-62" owari="388,48.8,233,-16.7,234,3.4,145,-35.5" /></mjloggm>