<mjloggm ver="2.3"><GO type="225" lobby="0"/><UN n0="%E3%81%A4%E3%81%A3%E3%81%B1%E3%82%8A%E3%83%9D%E3%83%BC%E3%83%AB" n1="%E3%83%B4%E3%82%A3%E3%83%AF%E3%82%B3%E3%82%B0%E3%83%8B" n2="%E3%83%96%E3%83%83%E3%83%91%E3%82%AA%E3%83%96%E3%83%81%E3%82%AD%E3%83%B3" n3="%E5%B0%8F%E9%B3%A5%E9%81%8A%E7%B7%B4%E7%84%A1%32%31%E6%AD%B3" dan="17,17,16,17" rate="2223.35,2212.52,2124.57,2160.48" sx="M,M,M,F"/><TAIKYOKU oya="0"/><INIT seed="0,0,0,3,3,29" ten="250,250,250,250" oya="0" hai0="97,50,39,4,60,40,69,43,81,84,130,20,72" hai1="113,88,109,65,115,95,48,61,34,6,11,10,5" hai2="131,100,132,93,79,87,90,41,25,118,8,114,94" hai3="22,9,133,71,92,75,24,15,32,78,108,122,124"/><T58/><D130/><U28/><E109/><V33/><F114/><N who="1" m="43529" /><E48/><V104/><F131/><W47/><G108/><T31/><D72/><U116/><E116/><V18/><F132/><W110/><G110/><T83/><D69/><N who="1" m="42159" /><E10/><V134/><F118/><W68/><G124/><T57/><D39/><U19/><E19/><V26/><F134/><W121/><G133/><T103/><D4/><U85/><E11/><V107/><F8/><W12/><G92/><N who="0" m="58791" /><D50/><U49/><E49/><V99/><F94/><W36/><G9/><T55/><D58/><U21/><E21/><V89/><F93/><W7/><G22/><T70/><D70/><U45/><E45/><V80/><F104/><W14/><G7/><T101/><D20/><U91/><E91/><V76/><F107/><W42/><G71/><T66/><D101/><U30/><E30/><V96/><F100/><W16/><G68/><T17/><D31/><U23/><E23/><V3/><F18/><W125/><G16/><T35/><D17/><U54/><E54/><V119/><F119/><W1/><G42/><N who="0" m="15915" /><D55/><U120/><E120/><V127/><F41/><W52/><G122/><T86/><D35/><U27/><AGARI ba="0,0" hai="5,6,27,28,34,85,88,95" m="42159,43529" machi="27" ten="30,4000,0" yaku="11,1,52,1,54,1" doraHai="29" who="1" fromWho="1" sc="250,-20,250,40,250,-10,250,-10" /><INIT seed="1,0,0,0,0,106" ten="230,290,240,240" oya="1" hai0="56,66,71,13,108,124,113,77,16,114,64,91,37" hai1="100,131,95,0,78,12,76,83,134,103,55,4,73" hai2="33,14,7,28,122,65,79,112,54,22,70,35,84" hai3="20,99,50,53,133,52,127,110,117,57,19,74,9"/><U128/><E0/><V31/><F122/><W130/><G110/><T120/><D37/><U1/><E1/><V39/><F39/><W18/><G130/><N who="1" m="49706" /><E55/><V129/><F129/><W75/><G133/><T44/><D108/><U98/><E4/><V119/><F54/><W34/><G34/><N who="2" m="12809" /><F84/><W61/><G127/><T46/><D71/><U85/><E12/><V125/><F79/><W30/><G30/><N who="2" m="11305" /><F65/><W45/><G117/><T105/><D77/><U68/><E68/><V36/><F36/><W59/><G59/><T5/><D56/><U90/><E134/><V26/><F70/><W2/><G99/><T92/><D64/><U135/><E135/><V29/><F119/><W43/><G53/><T62/><D66/><U87/><E76/><V63/><F63/><W24/><REACH who="3" step="1"/><G19/><REACH who="3" ten="230,290,240,230" step="2"/><T47/><D16/><U132/><E132/><V102/><F125/><W6/><AGARI ba="0,1" hai="2,6,9,18,20,24,43,45,50,52,57,61,74,75" machi="6" ten="30,12000,2" yaku="1,1,2,1,0,1,52,2,54,1,53,0" doraHai="106" doraHaiUra="126" who="3" fromWho="3" sc="230,-30,290,-60,240,-30,230,130" /><INIT seed="2,0,0,3,4,51" ten="200,230,210,360" oya="2" hai0="22,38,69,31,66,109,14,59,46,41,39,65,7" hai1="26,73,28,133,62,2,8,10,91,19,88,76,17" hai2="116,99,60,84,48,47,30,80,81,33,119,74,106" hai3="58,117,54,79,42,23,4,82,43,45,111,105,36"/><V15/><F74/><W98/><G117/><T11/><D109/><U92/><E133/><V77/><F81/><W29/><G42/><T35/><D35/><U34/><E91/><V104/><F60/><W122/><G122/><T61/><D39/><U113/><E113/><V16/><F30/><W103/><G111/><T53/><REACH who="0" step="1"/><D69/><REACH who="0" ten="190,230,210,360" step="2"/><U27/><E34/><V68/><F33/><W120/><G120/><T64/><D64/><U67/><E67/><V132/><F68/><W93/><G36/><T49/><D49/><U129/><E62/><V24/><F132/><W97/><G105/><T70/><D70/><U101/><E129/><V128/><F128/><W118/><G118/><T83/><D83/><U1/><E1/><V21/><F106/><W50/><G82/><T72/><D72/><U125/><E2/><V32/><F32/><W57/><G50/><T56/><D56/><U85/><E73/><V63/><F63/><W102/><G58/><T37/><D37/><U130/><E130/><V110/><F110/><W0/><G57/><T124/><D124/><U52/><E125/><V86/><F24/><AGARI ba="0,1" hai="7,11,14,22,24,31,38,41,46,53,59,61,65,66" machi="24" ten="40,5200,0" yaku="1,1,52,1,53,1" doraHai="51" doraHaiUra="71" who="0" fromWho="2" sc="190,62,230,0,210,-52,360,0" /><INIT seed="3,0,0,2,0,19" ten="252,230,158,360" oya="3" hai0="124,87,106,39,55,10,91,122,71,13,97,30,123" hai1="48,2,111,12,75,26,73,101,115,33,64,88,68" hai2="69,50,51,100,61,47,90,25,119,99,23,31,43" hai3="85,56,108,133,9,86,113,92,41,126,118,104,103"/><W63/><G113/><T84/><D39/><U5/><E115/><V105/><F119/><W53/><G104/><T18/><D71/><U129/><E48/><V112/><F112/><W74/><G74/><T20/><D124/><U52/><E52/><V38/><REACH who="2" step="1"/><F90/><REACH who="2" ten="252,230,148,360" step="2"/><W45/><G118/><T6/><D91/><U81/><E88/><V83/><F83/><W98/><G126/><T35/><D123/><U60/><E81/><V3/><F3/><W134/><G134/><T37/><D122/><U128/><E2/><V127/><F127/><W114/><G133/><T130/><D130/><U32/><E129/><V28/><F28/><W110/><G114/><T76/><D30/><U94/><E128/><V44/><F44/><W102/><G45/><T57/><D76/><U80/><E80/><V116/><F116/><W125/><G125/><T21/><D87/><U7/><E73/><V1/><F1/><W70/><G86/><T95/><D84/><U4/><E75/><V132/><F132/><W96/><G85/><T82/><D82/><U34/><E34/><V42/><F42/><W66/><G41/><T17/><D35/><U107/><E32/><V22/><F22/><W40/><G40/><T93/><D21/><U24/><E33/><V135/><F135/><W27/><G98/><T54/><D20/><U117/><E117/><V62/><F62/><W46/><G96/><T58/><D97/><U11/><E60/><V29/><F29/><W72/><G63/><N who="0" m="36279" /><D93/><U65/><E94/><V49/><F49/><W8/><G92/><T0/><D95/><U89/><E89/><RYUUKYOKU ba="0,1" sc="252,-10,230,-10,148,30,360,-10" hai2="23,25,31,38,43,47,50,51,61,69,99,100,105" owari="242,4.2,220,-18.0,178,-32.2,360,46.0" /></mjloggm>