<mjloggm ver="2.3"><GO type="225" lobby="0"/><UN n0="%E3%82%A4%E3%83%BC%E3%82%B1%E3%83%97%E3%83%A9" n1="%E7%99%BD%E5%80%89%E5%AF%9B%E4%B9%8B" n2="%E3%81%BE%E3%81%A8%E3%81%9F" n3="%E5%85%83%E3%82%AB%E3%83%8E%E7%B3%BB%E3%83%92%E3%83%AD%E3%82%A4%E3%83%B3" dan="17,16,16,16" rate="2233.60,2135.00,2084.92,2182.66" sx="M,M,M,M"/><TAIKYOKU oya="0"/><INIT seed="0,0,0,4,3,118" ten="250,250,250,250" oya="0" hai0="113,57,48,103,44,33,67,92,3,84,41,105,12" hai1="115,77,108,73,135,29,99,43,62,96,2,129,53" hai2="37,50,16,8,56,125,7,93,109,133,1,59,5" hai3="24,116,17,42,69,40,101,107,128,98,11,111,74"/><T52/><D113/><U38/><E115/><V102/><F37/><W71/><G116/><T110/><D3/><U83/><E108/><V25/><F109/><W131/><G111/><T20/><D110/><U54/><E129/><N who="3" m="49738" /><G74/><T68/><D33/><U14/><E135/><V120/><F125/><W31/><G17/><T6/><D105/><U122/><E122/><V70/><F70/><N who="3" m="26635" /><G11/><T117/><D117/><U112/><E112/><V89/><F102/><W79/><G79/><T104/><D104/><U91/><E2/><V72/><F72/><W134/><G134/><T76/><D68/><U88/><E29/><V95/><F95/><W132/><G132/><T65/><D103/><U19/><E62/><V81/><F7/><W46/><G46/><T9/><D20/><AGARI ba="0,0" hai="20,24,31,40,42,98,101,107" m="26635,49738" machi="20" ten="30,1000,0" yaku="19,1" doraHai="118" who="3" fromWho="0" sc="250,-10,250,0,250,0,250,10" /><INIT seed="1,0,0,4,4,93" ten="240,250,250,260" oya="1" hai0="74,73,15,82,135,105,130,43,52,11,13,134,31" hai1="7,92,80,61,20,78,104,3,6,115,79,81,87" hai2="60,69,133,117,96,84,67,33,47,85,45,83,118" hai3="23,1,51,64,68,9,32,62,102,53,124,37,28"/><U46/><E104/><V10/><F133/><N who="0" m="50698" /><D105/><U121/><E121/><V120/><F120/><W109/><G32/><T98/><D43/><U107/><E107/><V17/><F33/><W71/><G71/><T29/><D130/><U5/><E115/><V122/><F122/><W94/><G37/><T123/><D123/><U34/><E34/><V90/><F96/><W27/><G109/><T110/><D110/><U41/><E92/><V59/><F69/><W50/><G124/><T25/><D98/><U55/><E20/><V66/><F66/><W125/><G125/><T129/><D129/><U89/><E3/><V56/><F56/><W8/><G1/><T131/><D131/><U111/><E111/><V39/><F39/><W88/><G102/><T77/><D74/><U26/><E26/><V116/><F85/><W54/><G54/><T21/><D31/><U126/><E126/><V35/><F35/><W119/><G119/><T103/><D103/><U75/><E79/><V91/><F90/><W72/><G72/><T86/><D73/><U18/><E18/><V48/><F48/><W0/><G0/><T38/><D38/><U114/><E114/><V65/><F65/><W113/><G113/><T57/><D11/><N who="3" m="4169" /><G53/><T42/><D42/><U132/><E132/><V30/><F30/><W97/><G50/><AGARI ba="0,0" hai="13,15,21,25,29,50,52,57,77,82,86" m="50698" machi="50" ten="30,2000,0" yaku="20,1,54,1" doraHai="93" who="0" fromWho="3" sc="240,20,250,0,250,0,260,-20" /><INIT seed="2,0,0,2,1,21" ten="260,250,250,240" oya="2" hai0="109,58,71,38,62,129,120,68,126,90,87,80,15" hai1="30,74,73,133,3,123,8,53,11,54,42,101,41" hai2="56,94,77,67,130,50,13,118,124,57,122,43,113" hai3="28,39,0,27,1,18,85,2,110,65,114,100,51"/><V127/><F118/><W48/><G39/><T46/><D120/><U14/><E101/><V72/><F122/><W17/><G110/><T59/><D109/><U83/><E30/><V121/><F121/><W98/><G114/><T10/><D129/><U5/><E123/><V26/><F113/><W92/><G65/><T116/><D126/><U88/><E133/><V102/><F130/><W19/><REACH who="3" step="1"/><G85/><REACH who="3" ten="260,250,250,230" step="2"/><T82/><D38/><U91/><E74/><V55/><F124/><W47/><G47/><T70/><D46/><U49/><E73/><V89/><F67/><W6/><G6/><T135/><D135/><U52/><E49/><V99/><F72/><W31/><G31/><T25/><D116/><U97/><E97/><V81/><F127/><W111/><G111/><T44/><D44/><U24/><E5/><V103/><F50/><W61/><G61/><T96/><D62/><U86/><E86/><V106/><F99/><W12/><G12/><T131/><D131/><U117/><E14/><V93/><F13/><W134/><G134/><T36/><D36/><U119/><E117/><V75/><F75/><W115/><G115/><T84/><D96/><U64/><E119/><V60/><F60/><W107/><G107/><T37/><D37/><U20/><E64/><V4/><F106/><W105/><G105/><T23/><D84/><U69/><E3/><V112/><F112/><W34/><AGARI ba="0,1" hai="0,1,2,17,18,19,27,28,34,48,51,92,98,100" machi="34" ten="40,5200,0" yaku="1,1,0,1,52,1,53,0" doraHai="21" doraHaiUra="66" who="3" fromWho="3" sc="260,-13,250,-13,250,-26,230,62" /><INIT seed="3,0,0,0,2,51" ten="247,237,224,292" oya="3" hai0="103,67,35,25,47,8,11,93,129,5,98,65,101" hai1="16,42,15,117,29,68,75,6,114,84,56,0,70" hai2="64,72,2,59,86,78,41,9,96,87,44,119,91" hai3="38,82,125,99,24,49,130,7,1,133,128,83,14"/><W134/><G38/><T73/><D73/><U17/><E75/><V48/><F119/><W31/><G125/><T33/><D129/><N who="3" m="49769" /><G1/><T107/><D107/><U13/><E117/><V28/><F28/><W76/><G49/><T58/><D103/><U43/><E29/><V36/><F96/><W115/><G115/><T102/><D101/><U30/><E30/><V121/><F121/><W79/><G99/><T19/><D47/><U40/><E114/><V26/><F26/><W27/><G14/><T20/><D11/><U50/><E0/><V34/><F34/><N who="3" m="20839" /><G27/><T62/><D35/><U52/><E15/><V37/><F2/><W3/><G7/><T135/><D33/><U18/><REACH who="1" step="1"/><E84/><REACH who="1" ten="247,227,224,292" step="2"/><V32/><F86/><N who="3" m="48455" /><G3/><T95/><D25/><U131/><E131/><V85/><F87/><AGARI ba="0,1" hai="79,83,87,133,134" m="48455,20839,49769" machi="87" ten="30,1500,0" yaku="19,1" doraHai="51" who="3" fromWho="2" sc="247,0,227,0,224,-15,292,25" owari="247,4.7,227,-17.3,209,-29.1,317,41.7" /></mjloggm>