<mjloggm ver="2.3"><GO type="225" lobby="0"/><UN n0="%E8%A8%88%E7%AE%97%E6%A9%9F%E8%87%AA%E7%84%B6" n1="%E3%81%AD%E3%82%80%E3%81%84%40%E9%9B%80%E9%B3%B4%E4%BC%9A" n2="%E9%A6%AC%E5%BC%95%E7%81%AB%33" n3="%E4%BC%8A%E7%B9%94%E3%82%82%E3%81%88" dan="17,16,16,16" rate="2144.32,2192.46,2084.72,2131.93" sx="M,F,M,M"/><TAIKYOKU oya="0"/><INIT seed="0,0,0,1,3,1" ten="250,250,250,250" oya="0" hai0="66,128,14,97,17,56,78,39,21,92,50,61,48" hai1="6,54,79,65,82,72,13,134,125,130,110,46,121" hai2="109,51,75,126,99,132,77,127,122,114,11,76,64" hai3="120,73,24,35,83,103,49,36,119,18,89,29,123"/><T90/><D39/><U44/><E121/><N who="3" m="46666" /><G119/><T15/><D128/><U19/><E65/><V0/><F122/><W124/><G36/><T118/><D118/><U71/><E71/><V60/><F114/><W80/><G124/><N who="2" m="47657" /><F109/><W85/><G103/><T104/><D104/><U7/><E134/><V96/><F132/><W58/><G18/><T10/><REACH who="0" step="1"/><D78/><REACH who="0" ten="240,250,250,250" step="2"/><U37/><E130/><V113/><F77/><W107/><G107/><T93/><D93/><U16/><E125/><V70/><F113/><W53/><G73/><T102/><D102/><U59/><E110/><V26/><F76/><W41/><G41/><T62/><D62/><U67/><E37/><V27/><F60/><W5/><G80/><T116/><D116/><U25/><E72/><V117/><F75/><W43/><G43/><T81/><D81/><U84/><E82/><V9/><F117/><W135/><G135/><T8/><D8/><U33/><E79/><V129/><F11/><W88/><G89/><T45/><D45/><U115/><E46/><V52/><F9/><W34/><G34/><T105/><D105/><U95/><E44/><V23/><F129/><W87/><G87/><T30/><D30/><N who="1" m="19663" /><E115/><V74/><F74/><W55/><G55/><T101/><D101/><U94/><E84/><V31/><F52/><W111/><G111/><T108/><D108/><U12/><E54/><V4/><F99/><W98/><G98/><T91/><D91/><U57/><E95/><V2/><F96/><W20/><G20/><T68/><D68/><U38/><E94/><V106/><F23/><W133/><G133/><RYUUKYOKU ba="0,1" sc="240,15,250,-15,250,-15,250,15" hai0="10,14,15,17,21,48,50,56,61,66,90,92,97" hai3="5,24,29,35,49,53,58,83,85,88" /><INIT seed="0,1,1,3,1,45" ten="255,235,235,265" oya="0" hai0="85,99,27,95,47,98,110,51,9,40,10,115,53" hai1="106,96,80,0,93,3,101,12,114,79,75,1,81" hai2="112,133,126,46,36,66,50,113,131,76,60,5,57" hai3="33,43,100,123,130,135,69,63,22,42,78,21,17"/><T14/><D115/><N who="2" m="44106" /><F76/><W83/><G135/><T65/><D65/><U74/><E114/><V103/><F103/><W132/><G132/><T89/><D110/><U52/><E12/><V48/><F5/><W128/><G123/><T105/><D105/><U88/><E80/><V20/><F20/><W94/><G33/><T104/><D104/><U72/><REACH who="1" step="1"/><E52/><REACH who="1" ten="255,225,235,265" step="2"/><V118/><F133/><W120/><G120/><T70/><D53/><U18/><E18/><V129/><F118/><W15/><G130/><N who="2" m="49673" /><F126/><W55/><G128/><T31/><D14/><U41/><E41/><AGARI ba="1,2" hai="36,41,46,48,50,57,60,66" m="49673,44106" machi="41" ten="30,8000,1" yaku="19,1,34,2,52,2" doraHai="45" who="2" fromWho="1" sc="255,0,225,-83,235,103,265,0" /><INIT seed="1,0,0,4,4,11" ten="255,142,338,265" oya="1" hai0="127,4,63,120,28,7,27,51,9,34,46,133,108" hai1="69,93,6,39,84,96,134,15,19,135,88,113,89" hai2="104,132,42,21,8,52,110,58,80,112,45,12,126" hai3="31,1,10,92,116,50,65,109,53,75,33,20,79"/><U36/><E69/><V94/><F104/><W124/><G109/><T29/><D108/><U90/><E6/><V119/><F110/><W98/><G124/><T105/><D105/><U86/><E113/><V131/><F119/><W130/><G130/><T57/><D127/><U68/><E68/><V61/><F126/><W23/><G116/><T41/><D133/><N who="1" m="50699" /><E96/><V54/><F132/><W125/><G125/><T106/><D106/><U91/><E86/><V37/><F131/><W67/><G33/><T77/><D120/><U47/><E47/><V24/><F94/><W14/><G1/><T60/><D4/><U44/><E44/><V56/><F80/><W70/><G79/><T122/><D122/><U102/><E102/><V25/><F21/><AGARI ba="0,0" hai="15,19,21,36,39,84,88,89,90,91,93" m="50699" machi="21" ten="30,5800,0" yaku="20,1,52,1,54,1" doraHai="11" who="1" fromWho="2" sc="255,0,142,58,338,-58,265,0" /><INIT seed="1,1,0,3,2,14" ten="255,200,280,265" oya="1" hai0="113,120,57,10,78,103,87,111,112,116,117,118,26" hai1="35,7,18,17,43,82,44,20,114,105,52,4,133" hai2="127,58,63,66,109,33,46,29,71,0,88,55,110" hai3="74,24,122,56,99,53,126,36,9,130,47,13,80"/><U125/><E114/><N who="0" m="44137" /><D57/><U102/><E35/><V2/><F127/><W19/><G122/><T60/><D60/><U76/><E125/><V37/><F88/><W38/><G130/><T77/><D10/><U101/><E133/><V15/><F15/><W72/><G126/><T104/><D26/><U68/><E68/><V132/><F132/><W64/><G64/><T84/><D111/><N who="2" m="42506" /><F29/><W61/><G24/><T129/><D129/><U32/><E32/><V97/><F97/><W75/><G80/><T8/><D8/><U70/><E70/><V34/><F46/><W65/><G99/><N who="0" m="61567" /><D120/><U134/><E134/><V95/><F37/><W79/><G79/><AGARI ba="1,0" hai="77,78,79,84,87,116,117,118" m="61567,44137" machi="79" ten="40,2600,0" yaku="34,2" doraHai="14" who="0" fromWho="3" sc="255,29,200,0,280,0,265,-29" /><INIT seed="2,0,0,0,1,115" ten="284,200,280,236" oya="2" hai0="44,39,93,68,15,8,101,103,35,11,104,111,40" hai1="50,70,64,67,63,102,72,99,23,133,5,19,46" hai2="121,128,27,123,18,117,52,4,57,6,96,30,28" hai3="9,78,69,130,77,87,29,2,0,56,20,58,110"/><V22/><F117/><W21/><G69/><T88/><D68/><U80/><E133/><V41/><F128/><W73/><G73/><T108/><D35/><U62/><E5/><N who="2" m="2155" /><F123/><W122/><G122/><T1/><D1/><U124/><E124/><V33/><F33/><W12/><G110/><N who="0" m="42027" /><D104/><U14/><E72/><V66/><F121/><W74/><G74/><T47/><D47/><U114/><E114/><V84/><F41/><W34/><G130/><T61/><D61/><U98/><E80/><V105/><F105/><W134/><G134/><T65/><D65/><U13/><E13/><V129/><F129/><W116/><G34/><T95/><D95/><U36/><E36/><V24/><F24/><W31/><G12/><T53/><D53/><U25/><E14/><V16/><F66/><W132/><G132/><T79/><D79/><U97/><E102/><N who="0" m="38921" /><D15/><U37/><E37/><V85/><F96/><AGARI ba="0,0" hai="8,11,39,40,44,88,93,96" m="38921,42027" machi="96" ten="30,2000,0" yaku="14,1,54,1" doraHai="115" who="0" fromWho="2" sc="284,20,200,0,280,-20,236,0" /><INIT seed="3,0,0,3,3,16" ten="304,200,260,236" oya="3" hai0="97,41,12,20,44,81,40,13,5,1,36,27,6" hai1="2,77,23,14,17,24,32,46,59,128,38,94,3" hai2="127,103,89,4,117,125,135,91,62,30,100,118,53" hai3="99,130,87,113,57,69,83,67,8,112,102,116,119"/><W98/><G69/><T78/><D40/><U9/><E77/><V70/><F4/><W11/><G67/><T123/><D123/><U21/><E59/><V63/><F70/><W133/><G133/><T131/><D131/><U60/><E60/><N who="2" m="23083" /><F30/><W106/><G57/><T110/><D110/><U75/><E75/><V80/><F53/><W15/><G130/><T114/><D97/><U107/><E107/><V132/><F80/><W55/><G55/><T7/><D114/><U72/><E72/><V88/><F135/><W73/><G73/><T18/><REACH who="0" step="1"/><D1/><REACH who="0" ten="294,200,260,236" step="2"/><N who="1" m="11" /><E94/><V35/><F132/><W126/><G99/><T52/><D52/><U39/><E46/><V129/><F129/><W45/><G45/><T54/><D54/><U79/><E39/><V111/><F111/><W58/><G113/><T42/><D42/><U105/><E38/><V84/><F84/><AGARI ba="0,1" hai="5,6,7,12,13,18,20,27,36,41,44,78,81,84" machi="84" ten="40,2600,0" yaku="1,1,52,1,53,0" doraHai="16" doraHaiUra="47" who="0" fromWho="2" sc="294,36,200,0,260,-26,236,0" owari="330,43.0,200,-30.0,234,-16.6,236,3.6" /></mjloggm>