<mjloggm ver="2.3"><GO type="225" lobby="0"/><UN n0="%77%72%77%72%77%72%77%72" n1="%E9%BB%99%E8%81%B4%E3%81%AE%E3%81%99%E3%82%9D%E3%82%81" n2="%E3%83%A9%E3%82%B9%E7%8E%87%EF%BC%93%E5%89%B2" n3="%E4%BF%BA%E3%81%A8%E5%A6%96%E5%A4%A2" dan="17,16,16,16" rate="2142.82,2153.51,2200.01,2194.49" sx="M,M,F,F"/><TAIKYOKU oya="0"/><INIT seed="0,0,0,4,3,23" ten="250,250,250,250" oya="0" hai0="9,58,66,56,110,42,79,127,95,93,114,31,68" hai1="21,17,46,116,73,35,18,78,103,37,32,126,30" hai2="27,115,130,55,11,72,50,38,120,12,92,28,52" hai3="19,88,49,113,70,128,101,15,43,34,133,26,67"/><T69/><D114/><U45/><E116/><V99/><F130/><W134/><G113/><T24/><D110/><U117/><E117/><V98/><F115/><W108/><G108/><T94/><D127/><U87/><E73/><V80/><F38/><W111/><G111/><T104/><D104/><U64/><E103/><V65/><F120/><W97/><G128/><T22/><D42/><U48/><E64/><V102/><F65/><W4/><G43/><T29/><D79/><U61/><E61/><V25/><F72/><W131/><G49/><T16/><D29/><U7/><E7/><N who="2" m="3199" /><F28/><W100/><G131/><T90/><D69/><U51/><E30/><V63/><F98/><W123/><G4/><T83/><D68/><U119/><E119/><V53/><F63/><W8/><G123/><T57/><D66/><U105/><E105/><V74/><F74/><W82/><G67/><T129/><D129/><U84/><E21/><V0/><F0/><W40/><G40/><T86/><REACH who="0" step="1"/><D9/><REACH who="0" ten="240,250,250,250" step="2"/><U125/><REACH who="1" step="1"/><E78/><REACH who="1" ten="240,240,250,250" step="2"/><V96/><F96/><W121/><G97/><T20/><D20/><U107/><E107/><V10/><F10/><W13/><G8/><T106/><D106/><U59/><E59/><N who="2" m="33175" /><F80/><W2/><G82/><T112/><D112/><U132/><E132/><V6/><F6/><W91/><G133/><T41/><D41/><U1/><E1/><V54/><AGARI ba="0,2" hai="25,27,53,54,55,92,99,102" m="33175,3199" machi="54" ten="30,7900,0" yaku="8,1,52,2,54,1" doraHai="23" who="2" fromWho="2" sc="240,-39,240,-20,250,99,250,-20" /><INIT seed="1,0,0,2,2,100" ten="201,220,349,230" oya="1" hai0="131,97,83,95,75,111,116,74,68,27,128,34,40" hai1="31,112,23,96,44,84,78,129,56,115,19,26,127" hai2="77,72,80,88,90,76,1,79,15,105,53,108,46" hai3="33,122,103,126,37,0,104,8,101,30,22,87,63"/><U2/><E129/><N who="0" m="49737" /><D68/><U106/><E127/><V45/><F1/><W21/><G122/><T41/><D116/><U114/><E2/><V47/><F105/><W134/><G126/><T12/><D111/><U60/><E44/><V92/><F108/><W6/><G37/><T93/><D12/><U135/><E135/><V54/><F15/><W55/><G134/><T65/><D65/><U110/><E110/><V85/><REACH who="2" step="1"/><F72/><REACH who="2" ten="201,220,339,230" step="2"/><W11/><G104/><T61/><D74/><U118/><E118/><V113/><F113/><W58/><G0/><T25/><D75/><U98/><E106/><V124/><F124/><W102/><G6/><T20/><D25/><U132/><E132/><V28/><F28/><W119/><G119/><T64/><D27/><U81/><REACH who="1" step="1"/><E31/><REACH who="1" ten="201,210,339,230" step="2"/><V82/><F82/><W48/><G30/><T7/><D83/><U13/><E13/><V107/><F107/><W35/><G8/><T117/><D117/><U24/><E24/><V70/><F70/><W51/><G11/><T4/><D95/><U121/><E121/><V86/><AGARI ba="0,2" hai="45,46,47,53,54,76,77,79,80,85,86,88,90,92" machi="86" ten="40,8000,1" yaku="1,1,0,1,8,1,54,1,53,0" doraHai="100" doraHaiUra="52" who="2" fromWho="2" sc="201,-20,210,-40,339,100,230,-20" /><INIT seed="2,0,0,0,2,69" ten="181,170,439,210" oya="2" hai0="123,58,51,46,53,59,23,129,52,113,89,110,8" hai1="18,82,80,54,27,10,35,63,24,25,15,116,109" hai2="21,38,22,11,44,105,67,127,48,4,84,37,83" hai3="31,128,107,42,104,56,5,118,97,126,6,119,33"/><V66/><F105/><W130/><G56/><T81/><D113/><U77/><E116/><N who="3" m="44586" /><G97/><T50/><D123/><U121/><E109/><V7/><F127/><W96/><G96/><T108/><D8/><U26/><E121/><V41/><F66/><W2/><G42/><T99/><D129/><N who="3" m="49769" /><G126/><T20/><D46/><U132/><E132/><V70/><F67/><W36/><G36/><N who="2" m="13929" /><F7/><N who="3" m="2571" /><G2/><T100/><D89/><U32/><N who="1" m="6144" /><DORA hai="40" /><U79/><E63/><V9/><F70/><W103/><G103/><T45/><D45/><U0/><E0/><V92/><F92/><W29/><G33/><T114/><D99/><U13/><E54/><V86/><F86/><W30/><AGARI ba="0,0" hai="29,30,31,104,107" m="2571,49769,44586" machi="30" ten="40,5200,0" yaku="28,2,19,1" doraHai="69,40" who="3" fromWho="3" sc="181,-13,170,-13,439,-26,210,52" /><INIT seed="3,0,0,2,2,36" ten="168,157,413,262" oya="3" hai0="125,91,99,41,8,4,78,57,55,9,116,38,94" hai1="129,51,71,61,2,26,130,74,97,90,69,33,81" hai2="21,85,83,56,20,24,96,25,135,115,27,113,37" hai3="6,30,46,29,100,76,45,114,16,131,54,80,134"/><W122/><G114/><T66/><D116/><U49/><E2/><V86/><F37/><W73/><G122/><T84/><D125/><U12/><E74/><V79/><F135/><W39/><G134/><T32/><D32/><U19/><E33/><V124/><F124/><W5/><G131/><N who="1" m="50186" /><E26/><V119/><F119/><W42/><G100/><T63/><D38/><U118/><E118/><V93/><F115/><W28/><G54/><T101/><D78/><U106/><E106/><V60/><F85/><W34/><G34/><T52/><D41/><U82/><E97/><V23/><F113/><W31/><G31/><T58/><D4/><U104/><E104/><V108/><F108/><W35/><G35/><T92/><D66/><N who="1" m="41167" /><E71/><V110/><F110/><W50/><G50/><AGARI ba="0,0" hai="8,9,50,52,55,57,58,63,84,91,92,94,99,101" machi="50" ten="30,3900,0" yaku="7,1,8,1,54,1" doraHai="36" who="0" fromWho="3" sc="168,39,157,0,413,0,262,-39" owari="207,-19.3,157,-34.3,413,51.3,223,2.3" /></mjloggm>