<mjloggm ver="2.3"><GO type="225" lobby="0"/><UN n0="%E4%BF%BA%E3%81%A8%E5%A6%96%E5%A4%A2" n1="%E6%97%A5%E6%9B%9C%E6%97%A5%E3%82%88%E3%82%8A%E3%81%AE%E4%BD%BF%E8%80%85" n2="%E3%81%82%E3%81%84%E3%81%82%E3%81%8A%E3%81%84" n3="%E3%81%AF%E3%82%88%E3%81%8A%E3%81%98%E3%81%95%E3%82%93" dan="16,17,18,16" rate="2165.23,2197.02,2190.99,2166.66" sx="F,M,M,M"/><TAIKYOKU oya="0"/><INIT seed="0,0,0,4,1,106" ten="250,250,250,250" oya="0" hai0="47,112,133,115,121,135,80,20,7,46,31,59,26" hai1="104,88,99,113,76,78,108,124,91,94,5,100,55" hai2="19,82,57,49,119,75,34,14,60,81,58,18,103" hai3="93,42,21,132,69,45,48,65,105,68,109,77,96"/><T3/><D121/><U129/><E5/><V44/><F34/><W33/><G33/><T122/><D122/><U39/><E39/><V117/><F103/><W40/><G109/><T66/><D7/><U126/><E55/><V0/><F0/><W22/><G132/><N who="0" m="50763" /><D3/><U16/><E108/><V1/><F1/><W67/><G105/><T25/><D26/><U12/><E129/><V70/><F70/><W56/><G77/><N who="1" m="29802" /><E104/><V53/><F58/><W10/><G10/><T111/><D111/><U9/><E113/><N who="0" m="43593" /><D80/><U79/><N who="1" m="29810" /><U27/><DORA hai="38" /><E27/><V110/><F110/><W72/><G72/><T37/><D37/><U13/><E13/><V98/><F75/><W52/><G68/><T51/><D51/><U85/><E85/><V43/><F19/><W92/><G92/><T64/><D64/><N who="3" m="24649" /><G69/><T89/><D89/><U87/><E87/><V36/><F98/><W23/><G56/><T102/><D102/><AGARI ba="0,0" hai="21,22,23,40,42,45,48,52,93,96,102" m="24649" machi="102" ten="30,7700,0" yaku="8,1,52,2,54,1" doraHai="106,38" who="3" fromWho="0" sc="250,-77,250,0,250,0,250,77" /><INIT seed="1,0,0,5,5,97" ten="173,250,250,327" oya="1" hai0="61,49,27,50,112,29,74,31,26,39,41,85,90" hai1="70,45,92,107,113,33,9,10,80,102,43,69,115" hai2="91,114,25,53,51,123,129,5,6,79,128,4,110" hai3="64,0,105,17,40,68,66,133,65,73,121,30,63"/><U35/><E92/><V98/><F123/><W117/><G121/><T23/><D112/><U38/><E80/><V11/><F110/><W19/><G0/><T1/><D1/><U83/><E83/><V46/><F114/><N who="1" m="43529" /><E9/><V99/><F79/><W131/><G40/><T7/><D7/><U94/><E94/><N who="2" m="56671" /><F99/><W126/><G73/><T82/><D74/><U106/><E10/><V67/><F25/><W21/><G105/><N who="1" m="39946" /><E102/><V28/><F28/><W13/><G30/><T88/><D90/><U87/><E87/><V124/><F67/><W93/><G66/><T76/><D76/><U84/><E84/><V62/><F62/><W135/><G64/><T89/><D89/><U111/><E111/><V125/><F11/><W60/><G60/><T48/><D61/><U109/><E109/><V119/><F119/><W2/><G117/><T81/><D81/><U122/><E122/><V75/><F75/><W47/><G93/><T52/><D41/><U58/><E58/><V56/><F56/><W108/><G108/><T12/><D12/><U103/><E103/><V36/><F36/><W95/><G95/><T34/><REACH who="0" step="1"/><D39/><REACH who="0" ten="163,250,250,327" step="2"/><U120/><E120/><V77/><F77/><W42/><G42/><T101/><D101/><U37/><E38/><V100/><F100/><W22/><G13/><T16/><D16/><U72/><E72/><V55/><F53/><AGARI ba="0,1" hai="23,26,27,29,31,34,48,49,50,52,53,82,85,88" machi="53" ten="40,5200,0" yaku="1,1,54,2,53,0" doraHai="97" doraHaiUra="59" who="0" fromWho="2" sc="163,62,250,0,250,-52,327,0" /><INIT seed="2,0,0,2,4,110" ten="225,250,198,327" oya="2" hai0="88,12,0,93,111,106,62,77,91,94,43,128,118" hai1="4,130,28,96,90,116,86,64,76,58,34,3,87" hai2="112,35,60,125,37,27,33,19,95,82,24,15,11" hai3="126,13,97,83,9,69,56,22,52,25,134,129,72"/><V120/><F37/><W6/><G69/><T66/><D106/><U36/><E36/><V46/><F120/><W49/><G126/><T26/><D0/><U103/><E116/><V79/><F125/><W133/><G129/><T105/><D105/><U100/><E34/><V85/><F112/><W89/><G72/><T7/><D111/><U47/><E28/><V57/><F46/><W92/><REACH who="3" step="1"/><G83/><REACH who="3" ten="225,250,198,317" step="2"/><T67/><D128/><U109/><E130/><V78/><F78/><W121/><G121/><T123/><D77/><U63/><E109/><V101/><F35/><W99/><G99/><T50/><D123/><U81/><E96/><N who="2" m="59551" /><F33/><W74/><G74/><T40/><D118/><U73/><E73/><V107/><F107/><W45/><G45/><T84/><D94/><U135/><E47/><V39/><F39/><W53/><G53/><AGARI ba="0,1" hai="11,15,19,24,27,53,57,60,79,82,85" m="59551" machi="53" ten="30,1500,0" yaku="8,1" doraHai="110" who="2" fromWho="3" sc="225,0,250,0,198,25,317,-15" /><INIT seed="2,1,0,1,1,16" ten="225,250,223,302" oya="2" hai0="85,31,43,97,13,94,108,99,27,90,98,59,36" hai1="86,79,116,9,7,24,134,78,21,32,119,112,42" hai2="17,58,61,51,133,77,135,122,89,39,57,72,6" hai3="83,130,54,29,28,118,69,68,125,34,126,53,63"/><V26/><F39/><W113/><G118/><T109/><D43/><U60/><E112/><V1/><F122/><W103/><G113/><T80/><D36/><U38/><E32/><V102/><F102/><W8/><G130/><T132/><D132/><N who="2" m="50762" /><F89/><W23/><G34/><T104/><D104/><U14/><E134/><V2/><F6/><W114/><G114/><T15/><D59/><N who="2" m="22538" /><F51/><W35/><G35/><N who="0" m="20991" /><D80/><U73/><E7/><V50/><F50/><W127/><G103/><T5/><D5/><U107/><E38/><V96/><F96/><W87/><G8/><T41/><D41/><U37/><E42/><V0/><F61/><W128/><G28/><T56/><D56/><U100/><E60/><V95/><F95/><W66/><G68/><T19/><D19/><U75/><E37/><V110/><F110/><AGARI ba="1,0" hai="13,15,85,90,94,97,98,99,108,109,110" m="20991" machi="110" ten="30,1000,0" yaku="14,1" doraHai="16" who="0" fromWho="2" sc="225,13,250,0,223,-13,302,0" /><INIT seed="3,0,0,0,5,99" ten="238,250,210,302" oya="3" hai0="47,38,78,18,85,84,24,39,51,11,119,64,73" hai1="35,109,101,30,69,102,2,27,89,108,37,14,13" hai2="57,74,80,122,42,6,62,67,7,130,128,0,41" hai3="5,19,25,116,53,16,72,3,77,100,49,65,59"/><W87/><G116/><T70/><D119/><U68/><E2/><V127/><F127/><W133/><G72/><T33/><D73/><U123/><E37/><V61/><F122/><W54/><G3/><T135/><D135/><U40/><E40/><V96/><F74/><W60/><G133/><T50/><D50/><U26/><E89/><V104/><F80/><N who="3" m="47503" /><G5/><T120/><D120/><U82/><E82/><V125/><F125/><W76/><G76/><T92/><D78/><U115/><E30/><V117/><F117/><W107/><G107/><T103/><D64/><U124/><E35/><V23/><F0/><W79/><G79/><T29/><D70/><U56/><E56/><V81/><F81/><W34/><G34/><T4/><D18/><N who="3" m="6697" /><G100/><T86/><D4/><N who="2" m="1578" /><F23/><W105/><G105/><T111/><D39/><U9/><E124/><V132/><F132/><W97/><G97/><N who="0" m="59815" /><D38/><U91/><E123/><V113/><F113/><W28/><G49/><T55/><D11/><U1/><E1/><V126/><F126/><W121/><G121/><T20/><D33/><U94/><E9/><V12/><F12/><W134/><G134/><T131/><D131/><N who="2" m="50218" /><F62/><W32/><G32/><T36/><D36/><U43/><E115/><V22/><F22/><W95/><G95/><T90/><D111/><U112/><E94/><AGARI ba="0,0" hai="20,24,29,47,51,55,84,85,86,90,94" m="59815" machi="94" ten="30,2000,0" yaku="8,1,52,1" doraHai="99" who="0" fromWho="1" sc="238,20,250,-20,210,0,302,0" owari="258,5.8,230,-17.0,210,-29.0,302,40.2" /></mjloggm>