<mjloggm ver="2.3"><GO type="225" lobby="0"/><UN n0="%E8%9B%87%E3%81%AE%E8%A1%80" n1="%E6%97%A5%E6%9B%9C%E6%97%A5%E3%82%88%E3%82%8A%E3%81%AE%E4%BD%BF%E8%80%85" n2="%E5%A4%8F%E3%81%AA%E3%81%AE%E3%81%AB" n3="%E3%81%BF%E3%81%BF%E3%81%9A" dan="16,16,17,18" rate="2116.44,2160.29,2108.30,2219.66" sx="M,M,M,M"/><TAIKYOKU oya="0"/><INIT seed="0,0,0,4,3,121" ten="250,250,250,250" oya="0" hai0="125,8,119,31,104,65,101,92,113,88,18,83,106" hai1="7,34,46,47,132,84,97,93,81,58,109,89,71" hai2="86,41,27,12,126,61,82,33,40,131,128,5,124" hai3="80,100,59,95,38,54,2,3,130,16,116,69,87"/><T75/><D31/><U28/><E71/><V98/><F98/><W60/><G116/><T57/><D113/><U67/><E132/><V64/><F33/><W13/><G130/><N who="2" m="49705" /><F27/><W42/><G69/><T118/><D65/><U76/><E7/><V0/><F0/><W99/><G42/><N who="2" m="16489" /><F12/><W127/><G127/><N who="2" m="48681" /><F5/><W66/><G38/><T73/><D125/><U17/><E34/><V91/><F61/><W9/><REACH who="3" step="1"/><G54/><REACH who="3" ten="250,250,250,240" step="2"/><T22/><D118/><U70/><E28/><V36/><F36/><W62/><G62/><T20/><D119/><U105/><E105/><V10/><F64/><W37/><G37/><T25/><D104/><U6/><E67/><V56/><F56/><W103/><G103/><T19/><D57/><U94/><E58/><V32/><F32/><W4/><G4/><T77/><D101/><U114/><E6/><V108/><F10/><W45/><G45/><T107/><D8/><U30/><E47/><V133/><F133/><W44/><G44/><T122/><D107/><U129/><E46/><V63/><F63/><W26/><G26/><T24/><D106/><U23/><E30/><V117/><F117/><W1/><G1/><T123/><REACH who="0" step="1"/><D75/><REACH who="0" ten="240,250,250,240" step="2"/><U53/><E129/><V111/><AGARI ba="0,2" hai="82,86,91,108,111" m="48681,16489,49705" machi="111" ten="40,8000,1" yaku="19,1,18,1,52,2" doraHai="121" who="2" fromWho="2" sc="240,-40,250,-20,250,100,240,-20" /><INIT seed="1,0,0,1,5,116" ten="200,230,350,220" oya="1" hai0="53,9,55,46,49,1,57,80,100,105,123,79,126" hai1="83,43,91,18,59,129,124,2,34,36,76,128,62" hai2="50,8,54,117,78,44,70,101,52,115,56,22,25" hai3="71,132,47,108,60,74,7,48,30,13,32,125,75"/><U111/><E34/><V31/><F70/><W38/><G38/><T121/><D126/><U45/><E2/><V96/><F115/><W29/><G125/><T21/><D21/><U42/><E124/><V72/><F117/><W98/><G108/><T40/><D100/><U68/><E111/><V28/><F8/><W39/><G39/><T17/><D105/><U99/><E68/><V51/><F72/><W82/><G132/><T131/><D131/><N who="1" m="50251" /><E43/><V93/><F78/><W114/><G114/><T95/><D95/><N who="1" m="56831" /><E18/><AGARI ba="0,0" hai="18,22,25,28,31,44,50,51,52,54,56,93,96,101" machi="18" ten="30,3900,0" yaku="7,1,8,1,54,1" doraHai="116" who="2" fromWho="1" sc="200,0,230,-39,350,39,220,0" /><INIT seed="2,0,0,2,5,70" ten="200,191,389,220" oya="2" hai0="67,18,58,35,48,22,31,116,2,72,66,125,101" hai1="82,54,24,120,105,68,6,123,29,117,0,15,13" hai2="45,134,74,106,44,8,119,95,36,94,124,47,23" hai3="14,78,111,84,114,61,81,75,92,56,109,76,63"/><V27/><F106/><W7/><G114/><T49/><D2/><U40/><E68/><V118/><F74/><W79/><G92/><T51/><D72/><U37/><E105/><V53/><F134/><W88/><G75/><T50/><D125/><U104/><E104/><V19/><F124/><W9/><REACH who="3" step="1"/><G63/><REACH who="3" ten="200,191,389,210" step="2"/><T103/><D116/><U20/><E117/><V115/><F115/><W1/><G1/><T73/><D73/><U41/><E82/><V55/><F119/><W11/><G11/><T85/><D103/><U25/><E0/><V3/><F95/><W26/><G26/><T91/><D101/><U96/><E25/><V89/><F3/><W129/><G129/><T86/><D86/><U107/><E123/><V98/><F8/><W80/><G80/><T130/><D130/><U38/><E120/><V131/><F131/><W83/><G83/><T34/><D85/><U46/><E107/><V113/><F113/><W99/><G99/><T17/><D91/><U112/><E96/><V127/><F118/><W5/><G5/><T39/><D34/><U43/><E112/><V132/><F127/><W69/><G69/><T110/><D35/><U59/><E6/><V71/><F71/><W135/><G135/><T108/><D108/><U97/><E97/><V62/><F132/><W52/><AGARI ba="0,1" hai="7,9,14,52,56,61,76,78,79,81,84,88,109,111" machi="52" ten="30,7900,0" yaku="1,1,0,1,54,2,53,0" doraHai="70" doraHaiUra="90" who="3" fromWho="3" sc="200,-20,191,-20,389,-39,210,89" /><INIT seed="3,0,0,1,3,35" ten="180,171,350,299" oya="3" hai0="79,33,27,91,56,50,104,97,81,59,135,133,4" hai1="77,23,134,13,117,72,87,39,42,11,46,98,92" hai2="25,96,51,125,94,73,132,21,107,65,60,114,29" hai3="76,101,34,7,127,14,15,49,120,55,44,106,3"/><W102/><G120/><T2/><D33/><U105/><E72/><V122/><F107/><W9/><G34/><T70/><D70/><U124/><E105/><V113/><F73/><W103/><G106/><T63/><D27/><U99/><E124/><V36/><F36/><W26/><G127/><T112/><D112/><U1/><E1/><V93/><F125/><W5/><G76/><T74/><D50/><N who="1" m="26967" /><E134/><N who="0" m="51209" /><D63/><U130/><E39/><V28/><F132/><W22/><REACH who="3" step="1"/><G7/><REACH who="3" ten="180,171,350,289" step="2"/><T18/><D104/><U84/><E130/><V131/><F131/><W30/><AGARI ba="0,1" hai="3,5,9,14,15,22,26,30,44,49,55,101,102,103" machi="30" ten="30,11700,0" yaku="1,1,2,1,0,1,52,1,53,0" doraHai="35" doraHaiUra="118" who="3" fromWho="3" sc="180,-39,171,-39,350,-39,289,127" owari="141,-25.9,132,-36.8,311,11.1,416,51.6" /></mjloggm>