<mjloggm ver="2.3"><GO type="225" lobby="0"/><UN n0="%E3%83%A9%E3%83%BC%E3%83%A1%E3%83%B3%E4%BA%94%E9%83%8E" n1="%E3%82%A2%E3%82%A4%E3%82%B9%E3%83%86%E3%82%A3%E3%83%BC%E3%81%82%E3%81%B9" n2="%72%69%6F%75%63%68%61%6E" n3="%33%74%72%65%65" dan="16,16,16,16" rate="2113.91,2082.29,2118.11,2180.85" sx="M,M,M,F"/><TAIKYOKU oya="0"/><INIT seed="0,0,0,3,3,8" ten="250,250,250,250" oya="0" hai0="74,45,93,101,128,12,33,63,90,125,72,110,119" hai1="51,130,77,126,19,94,80,14,36,117,20,107,48" hai2="34,131,40,69,57,73,18,71,100,111,84,108,56" hai3="123,49,23,53,3,124,42,88,21,97,87,92,9"/><T31/><D119/><U133/><E117/><V38/><F131/><W26/><G124/><T83/><D128/><U62/><E107/><V59/><F73/><W99/><G123/><T109/><D125/><U85/><E130/><V47/><F34/><W7/><G42/><T134/><D101/><U129/><E126/><V78/><F100/><W75/><G75/><T60/><D134/><U115/><E36/><V0/><F0/><W28/><REACH who="3" step="1"/><G23/><REACH who="3" ten="250,250,250,240" step="2"/><T2/><D72/><U91/><E129/><V29/><F111/><W118/><G118/><T135/><D109/><U43/><E133/><V70/><F108/><W96/><G96/><T102/><D135/><U37/><E115/><V79/><F29/><W13/><G13/><T39/><D110/><U4/><E43/><V32/><F32/><W54/><G54/><T25/><D12/><N who="1" m="9319" /><E37/><V10/><F84/><W15/><G15/><T113/><D113/><U95/><E62/><V55/><F55/><W132/><G132/><T89/><D60/><U105/><E105/><V24/><F24/><W86/><G86/><T127/><D127/><U41/><E41/><V16/><F40/><W11/><G11/><T68/><D39/><U81/><E51/><V122/><F122/><W67/><G67/><N who="0" m="41087" /><D2/><U35/><E48/><V121/><F10/><W104/><G104/><T112/><D112/><U44/><E35/><V65/><F121/><W76/><G76/><N who="2" m="29225" /><F65/><W66/><G66/><T17/><D74/><U106/><E106/><V116/><F116/><W98/><G98/><T61/><D33/><U52/><E77/><V6/><F6/><RYUUKYOKU ba="0,1" sc="250,-15,250,-15,250,15,240,15" hai2="16,18,38,47,56,57,59,69,70,71" hai3="3,7,9,21,26,28,49,53,87,88,92,97,99" /><INIT seed="1,1,1,5,2,25" ten="235,235,265,255" oya="1" hai0="130,129,131,32,125,27,41,66,113,1,53,30,128" hai1="9,17,116,119,40,107,16,95,89,122,85,94,104" hai2="112,132,63,80,133,58,38,123,75,117,4,65,35" hai3="76,84,135,46,7,12,110,103,118,42,86,59,81"/><U10/><E40/><V91/><F117/><W127/><G118/><T78/><D113/><U5/><E85/><V31/><F123/><W115/><G115/><T15/><D1/><U67/><E67/><V18/><F112/><W93/><G110/><T105/><D125/><U2/><E2/><V61/><F38/><W57/><G127/><T101/><N who="0" m="32768" /><DORA hai="34" /><T111/><D111/><U77/><E5/><V124/><F124/><W92/><G135/><N who="2" m="51785" /><F4/><W44/><G44/><T126/><D126/><U13/><E89/><V52/><F18/><W29/><G29/><T24/><D66/><U20/><E20/><V11/><F11/><W28/><G28/><N who="0" m="19463" /><D41/><U109/><E13/><V39/><F39/><W26/><G12/><T36/><D36/><U72/><E77/><N who="2" m="44095" /><F91/><W68/><G76/><T64/><D78/><U43/><E43/><V49/><F65/><W62/><G42/><T96/><D64/><U106/><E72/><V79/><F79/><W114/><G114/><T88/><D15/><U55/><E55/><V98/><F98/><W45/><G7/><T134/><D134/><U87/><E87/><V50/><F50/><W19/><G86/><T73/><D73/><U37/><E37/><V48/><F49/><W33/><G84/><T23/><D88/><U100/><E109/><V82/><F82/><W54/><G81/><T8/><D8/><N who="1" m="3179" /><E122/><V70/><F70/><W121/><G68/><T56/><D53/><U0/><E0/><V108/><F108/><W60/><G54/><T21/><D21/><U51/><E119/><V83/><F83/><W71/><G121/><RYUUKYOKU ba="1,1" sc="235,15,235,-15,265,15,255,-15" hai0="23,27,30,56,96,101,105" hai2="31,35,48,52,58,61,63" /><INIT seed="2,2,1,1,4,66" ten="250,220,280,240" oya="2" hai0="75,29,9,48,31,49,37,133,85,22,62,51,91" hai1="23,130,33,110,92,68,112,59,99,10,73,72,113" hai2="69,13,34,77,70,2,56,1,93,40,35,87,78" hai3="90,12,67,121,84,52,4,95,53,116,82,25,55"/><V83/><F40/><W105/><G121/><T98/><D37/><U125/><E110/><V63/><F13/><W108/><G116/><T100/><D75/><U89/><E33/><V101/><F78/><W57/><G105/><T74/><D74/><U46/><E125/><V65/><F34/><W8/><G108/><T44/><D133/><U96/><E130/><V80/><F35/><W126/><G126/><T24/><D9/><U131/><E131/><V61/><F80/><W88/><G25/><T123/><D123/><U41/><E68/><V21/><F21/><W118/><G118/><T15/><D15/><U79/><E10/><V76/><F76/><W64/><REACH who="3" step="1"/><G57/><REACH who="3" ten="250,220,280,230" step="2"/><T111/><D111/><U16/><E59/><V19/><F70/><W128/><G128/><T107/><D44/><U54/><E46/><V45/><F45/><W86/><AGARI ba="2,2" hai="4,8,12,52,53,55,64,67,82,84,86,88,90,95" machi="86" ten="30,8000,1" yaku="1,1,0,1,8,1,54,2,53,0" doraHai="66" doraHaiUra="135" who="3" fromWho="3" sc="250,-22,220,-22,280,-42,230,106" /><INIT seed="3,0,0,0,3,61" ten="228,198,238,336" oya="3" hai0="19,116,2,48,67,6,107,58,80,77,21,33,10" hai1="68,11,27,46,23,51,36,54,24,82,112,39,130" hai2="90,105,84,5,69,108,125,100,41,26,60,93,78" hai3="17,9,62,117,74,59,42,49,87,89,126,81,45"/><W79/><G117/><T98/><D116/><U63/><E112/><V13/><F108/><W97/><G126/><T57/><D33/><U32/><E130/><V7/><F125/><W14/><G97/><T96/><D48/><U70/><E11/><V38/><F13/><W16/><G17/><T72/><D107/><U65/><E70/><V104/><F41/><W114/><G114/><T103/><D67/><U75/><E32/><V34/><F38/><W127/><G127/><T31/><D31/><U29/><REACH who="1" step="1"/><E27/><REACH who="1" ten="228,188,238,336" step="2"/><V135/><F34/><W131/><G131/><T113/><D113/><U52/><E52/><V64/><F26/><W88/><G74/><T37/><D72/><U1/><E1/><V128/><F128/><W15/><G15/><T134/><D2/><U12/><E12/><V118/><F118/><W35/><G35/><T110/><D10/><U123/><E123/><V86/><F5/><W47/><G14/><T92/><D6/><U40/><E40/><V4/><F7/><W3/><G9/><T101/><D110/><U0/><E0/><V94/><F4/><W56/><G42/><T91/><D21/><U132/><E132/><V8/><F135/><W55/><G55/><T106/><D134/><U95/><E95/><V20/><F8/><W44/><G3/><T83/><D92/><U129/><E129/><V119/><F20/><W133/><G133/><T102/><D106/><U71/><E71/><V73/><F105/><W122/><G122/><T111/><D111/><U109/><E109/><V99/><F104/><W53/><G53/><T76/><D83/><RYUUKYOKU ba="0,1" sc="228,-10,188,30,238,-10,336,-10" hai1="23,24,29,36,39,46,51,54,63,65,68,75,82" owari="218,-18.2,218,-28.2,228,2.8,336,43.6" /></mjloggm>