<mjloggm ver="2.3"><GO type="225" lobby="0"/><UN n0="%6E%69%63%6F%6E%74%6F" n1="%E3%80%90%E3%83%88%E3%83%AA%E3%83%A5%E3%83%95%E3%80%91" n2="%E3%81%90%E3%81%A1%E3%82%84%E3%81%BE" n3="%E3%83%87%E3%83%A9%E3%82%B3%E3%83%83%E3%82%B3" dan="16,16,16,17" rate="2140.30,2094.94,2143.18,2244.92" sx="M,M,M,M"/><TAIKYOKU oya="0"/><INIT seed="0,0,0,3,3,7" ten="250,250,250,250" oya="0" hai0="54,88,118,61,82,96,45,25,21,1,14,42,67" hai1="35,44,65,26,81,131,113,55,119,124,135,116,85" hai2="64,15,132,50,107,103,24,37,86,109,77,112,51" hai3="114,69,102,31,71,92,19,75,0,58,95,33,133"/><T94/><D118/><U53/><E131/><V20/><F112/><W76/><G114/><T12/><D1/><U123/><E113/><V100/><F37/><W121/><G133/><T28/><D82/><U2/><E135/><V120/><F120/><W9/><G121/><T8/><D54/><U36/><E124/><V48/><F109/><W68/><G58/><T74/><D74/><U60/><E123/><V90/><F107/><W57/><G57/><T87/><D87/><U72/><E2/><V105/><F105/><W32/><G31/><T129/><D129/><U99/><E99/><V40/><F132/><W128/><G128/><T117/><D8/><U126/><E126/><V80/><F40/><W49/><G49/><T5/><D5/><U41/><E72/><V89/><F15/><N who="3" m="7663" /><G0/><T59/><REACH who="0" step="1"/><D117/><REACH who="0" ten="240,250,250,250" step="2"/><U122/><E122/><V22/><F64/><W106/><G75/><T78/><D78/><U66/><E119/><V73/><F73/><W46/><G76/><T130/><D130/><U56/><E66/><V3/><F3/><W18/><G46/><T10/><D10/><U63/><E116/><V34/><F77/><W17/><G33/><T83/><D83/><U79/><E63/><V127/><F127/><W97/><G32/><T43/><D43/><U29/><AGARI ba="0,1" hai="26,29,35,36,41,44,53,55,56,60,65,79,81,85" machi="29" ten="30,1100,0" yaku="0,1" doraHai="7" who="1" fromWho="1" sc="240,-5,250,21,250,-3,250,-3" /><INIT seed="1,0,0,3,1,70" ten="235,271,247,247" oya="1" hai0="49,19,18,113,54,15,34,29,128,8,26,62,119" hai1="7,89,9,77,0,74,107,133,48,13,56,36,127" hai2="72,60,126,50,64,59,69,24,108,22,85,66,120" hai3="135,53,76,124,81,21,100,109,40,97,43,45,51"/><U95/><E107/><V132/><F72/><W111/><G124/><T83/><D113/><U130/><E127/><V3/><F126/><W96/><G135/><T106/><D119/><U91/><E133/><V35/><F3/><W68/><G68/><T37/><D106/><U123/><E123/><V129/><F120/><W5/><G5/><T33/><D128/><U25/><E25/><V102/><F132/><W87/><G21/><T117/><D117/><U112/><E112/><V17/><F108/><N who="3" m="41547" /><G97/><T42/><D37/><U104/><E104/><AGARI ba="0,0" hai="40,43,45,51,53,76,81,87,96,100,104" m="41547" machi="104" ten="30,1000,0" yaku="14,1" doraHai="70" who="3" fromWho="1" sc="235,0,271,-10,247,0,247,10" /><INIT seed="2,0,0,5,1,26" ten="235,261,247,257" oya="2" hai0="101,102,87,15,81,82,72,66,55,115,53,104,95" hai1="1,85,3,14,80,31,27,36,25,107,90,13,117" hai2="47,11,9,65,68,4,42,43,114,10,6,119,39" hai3="128,108,73,83,32,49,131,75,132,30,19,58,77"/><V61/><F114/><W89/><G108/><T16/><D115/><U129/><E117/><V98/><F119/><W99/><G132/><T135/><D135/><U123/><E107/><V78/><F78/><W46/><G19/><T121/><D121/><U69/><E69/><V96/><REACH who="2" step="1"/><F43/><REACH who="2" ten="235,261,237,257" step="2"/><W120/><G77/><T24/><D72/><U28/><E123/><V8/><N who="2" m="2048" /><DORA hai="54" /><V34/><F34/><W111/><G120/><T23/><D104/><U109/><E109/><V91/><F91/><W7/><G75/><T17/><D102/><U86/><E90/><V22/><F22/><W71/><G32/><T57/><D101/><U112/><E112/><V84/><F84/><W134/><G73/><T38/><D87/><U21/><E21/><V110/><F110/><W37/><G89/><T79/><D23/><U51/><E80/><V44/><F44/><W60/><G83/><T2/><D82/><U116/><E116/><V70/><F70/><W0/><G71/><T97/><D81/><U127/><E86/><V126/><F126/><W35/><G46/><T130/><D79/><U64/><E85/><V94/><F94/><W63/><G111/><T133/><D95/><U124/><E124/><V45/><F45/><W103/><G35/><T52/><D133/><U40/><E40/><V92/><F92/><W12/><G103/><T76/><D76/><U59/><E127/><V88/><F88/><W74/><G74/><T105/><D105/><U113/><E113/><V100/><F100/><W118/><G134/><T106/><D106/><U125/><E125/><V48/><F48/><RYUUKYOKU ba="0,1" sc="235,-10,261,-10,237,30,257,-10" hai2="4,6,39,42,47,61,65,68,96,98" /><INIT seed="2,1,1,5,5,82" ten="225,251,267,247" oya="2" hai0="53,90,30,118,40,122,31,62,8,69,102,0,18" hai1="1,58,50,104,101,21,110,121,96,5,11,89,17" hai2="12,56,107,55,13,127,95,134,74,41,130,92,60" hai3="26,59,125,37,75,39,83,135,2,47,29,114,129"/><V98/><F74/><W45/><G125/><T86/><D118/><U67/><E110/><V34/><F127/><W51/><G129/><T97/><D122/><U84/><E121/><V94/><F34/><W115/><G2/><T4/><D40/><U88/><E67/><V71/><F130/><W49/><G135/><T20/><D69/><U123/><E123/><V19/><F134/><W57/><G75/><T65/><D65/><U133/><E133/><V33/><F33/><W7/><G7/><T111/><D111/><U78/><E78/><V44/><F71/><W119/><G83/><T76/><D76/><U113/><E113/><N who="3" m="43018" /><G26/><T105/><D53/><U106/><E106/><V27/><F107/><W66/><G29/><T15/><REACH who="0" step="1"/><D62/><REACH who="0" ten="215,251,267,247" step="2"/><U77/><E77/><V3/><F41/><N who="3" m="24751" /><G119/><T87/><D87/><U54/><REACH who="1" step="1"/><E84/><REACH who="1" ten="215,241,267,247" step="2"/><V81/><F98/><W46/><G66/><T28/><D28/><U108/><E108/><V42/><F42/><N who="3" m="22863" /><G39/><T109/><D109/><U91/><E91/><V36/><F36/><W38/><G38/><T35/><D35/><U70/><E70/><V124/><F124/><W23/><G23/><T132/><D132/><U6/><E6/><V117/><F117/><W112/><G112/><T79/><D79/><U32/><E32/><V116/><F116/><W131/><G131/><T52/><D52/><AGARI ba="1,3" hai="47,51,52,57,59" m="22863,24751,43018" machi="52" ten="30,7700,0" yaku="11,1,34,2,54,1" doraHai="82" who="3" fromWho="0" sc="215,-80,241,0,267,0,247,110" /><INIT seed="3,0,0,1,2,5" ten="135,241,267,357" oya="3" hai0="48,70,65,51,37,7,101,75,100,28,4,32,131" hai1="15,121,16,60,108,73,49,77,2,134,30,0,85" hai2="76,9,54,71,56,113,68,1,74,98,44,115,64" hai3="94,103,90,33,112,59,11,46,29,91,132,133,99"/><W109/><G112/><T95/><D95/><U52/><E108/><V88/><F74/><W6/><G109/><T87/><D75/><U130/><E121/><V39/><F76/><W129/><G129/><T21/><D87/><U53/><E73/><V61/><F71/><W34/><G59/><T110/><D110/><U10/><E130/><V102/><F102/><W22/><G46/><T43/><D131/><U97/><E97/><V13/><F1/><N who="3" m="463" /><G22/><T45/><D32/><N who="3" m="12393" /><G29/><T84/><D84/><U17/><E30/><V107/><F107/><W63/><G63/><T127/><D127/><U89/><E77/><V25/><F25/><W38/><G38/><T123/><D123/><U69/><E17/><V18/><F88/><W31/><G31/><T81/><D81/><N who="1" m="49327" /><E53/><V3/><F98/><W72/><G72/><T80/><D80/><U41/><E41/><N who="2" m="22591" /><F3/><W26/><G26/><T20/><D28/><U55/><E134/><AGARI ba="0,0" hai="90,91,94,99,103,132,133,134" m="12393,463" machi="134" ten="30,2900,0" yaku="20,1,52,1" doraHai="5" who="3" fromWho="1" sc="135,0,241,-29,267,0,357,29" owari="135,-36.5,212,-18.8,267,6.7,386,48.6" /></mjloggm>