<mjloggm ver="2.3"><GO type="225" lobby="0"/><UN n0="%6D%61%74%69%67%75%73%61" n1="%E4%B8%89%E9%80%A3%E7%99%BA" n2="%E7%99%BD%E5%80%89%E5%AF%9B%E4%B9%8B" n3="%E3%81%95%E3%81%8D%E3%81%9F%E3%81%BE%E6%9E%97%E6%AA%8E" dan="17,16,16,16" rate="2099.98,2178.60,2135.78,2092.00" sx="M,M,M,M"/><TAIKYOKU oya="0"/><INIT seed="0,0,0,2,4,80" ten="250,250,250,250" oya="0" hai0="102,41,33,82,67,93,31,107,113,81,30,20,0" hai1="11,71,103,86,69,65,108,54,91,29,121,128,6" hai2="7,3,116,22,27,123,51,34,4,104,28,37,75" hai3="21,110,94,131,16,15,68,47,13,24,5,79,61"/><T122/><D113/><U25/><E121/><V132/><F37/><W58/><G68/><T32/><D107/><U112/><E108/><V89/><F75/><W105/><G110/><T50/><D0/><U63/><E128/><V62/><F104/><W42/><G131/><T39/><D39/><U95/><E112/><V18/><F116/><W8/><G105/><T126/><D126/><U106/><E54/><V90/><F123/><W127/><G127/><T133/><D133/><U76/><E76/><V97/><F132/><W38/><G79/><T64/><D20/><U72/><E72/><V100/><F62/><W124/><G124/><T111/><D122/><U73/><E73/><V23/><F100/><W87/><G94/><T36/><D36/><U83/><E106/><V44/><F34/><W26/><REACH who="3" step="1"/><G87/><REACH who="3" ten="250,250,250,240" step="2"/><T66/><D93/><U19/><E71/><V49/><F97/><W118/><G118/><T101/><D111/><U60/><E95/><V115/><F115/><W12/><G12/><T43/><D66/><AGARI ba="0,1" hai="5,8,13,15,16,21,24,26,38,42,47,58,61,66" machi="66" ten="30,3900,0" yaku="1,1,7,1,54,1,53,0" doraHai="80" doraHaiUra="114" who="3" fromWho="0" sc="250,-39,250,0,250,0,240,49" /><INIT seed="1,0,0,2,0,51" ten="211,250,250,289" oya="1" hai0="75,39,71,117,105,120,56,134,132,85,91,104,76" hai1="69,9,44,14,116,68,88,4,37,64,126,74,121" hai2="22,12,38,100,89,21,57,99,66,7,125,109,23" hai3="80,128,60,3,36,67,53,78,97,82,26,28,101"/><U50/><E116/><V87/><F38/><W131/><G36/><T40/><D71/><U31/><E121/><V84/><F109/><W114/><G114/><T5/><D5/><U32/><E126/><V29/><F125/><W96/><G3/><T27/><D27/><U0/><E74/><V113/><F113/><W83/><G78/><T15/><D15/><U123/><E123/><V58/><F29/><W54/><G67/><T42/><D56/><U93/><E37/><V47/><F47/><W73/><G73/><T48/><D48/><U103/><E103/><V118/><F118/><W10/><G60/><T45/><D42/><U6/><E64/><V94/><F66/><W106/><G97/><T95/><D117/><U133/><E133/><N who="0" m="51305" /><D120/><U135/><E135/><V17/><F7/><W41/><G41/><T55/><D55/><N who="3" m="21001" /><G10/><T65/><D65/><U8/><E68/><V129/><F129/><N who="3" m="49739" /><G83/><AGARI ba="0,0" hai="39,40,45,75,76,83,85,91,95,104,105" m="51305" machi="83" ten="30,1000,0" yaku="20,1" doraHai="51" who="0" fromWho="3" sc="211,10,250,0,250,0,289,-10" /><INIT seed="2,0,0,1,0,90" ten="221,250,250,279" oya="2" hai0="24,55,89,71,92,108,74,33,6,28,91,102,45" hai1="118,21,4,41,94,87,46,47,40,115,103,130,14" hai2="25,16,60,62,35,15,3,52,34,5,68,111,97" hai3="30,80,9,79,11,59,119,85,135,44,73,36,131"/><V42/><F111/><W29/><G119/><T7/><D74/><U48/><E130/><V51/><F42/><W110/><G110/><T65/><D108/><U13/><E115/><V66/><F62/><W18/><G131/><T12/><D91/><U124/><E124/><V84/><F25/><W64/><G135/><T86/><D102/><U117/><E4/><V50/><F50/><W8/><G73/><T123/><D123/><U83/><E117/><V75/><F75/><W101/><G101/><T78/><D78/><U58/><E58/><V99/><F84/><W43/><G18/><T109/><D12/><U2/><E2/><V126/><F126/><W82/><G82/><T121/><D121/><U104/><E104/><V113/><F113/><W22/><G22/><T98/><D86/><U1/><E1/><V20/><F5/><W32/><G32/><T37/><D109/><U38/><E21/><V17/><F17/><W56/><G56/><T100/><D100/><U39/><E48/><V106/><F3/><W0/><G0/><T120/><D120/><U57/><E57/><V127/><F127/><W67/><G59/><T70/><D70/><U63/><E63/><V125/><F125/><W53/><G53/><T112/><D112/><U128/><E118/><V134/><F134/><W61/><G61/><N who="0" m="40367" /><D55/><U81/><E128/><V27/><F106/><W107/><G107/><T129/><D129/><U93/><E103/><V105/><F105/><W133/><G133/><T95/><D6/><U114/><E114/><V54/><F68/><W96/><G96/><T72/><D7/><RYUUKYOKU ba="0,0" sc="221,-15,250,15,250,-15,279,15" hai1="13,14,38,39,40,41,46,47,81,83,87,93,94" hai3="8,9,11,29,30,36,43,44,64,67,79,80,85" /><INIT seed="3,1,0,3,1,114" ten="206,265,235,294" oya="3" hai0="46,121,13,78,65,42,129,17,22,70,33,38,1" hai1="88,117,77,60,96,109,113,27,123,2,8,93,71" hai2="105,49,20,47,128,4,74,127,76,31,51,84,59" hai3="29,58,43,37,25,35,36,124,9,24,108,79,6"/><W50/><G124/><T21/><D121/><U116/><E113/><V57/><F105/><W26/><G108/><T12/><D33/><U44/><E123/><V90/><F127/><W45/><G79/><T62/><D1/><U72/><E109/><V111/><F111/><W32/><G58/><T115/><D115/><U16/><E44/><V135/><F135/><W97/><G97/><T87/><D129/><U30/><E77/><V7/><F76/><W118/><G118/><N who="1" m="45674" /><E72/><V83/><F74/><W40/><G40/><T98/><D98/><U112/><E112/><V61/><F47/><W23/><G35/><T63/><D63/><U64/><E2/><V92/><F128/><W94/><G94/><T80/><REACH who="0" step="1"/><D21/><REACH who="0" ten="196,265,235,294" step="2"/><N who="1" m="13735" /><E8/><V89/><F61/><W86/><G32/><T68/><D68/><U15/><E15/><AGARI ba="1,1" hai="12,13,15,17,22,38,42,46,62,65,70,78,80,87" machi="15" ten="30,3900,0" yaku="1,1,7,1,53,1" doraHai="114" doraHaiUra="56" who="0" fromWho="1" sc="196,52,265,-42,235,0,294,0" /><INIT seed="4,0,0,3,1,32" ten="248,223,235,294" oya="0" hai0="17,111,27,43,69,11,78,42,116,67,132,13,45" hai1="72,133,58,104,91,105,14,86,95,94,108,65,23" hai2="30,7,81,110,68,26,66,127,71,38,64,92,117" hai3="123,128,83,97,46,3,79,59,48,135,53,8,73"/><T125/><D116/><U88/><E108/><V9/><F38/><W50/><G135/><T55/><D132/><U129/><E133/><V98/><F110/><W80/><G128/><T60/><D111/><U115/><E129/><V37/><F37/><W54/><G123/><T87/><D125/><U2/><E72/><V102/><F117/><W36/><G97/><T49/><REACH who="0" step="1"/><D27/><REACH who="0" ten="238,223,235,294" step="2"/><U41/><E115/><V20/><F127/><W70/><G70/><T101/><D101/><U52/><E104/><V74/><F71/><W89/><G36/><T29/><D29/><U21/><E105/><V57/><F68/><W40/><G40/><T61/><D61/><U56/><E41/><V76/><REACH who="2" step="1"/><F57/><REACH who="2" ten="238,223,225,294" step="2"/><W134/><G59/><T93/><D93/><U118/><E118/><V39/><F39/><W15/><G134/><T90/><D90/><U24/><E58/><V35/><F35/><W44/><G89/><T10/><D10/><U131/><E131/><V109/><F109/><W1/><G83/><AGARI ba="0,2" hai="11,13,17,42,43,45,49,55,60,67,69,78,83,87" machi="83" ten="40,2000,0" yaku="1,1,53,0" doraHai="32" doraHaiUra="106" who="0" fromWho="3" sc="238,40,223,0,225,0,294,-20" /><INIT seed="4,1,0,4,4,4" ten="278,223,225,274" oya="0" hai0="118,103,41,105,106,111,83,101,107,14,52,45,125" hai1="23,123,129,56,77,95,91,54,86,65,70,64,92" hai2="12,15,72,75,13,99,67,55,33,37,124,17,84" hai3="119,108,62,29,24,1,127,74,53,43,25,98,87"/><T116/><D52/><U48/><E123/><V117/><F33/><W109/><G1/><T7/><D83/><U73/><E129/><V112/><F37/><W97/><G74/><T102/><D125/><U96/><E70/><V3/><F3/><W115/><G127/><T57/><D57/><U31/><E73/><V131/><F124/><W6/><G6/><T20/><D111/><U93/><E77/><V10/><F75/><W126/><G126/><T8/><REACH who="0" step="1"/><D20/><REACH who="0" ten="268,223,225,274" step="2"/><U34/><E34/><V114/><F131/><W80/><G80/><T60/><D60/><U90/><E23/><V40/><F55/><W79/><G62/><T18/><D18/><U9/><E31/><V11/><F17/><W76/><G53/><T66/><D66/><U36/><E64/><V50/><F67/><W133/><G119/><T59/><D59/><U130/><E65/><V42/><F117/><W94/><G43/><T32/><D32/><U26/><E130/><V89/><F42/><W61/><G61/><T47/><D47/><U121/><E56/><V21/><F21/><W35/><G35/><T0/><D0/><U22/><E22/><V2/><F2/><W71/><G109/><T28/><D28/><U69/><E54/><V30/><F30/><W110/><G29/><T38/><AGARI ba="1,1" hai="7,8,14,38,41,45,101,102,103,105,106,107,116,118" machi="38" ten="40,7800,0" yaku="1,1,0,1,52,1,53,0" doraHai="4" doraHaiUra="49" who="0" fromWho="0" sc="268,91,223,-27,225,-27,274,-27" owari="359,45.9,196,-30.4,198,-20.2,247,4.7" /></mjloggm>