<mjloggm ver="2.3"><GO type="225" lobby="0"/><UN n0="%E3%81%8B%E3%82%8F%E3%81%A1%E3%82%83%E3%82%93%35%38" n1="%70%68%65%6E%6F%6D%65" n2="%E3%81%BF%E3%81%BF%E3%81%9A" n3="%43%68%65" dan="16,16,17,16" rate="2165.98,2117.17,2171.13,2184.93" sx="M,M,M,M"/><TAIKYOKU oya="0"/><INIT seed="0,0,0,4,3,117" ten="250,250,250,250" oya="0" hai0="31,24,3,15,37,130,0,23,132,122,12,62,102" hai1="85,101,28,36,18,112,16,109,42,104,5,22,79" hai2="78,110,67,49,48,43,84,45,107,2,108,120,105" hai3="127,30,80,98,77,63,9,65,90,74,25,131,33"/><T51/><D37/><U55/><E5/><V134/><F2/><N who="0" m="554" /><D51/><U21/><E109/><N who="2" m="42091" /><F134/><W17/><G127/><T73/><D62/><U6/><E6/><V44/><F67/><W123/><G131/><T20/><D102/><U47/><E112/><V129/><F129/><W100/><G90/><T124/><D73/><U11/><E11/><V113/><F113/><W91/><G91/><T27/><D130/><U114/><E114/><V106/><F78/><W81/><G81/><T10/><D132/><U97/><E55/><N who="2" m="30087" /><F84/><W87/><G87/><T54/><D54/><U125/><E125/><V116/><F116/><W99/><G99/><T1/><D124/><U70/><E70/><V115/><F115/><W121/><G17/><N who="0" m="12303" /><D122/><AGARI ba="0,0" hai="43,45,49,105,106,107,120,122" m="30087,42091" machi="122" ten="40,5200,0" yaku="14,1,52,2" doraHai="117" who="2" fromWho="0" sc="250,-52,250,0,250,52,250,0" /><INIT seed="1,0,0,4,0,125" ten="198,250,302,250" oya="1" hai0="107,69,91,71,94,54,111,63,27,23,13,93,75" hai1="67,4,88,8,40,123,128,62,116,112,130,11,81" hai2="129,121,32,82,70,17,31,80,98,14,16,28,5" hai3="85,65,33,45,117,7,108,47,50,3,133,86,35"/><U126/><E123/><V48/><F70/><W44/><G108/><T34/><D107/><U37/><E112/><V119/><F119/><W55/><G117/><T87/><D75/><U92/><E116/><V38/><F38/><W52/><G133/><T42/><D111/><U21/><E126/><V95/><F121/><W132/><G132/><T114/><D114/><U79/><E21/><V72/><F129/><N who="1" m="49769" /><E40/><V41/><F72/><W124/><G124/><T1/><D1/><U61/><E37/><V115/><F5/><W77/><G65/><T103/><D94/><U64/><E81/><N who="2" m="31339" /><F17/><W6/><G77/><T51/><D42/><U131/><N who="1" m="49777" /><U74/><DORA hai="57" /><E74/><V60/><F32/><W97/><G35/><T39/><D34/><U26/><E79/><V89/><F115/><W120/><G33/><T0/><D39/><U24/><E64/><V84/><F28/><W101/><G120/><T102/><D23/><U46/><E46/><N who="2" m="25679" /><F31/><W134/><G134/><T68/><D93/><U18/><E18/><V15/><F16/><W29/><G29/><T56/><D27/><N who="1" m="10283" /><E67/><V118/><F118/><W90/><G45/><T25/><D25/><U2/><E11/><V22/><F22/><W43/><G44/><T73/><D73/><U66/><E66/><V109/><F109/><W110/><G110/><T113/><D113/><U106/><E106/><V105/><F105/><W59/><G43/><T135/><D69/><U9/><E9/><V30/><F30/><W36/><G36/><T99/><D71/><U53/><E53/><V104/><F104/><N who="3" m="63535" /><G55/><T78/><D68/><RYUUKYOKU ba="0,0" sc="198,-10,250,30,302,-10,250,-10" hai1="2,4,8,61,62,88,92" /><INIT seed="1,1,0,1,0,133" ten="188,280,292,240" oya="1" hai0="103,22,32,89,114,75,83,6,0,63,53,59,30" hai1="34,96,47,57,20,33,100,120,130,4,109,67,61" hai2="69,123,58,10,54,107,60,43,11,2,9,36,37" hai3="115,62,51,15,93,28,87,44,102,106,71,80,108"/><U124/><E120/><V45/><F123/><W74/><G115/><T134/><D114/><U135/><E135/><V21/><F107/><W27/><G108/><T126/><D134/><U85/><E109/><V55/><F2/><W118/><G118/><T81/><D32/><U25/><E130/><V79/><F79/><W116/><G116/><T78/><D103/><U112/><E112/><V23/><F36/><W13/><G74/><T17/><D30/><U86/><E4/><V99/><F99/><W39/><G39/><T129/><D129/><U12/><E12/><V70/><REACH who="2" step="1"/><F55/><REACH who="2" ten="188,280,282,240" step="2"/><W95/><G106/><T84/><D0/><U101/><E86/><V50/><F50/><W111/><G51/><T94/><D6/><U113/><E85/><V18/><F18/><W5/><G87/><T92/><REACH who="0" step="1"/><D126/><REACH who="0" ten="178,280,282,240" step="2"/><U121/><E124/><V119/><F119/><W68/><G5/><T125/><D125/><U46/><E113/><V132/><F132/><W127/><G127/><T110/><D110/><U76/><E121/><V16/><F16/><W122/><G111/><T117/><D117/><U1/><E1/><V14/><F14/><AGARI ba="1,2" hai="14,17,22,53,59,63,75,78,81,83,84,89,92,94" machi="14" ten="30,2000,0" yaku="1,1,7,1,53,0" doraHai="133" doraHaiUra="29" who="0" fromWho="2" sc="178,43,280,0,282,-23,240,0" /><INIT seed="2,0,0,2,4,120" ten="221,280,259,240" oya="2" hai0="39,74,66,49,64,68,63,3,69,46,31,22,45" hai1="87,13,97,50,52,129,95,60,51,111,16,21,2" hai2="112,130,35,41,20,65,62,58,34,6,134,8,80" hai3="19,9,61,115,26,116,126,118,90,53,43,42,123"/><V5/><F112/><W107/><G123/><T1/><D74/><U106/><E2/><V36/><F130/><W71/><G115/><T101/><D101/><N who="1" m="60607" /><E106/><V96/><F134/><W17/><G107/><T12/><D31/><U128/><E111/><V30/><F96/><W54/><G90/><T127/><D127/><U57/><E129/><V109/><F109/><W132/><G26/><T55/><D22/><U4/><E128/><V32/><F80/><W28/><G28/><T117/><D12/><N who="1" m="9351" /><E87/><V72/><F72/><W76/><G71/><N who="0" m="27211" /><D1/><U98/><E98/><V124/><F124/><W91/><G126/><T104/><D3/><U82/><E82/><V131/><F131/><W27/><G27/><T59/><D104/><U24/><E24/><V94/><F94/><W11/><G91/><T103/><D103/><U56/><E57/><V77/><F77/><W40/><G76/><T15/><D15/><U84/><E84/><V18/><F30/><W81/><G81/><T86/><D86/><U73/><E73/><V102/><F102/><W23/><G132/><T133/><D133/><U47/><E47/><N who="0" m="17929" /><D117/><U70/><E70/><V93/><F93/><W119/><G119/><T78/><D78/><U37/><E37/><V83/><F83/><W38/><G38/><T108/><D108/><U110/><E110/><V105/><F105/><W75/><G75/><T14/><D14/><U79/><E79/><V114/><F114/><W25/><G118/><T100/><D39/><U92/><E92/><V113/><F113/><W48/><G116/><T10/><D100/><U125/><E125/><RYUUKYOKU ba="0,0" sc="221,-10,280,30,259,-10,240,-10" hai1="4,13,50,51,52,56,60" /><INIT seed="3,1,0,3,4,43" ten="211,310,249,230" oya="3" hai0="90,17,120,97,44,23,76,135,6,114,119,38,104" hai1="98,122,32,57,16,37,83,132,87,12,22,112,13" hai2="95,65,133,62,125,1,46,56,105,2,45,18,107" hai3="79,73,84,3,81,124,27,40,64,117,75,94,34"/><W30/><G117/><T77/><D120/><U9/><E122/><V67/><F95/><W71/><G124/><T118/><D119/><U93/><E112/><V108/><F18/><W7/><G94/><N who="0" m="56535" /><D38/><U8/><E32/><V134/><F108/><W129/><G129/><T33/><D33/><U29/><E37/><V123/><F123/><W115/><G115/><T92/><D104/><N who="2" m="40010" /><F67/><W69/><G40/><T128/><D118/><U41/><E132/><N who="2" m="50795" /><F125/><W50/><G50/><T127/><D135/><U110/><E110/><V121/><F121/><W99/><G99/><T58/><D127/><U60/><E29/><V25/><F25/><W28/><G28/><T61/><D114/><U48/><E93/><V66/><F66/><W111/><G111/><T11/><D128/><U47/><E98/><V113/><F113/><W59/><G71/><T68/><D68/><U100/><E100/><V51/><F51/><W131/><G69/><T19/><D92/><U109/><E109/><V91/><F91/><W42/><G131/><T116/><D116/><U36/><E36/><V74/><F74/><W21/><G73/><T14/><D44/><AGARI ba="1,0" hai="1,2,44,45,46,56,62,65" m="50795,40010" machi="44" ten="30,7700,0" yaku="20,1,52,3" doraHai="43" who="2" fromWho="0" sc="211,-80,310,0,249,80,230,0" owari="131,-36.9,310,11.0,329,42.9,230,-17.0" /></mjloggm>