<mjloggm ver="2.3"><GO type="225" lobby="0"/><UN n0="%E3%83%A9%E3%82%B9%E7%8E%87%EF%BC%93%E5%89%B2" n1="%E9%B7%B9%E5%80%89%E6%9D%8F%E9%88%B4" n2="%E6%A9%98%E3%83%AF%E3%83%AB%E3%83%84" n3="%E3%83%96%E3%83%83%E3%83%91%E3%82%AA%E3%83%96%E3%83%81%E3%82%AD%E3%83%B3" dan="16,16,16,16" rate="2198.39,2094.75,2085.37,2123.37" sx="F,F,M,M"/><TAIKYOKU oya="0"/><INIT seed="0,0,0,0,0,66" ten="250,250,250,250" oya="0" hai0="42,93,8,77,12,43,120,71,0,99,2,78,38" hai1="62,23,127,82,48,60,85,98,64,3,52,46,32" hai2="119,92,34,15,53,121,68,44,111,108,4,130,1" hai3="97,56,95,40,21,112,36,18,25,9,5,72,87"/><T49/><D120/><U37/><E32/><V132/><F15/><W27/><G112/><T70/><D38/><U129/><E3/><V30/><F92/><W86/><G72/><T90/><D2/><U76/><E129/><V81/><F81/><W59/><G36/><T126/><D0/><U114/><E114/><V20/><F53/><W73/><G40/><T115/><D115/><U35/><E35/><V122/><F44/><W50/><G73/><T88/><D126/><U28/><E127/><V91/><F91/><W96/><G27/><T128/><D128/><U55/><E37/><V61/><F20/><W74/><G74/><T103/><D90/><U102/><E55/><V67/><F130/><W29/><G29/><T109/><D109/><N who="2" m="42058" /><F132/><W94/><G9/><T22/><D22/><U45/><E45/><V19/><F19/><W84/><G5/><T65/><D65/><U58/><E60/><V51/><F51/><W89/><REACH who="3" step="1"/><G50/><REACH who="3" ten="250,250,250,240" step="2"/><T41/><D49/><U14/><E28/><V31/><F31/><W105/><G105/><T6/><REACH who="0" step="1"/><D103/><AGARI ba="0,1" hai="18,21,25,56,59,84,86,87,89,94,95,96,97,103" machi="103" ten="40,2600,0" yaku="1,1,8,1,53,0" doraHai="66" doraHaiUra="26" who="3" fromWho="0" sc="250,-26,250,0,250,0,240,36" /><INIT seed="1,0,0,2,3,135" ten="224,250,250,276" oya="1" hai0="18,0,20,36,133,6,12,69,72,94,79,62,93" hai1="5,91,44,46,102,11,100,51,97,105,59,13,116" hai2="21,45,32,58,126,123,134,65,31,109,96,70,57" hai3="76,2,61,74,92,131,7,83,54,128,114,42,50"/><U110/><E116/><V111/><F123/><W10/><G114/><T119/><D119/><U99/><E110/><N who="2" m="41995" /><F134/><W77/><G77/><T25/><D133/><U16/><E91/><V87/><F32/><W121/><G121/><T71/><D36/><U24/><E59/><V90/><F96/><W108/><G108/><T33/><D79/><U68/><E68/><V84/><F45/><W23/><G61/><T40/><D40/><U113/><E113/><V22/><F87/><W115/><G42/><T117/><D72/><U107/><E51/><V78/><F78/><W15/><G115/><T120/><D120/><U38/><E38/><V80/><F22/><AGARI ba="0,0" hai="5,11,13,16,22,24,44,46,97,99,100,102,105,107" machi="22" ten="40,3900,0" yaku="9,1,54,1" doraHai="135" who="1" fromWho="2" sc="224,0,250,39,250,-39,276,0" /><INIT seed="1,1,0,0,2,0" ten="224,289,211,276" oya="1" hai0="53,17,71,16,132,37,80,34,63,120,50,115,30" hai1="43,2,127,94,24,89,56,90,14,96,91,9,104" hai2="125,76,22,92,47,126,93,130,70,15,64,107,82" hai3="72,98,20,95,133,109,66,6,46,26,42,117,55"/><U116/><E116/><V110/><F107/><W23/><G72/><T57/><D115/><U124/><E104/><V119/><F119/><W11/><G117/><T19/><D132/><U73/><E73/><V108/><F47/><W85/><G133/><T49/><D120/><U41/><E2/><V21/><F64/><W83/><G109/><N who="2" m="42089" /><F70/><W62/><G55/><T67/><D80/><U102/><E24/><V39/><F39/><W74/><G74/><T112/><D112/><U5/><REACH who="1" step="1"/><E56/><REACH who="1" ten="224,279,211,276" step="2"/><V65/><F130/><W1/><G26/><T79/><D57/><U101/><E101/><V114/><F114/><W86/><G1/><T48/><D71/><U113/><E113/><V99/><F15/><W129/><G129/><T77/><D34/><U75/><E75/><N who="2" m="43295" /><F99/><W59/><G98/><T60/><D67/><U29/><E29/><V52/><F65/><W123/><G66/><T36/><D30/><U87/><E87/><V54/><F126/><AGARI ba="1,1" hai="5,9,14,41,43,89,90,91,94,96,102,124,126,127" machi="126" ten="40,7700,0" yaku="1,1,18,1,52,1,53,0" doraHai="0" doraHaiUra="12" who="1" fromWho="2" sc="224,0,279,90,211,-80,276,0" /><INIT seed="1,2,0,2,2,20" ten="224,369,131,276" oya="1" hai0="95,74,14,26,59,134,106,99,24,2,36,52,17" hai1="13,22,92,50,25,19,115,1,37,61,0,32,114" hai2="44,72,103,107,133,125,29,12,135,69,80,66,68" hai3="55,123,87,49,88,104,31,93,77,86,6,91,39"/><U40/><E37/><V41/><F29/><W89/><G123/><T33/><D33/><U28/><E61/><V131/><F103/><W73/><G39/><T78/><D2/><N who="1" m="1131" /><E92/><V10/><F107/><W118/><G104/><T109/><D134/><U124/><E50/><V100/><F100/><W70/><G70/><T85/><D109/><U110/><E40/><V83/><F66/><W130/><G130/><T57/><D74/><U116/><E116/><V35/><F35/><W120/><G120/><T34/><D34/><U111/><E124/><V42/><F125/><W128/><G128/><T75/><D75/><U3/><N who="1" m="1139" /><U56/><DORA hai="71" /><E56/><V132/><F131/><W47/><G73/><T18/><D57/><U15/><E15/><V16/><F42/><W9/><G49/><N who="0" m="31119" /><D36/><U43/><E43/><V126/><F126/><W76/><G118/><T79/><D106/><U127/><E127/><V121/><F121/><W112/><G47/><T105/><D105/><U11/><E32/><V60/><F60/><W96/><G55/><T7/><D85/><U38/><E38/><N who="2" m="21559" /><F83/><W122/><G87/><T64/><D64/><U51/><E51/><V53/><F53/><W82/><G86/><T129/><D129/><U46/><E46/><V48/><F48/><W54/><G82/><T30/><D79/><AGARI ba="2,0" hai="10,12,16,68,69,72,79,80,132,133,135" m="21559" machi="79" ten="30,3900,0" yaku="20,1,52,1,54,1" doraHai="20,71" who="2" fromWho="0" sc="224,-45,369,0,131,45,276,0" /><INIT seed="2,0,0,2,2,32" ten="179,369,176,276" oya="2" hai0="113,78,7,135,12,81,82,31,84,122,17,97,120" hai1="111,95,73,21,121,44,93,28,80,27,131,129,85" hai2="68,51,103,13,123,86,42,61,60,75,29,56,92" hai3="33,58,98,77,34,134,14,38,91,11,117,100,87"/><V18/><F75/><W64/><G117/><T43/><D113/><U20/><E73/><V9/><F123/><W88/><G38/><T70/><D70/><U49/><E111/><V67/><F29/><W104/><G134/><T46/><D31/><U102/><E21/><V71/><F103/><W53/><G64/><T114/><D114/><U107/><E107/><V55/><F42/><W2/><G2/><T130/><D130/><N who="1" m="49675" /><E102/><V5/><F5/><W23/><G23/><T52/><D135/><U41/><E121/><V109/><F109/><W65/><G65/><T25/><D25/><U0/><E0/><V35/><F35/><W62/><G77/><AGARI ba="0,0" hai="20,27,28,41,44,49,77,80,85,93,95" m="49675" machi="77" ten="30,1000,0" yaku="19,1" doraHai="32" who="1" fromWho="3" sc="179,0,369,10,176,0,276,-10" /><INIT seed="3,0,0,3,1,18" ten="179,379,176,266" oya="3" hai0="117,105,134,86,102,108,31,12,103,75,72,79,2" hai1="26,52,96,28,17,41,21,57,131,68,77,89,0" hai2="67,133,61,76,35,126,66,54,123,30,43,16,130" hai3="22,45,11,56,73,10,37,50,121,20,118,9,106"/><W122/><G73/><T5/><D2/><U98/><E68/><V19/><F123/><N who="3" m="47115" /><G56/><T13/><D108/><U104/><E0/><V95/><F43/><W34/><G50/><T65/><D134/><U25/><E41/><V124/><F76/><W101/><G45/><T7/><D117/><U40/><E40/><V39/><F39/><W119/><G101/><T53/><D31/><U74/><E104/><V29/><F95/><W87/><G87/><T8/><D65/><N who="2" m="24586" /><F133/><W125/><G106/><T44/><D86/><U120/><E120/><V48/><F61/><W4/><G37/><T82/><D75/><U88/><E77/><V63/><F63/><W36/><G36/><T69/><D69/><U81/><E74/><V64/><N who="2" m="24594" /><V55/><DORA hai="47" /><F130/><W93/><G93/><T59/><D44/><U71/><E131/><V33/><F30/><W60/><G60/><T51/><D105/><U23/><E71/><V42/><F42/><W110/><G110/><T14/><D14/><U85/><E89/><V97/><F97/><W24/><G119/><T83/><D83/><U6/><E6/><V127/><F29/><N who="3" m="19751" /><G118/><T94/><D94/><U49/><AGARI ba="0,0" hai="17,21,23,25,26,28,49,52,57,81,85,88,96,98" machi="49" ten="20,16000,3" yaku="0,1,7,1,8,1,52,3,54,2" doraHai="18,47" who="1" fromWho="1" sc="179,-40,379,160,176,-40,266,-80" owari="139,-26.1,539,63.9,136,-36.4,186,-1.4" /></mjloggm>