<mjloggm ver="2.3"><GO type="225" lobby="0"/><UN n0="%E6%A1%9C%E8%8A%B1%E9%96%83%E3%80%85" n1="%E3%83%8F%E3%83%B3%E3%83%89%E3%83%A9%E3%83%BC%E3%83%BB%E3%83%AF%E3%83%B3" n2="%E3%81%90%E3%81%A1%E3%82%84%E3%81%BE" n3="%E6%B4%BE%E9%81%A3%E3%81%AE%E3%82%B8%E3%83%A3%E3%83%83%E3%82%AF" dan="16,17,16,17" rate="2103.19,2216.97,2140.90,2191.03" sx="M,M,M,M"/><TAIKYOKU oya="0"/><INIT seed="0,0,0,3,3,100" ten="250,250,250,250" oya="0" hai0="101,40,90,80,89,86,50,102,29,26,31,13,52" hai1="83,70,113,46,30,15,1,41,88,127,72,76,64" hai2="38,27,37,119,87,85,79,132,94,59,32,115,92" hai3="69,67,42,54,8,12,71,3,66,53,73,20,99"/><T123/><D123/><U122/><E122/><V16/><F115/><W117/><G73/><T19/><D40/><U74/><E1/><V21/><F132/><W91/><G42/><T28/><D26/><U43/><E113/><V55/><F119/><W75/><G75/><T45/><REACH who="0" step="1"/><D90/><REACH who="0" ten="240,250,250,250" step="2"/><U81/><E88/><V135/><F135/><W78/><G91/><T106/><D106/><U133/><E43/><V9/><F32/><W126/><G117/><T93/><D93/><U10/><E41/><V0/><F94/><W6/><G78/><T63/><D63/><U104/><E76/><V60/><F92/><W33/><G33/><T110/><D110/><U125/><E104/><V57/><F79/><W4/><G3/><T56/><D56/><U105/><E105/><V103/><F59/><W77/><G77/><T98/><D98/><U2/><E2/><V129/><F0/><W130/><G99/><T124/><D124/><U97/><E97/><V62/><F62/><W22/><G126/><T61/><D61/><U17/><E133/><V116/><F116/><W128/><G12/><T25/><D25/><U121/><E15/><V107/><F107/><W114/><G114/><T34/><D34/><U111/><E121/><V82/><F27/><W112/><G112/><T44/><D44/><U39/><E46/><V18/><F60/><W131/><G131/><T51/><D51/><U7/><E111/><V35/><F129/><W48/><G48/><T120/><D120/><U58/><E127/><V108/><F35/><W49/><G49/><T47/><D47/><U96/><E125/><RYUUKYOKU ba="0,1" sc="240,15,250,-15,250,-15,250,15" hai0="13,19,28,29,31,45,50,52,80,86,89,101,102" hai3="4,6,8,20,22,53,54,66,67,69,71,128,130" /><INIT seed="0,1,1,4,3,105" ten="255,235,235,265" oya="0" hai0="122,116,103,112,56,44,8,48,92,59,74,43,49" hai1="2,53,57,7,111,13,27,97,30,131,39,127,3" hai2="126,4,0,64,61,1,15,85,17,73,76,100,98" hai3="107,38,21,124,118,60,78,52,35,40,133,89,108"/><T102/><D112/><U5/><E39/><V90/><F126/><W114/><G114/><T123/><D116/><U12/><E127/><V120/><F4/><W72/><G124/><T69/><D69/><U67/><E67/><V128/><F128/><W11/><G35/><T93/><D44/><U99/><E111/><V96/><F120/><W125/><G125/><T91/><D91/><U42/><E42/><V46/><F46/><W29/><G118/><T58/><D58/><U33/><E131/><V16/><F76/><W47/><G107/><T80/><D80/><U101/><E7/><V41/><F41/><W37/><G108/><T14/><D43/><U117/><E97/><V95/><F73/><W121/><G121/><T130/><D14/><U28/><E28/><V106/><F98/><W36/><G11/><T113/><D8/><U75/><E75/><V26/><F26/><W86/><G78/><T62/><D113/><U65/><E65/><V63/><F17/><W31/><G72/><T19/><D74/><U115/><E117/><V87/><F87/><W55/><G31/><T104/><D104/><N who="1" m="63551" /><E115/><V88/><F90/><W25/><G38/><T6/><D6/><U22/><E5/><V45/><F45/><W134/><G37/><T20/><D19/><N who="1" m="10599" /><E13/><V9/><F63/><W24/><G24/><T71/><D62/><N who="1" m="36143" /><E2/><V94/><F106/><W10/><G10/><T70/><REACH who="0" step="1"/><D20/><REACH who="0" ten="245,235,235,265" step="2"/><U66/><E66/><V34/><F34/><W50/><G60/><T32/><D32/><U79/><E79/><V54/><F64/><W83/><G36/><T129/><AGARI ba="1,2" hai="48,49,56,59,70,71,92,93,102,103,122,123,129,130" machi="129" ten="25,12000,1" yaku="1,1,5,1,0,1,22,2,53,0" doraHai="105" doraHaiUra="109" who="0" fromWho="0" sc="245,143,235,-41,235,-41,265,-41" /><INIT seed="0,2,0,0,4,128" ten="388,194,194,224" oya="0" hai0="73,121,87,104,25,45,17,75,16,86,33,21,99" hai1="95,2,23,118,109,131,32,102,127,79,49,69,3" hai2="55,126,84,77,132,74,122,38,50,82,101,65,47" hai3="68,13,62,37,80,10,44,18,85,26,111,22,115"/><T123/><D33/><U54/><E118/><V39/><F122/><W20/><G115/><T61/><D61/><U12/><E32/><V19/><F126/><W81/><G111/><T58/><D58/><U93/><E69/><V83/><F101/><W56/><G68/><T71/><D71/><U15/><E109/><V96/><F96/><W89/><G37/><T0/><D0/><U27/><E131/><V4/><F4/><W51/><G80/><T107/><D99/><N who="1" m="59759" /><E2/><V46/><F65/><N who="3" m="39111" /><G26/><T64/><D25/><U29/><E3/><V43/><F19/><W28/><G28/><T113/><D45/><N who="1" m="27951" /><E127/><V114/><F114/><W133/><G133/><T135/><D113/><U9/><E79/><V11/><F11/><W125/><G125/><T78/><D21/><U40/><E40/><AGARI ba="2,0" hai="10,13,18,20,22,40,44,51,81,85,89" m="39111" machi="40" ten="30,1000,0" yaku="8,1" doraHai="128" who="3" fromWho="1" sc="388,0,194,-16,194,0,224,16" /><INIT seed="1,0,0,1,3,30" ten="388,178,194,240" oya="1" hai0="53,121,45,77,93,21,11,112,3,4,89,128,6" hai1="9,105,23,69,99,118,44,58,40,98,1,38,79" hai2="62,97,74,90,132,91,83,35,127,17,16,108,18" hai3="51,110,65,19,124,94,0,67,20,133,61,13,34"/><U78/><E118/><V76/><F108/><W37/><G110/><T33/><D112/><U134/><E69/><V5/><F127/><W88/><G37/><T129/><D121/><U135/><E23/><V32/><F132/><N who="1" m="50729" /><E58/><V48/><F5/><W54/><G0/><T60/><D33/><U70/><E70/><V57/><F48/><W27/><G133/><T131/><D77/><N who="1" m="29195" /><E105/><V43/><F43/><W22/><G124/><T122/><D122/><U120/><E120/><V25/><F25/><W95/><G34/><T15/><D21/><U56/><E56/><V82/><F91/><W26/><G26/><T126/><D126/><U14/><E1/><V24/><F24/><W68/><G65/><T52/><D3/><U7/><AGARI ba="0,0" hai="7,9,14,38,40,44,98,99" m="29195,50729" machi="7" ten="30,1500,0" yaku="20,1" doraHai="30" who="1" fromWho="1" sc="388,-5,178,15,194,-5,240,-5" /><INIT seed="1,1,0,1,5,21" ten="383,193,189,235" oya="1" hai0="25,128,114,85,9,66,12,35,116,48,54,24,37" hai1="132,133,17,127,4,50,45,67,18,115,101,22,130" hai2="3,123,46,125,112,51,97,56,7,90,63,77,110" hai3="105,20,1,124,86,102,106,31,33,118,87,59,61"/><U43/><E115/><V14/><F123/><W82/><G1/><T60/><D114/><U126/><E4/><V47/><F112/><W19/><G124/><N who="1" m="47658" /><E101/><V94/><F3/><W39/><G39/><T76/><D37/><U81/><E67/><V74/><F125/><W80/><G118/><T26/><D128/><U23/><E81/><V29/><F110/><W100/><G33/><T28/><D85/><N who="3" m="32265" /><G31/><T107/><D107/><U117/><E117/><V70/><F70/><W89/><G89/><T8/><D76/><U44/><E44/><V5/><F74/><W55/><G105/><T65/><D65/><U120/><E120/><V41/><F77/><W96/><G106/><T103/><D103/><N who="3" m="39465" /><G96/><T91/><D91/><U83/><E83/><V84/><F29/><W113/><G113/><T49/><D116/><U104/><E104/><V69/><F69/><W6/><G6/><T15/><D28/><U79/><E79/><V58/><F47/><W129/><G129/><T53/><D66/><U36/><E36/><V71/><F71/><W0/><G0/><T52/><D60/><U99/><E99/><V2/><F2/><W134/><G80/><T40/><D49/><U38/><E38/><V11/><F97/><W98/><G82/><T16/><D48/><U109/><E109/><V34/><F34/><W32/><G32/><T121/><D35/><U27/><E130/><V92/><F92/><W64/><G98/><T75/><D121/><U42/><E42/><V10/><F63/><W13/><G64/><T131/><D131/><U68/><E68/><V57/><F5/><RYUUKYOKU ba="1,0" sc="383,-30,193,10,189,10,235,10" hai1="17,18,22,23,27,43,45,50,132,133" hai2="7,10,11,14,41,46,51,56,57,58,84,90,94" hai3="13,19,20,55,59,61,134" /><INIT seed="1,2,0,3,1,5" ten="353,203,199,245" oya="1" hai0="112,95,102,93,51,49,20,110,11,75,23,8,30" hai1="31,46,65,126,106,111,17,82,124,92,42,91,47" hai2="135,68,109,117,130,52,40,14,56,80,45,104,2" hai3="15,55,63,0,118,36,59,99,50,105,113,33,119"/><U123/><E123/><V66/><F117/><N who="3" m="44555" /><G113/><T129/><D75/><U132/><E106/><V88/><F2/><W22/><G0/><T6/><D110/><U32/><E132/><V74/><F104/><W73/><G73/><T13/><D112/><U134/><E134/><V62/><F135/><W103/><G36/><T79/><D129/><U39/><E111/><V122/><F109/><W114/><G33/><T77/><D30/><U131/><E131/><V85/><F130/><W127/><G114/><T61/><D61/><U34/><E65/><V18/><F74/><W43/><G127/><N who="1" m="48682" /><E31/><V69/><F122/><W28/><G28/><T19/><D102/><U116/><E82/><V128/><F128/><W57/><G43/><T37/><D37/><U58/><E116/><V115/><F115/><W76/><G76/><N who="0" m="29259" /><D20/><U81/><E81/><V125/><F125/><W7/><G22/><T60/><D60/><U94/><E94/><N who="0" m="35849" /><D8/><U98/><E32/><V12/><F66/><W48/><G48/><T9/><D11/><U133/><E34/><V108/><F108/><W3/><G63/><T71/><D71/><U120/><E133/><V86/><F86/><W90/><G105/><T38/><D38/><U21/><E120/><V4/><F4/><W83/><G7/><T25/><AGARI ba="2,0" hai="6,9,13,19,23,25,49,51" m="35849,29259" machi="25" ten="30,2000,0" yaku="8,1,52,1" doraHai="5" who="0" fromWho="0" sc="353,26,203,-12,199,-7,245,-7" /><INIT seed="2,0,0,5,1,8" ten="379,191,192,238" oya="2" hai0="31,119,128,15,109,59,17,97,36,120,14,91,108" hai1="44,46,71,76,114,104,18,39,49,51,75,118,34" hai2="24,5,103,6,81,82,58,47,42,21,66,37,116" hai3="115,68,77,131,129,80,54,64,133,105,2,73,84"/><V62/><F116/><W135/><G2/><T79/><D120/><U35/><E114/><V90/><F103/><W123/><G123/><T130/><D119/><U127/><E118/><V4/><REACH who="2" step="1"/><F90/><REACH who="2" ten="379,191,182,238" step="2"/><N who="3" m="51463" /><G115/><T50/><D91/><U126/><E126/><V41/><F41/><W96/><G133/><T74/><D130/><U65/><E127/><V99/><F99/><W94/><G135/><T83/><D97/><U85/><E104/><V72/><F72/><W111/><G105/><T25/><D74/><U12/><E75/><V63/><F63/><W56/><G129/><T89/><D128/><U125/><E125/><V86/><F86/><W19/><G131/><T3/><D89/><U45/><E85/><V121/><F121/><W38/><G73/><T10/><D79/><U112/><E76/><V100/><F100/><W9/><G77/><T22/><D108/><U78/><E78/><V106/><F106/><W28/><G111/><T113/><D109/><U32/><E112/><V101/><F101/><W110/><G110/><T55/><D113/><U67/><E39/><V69/><F69/><W117/><G38/><T122/><D36/><U40/><E71/><V48/><F48/><W53/><G68/><T0/><D122/><U93/><E40/><V102/><F102/><W27/><G117/><T33/><D83/><U29/><E49/><V1/><F1/><W26/><G96/><T87/><D87/><U132/><E51/><V11/><F11/><W124/><G124/><T95/><D95/><U7/><E132/><V70/><F70/><W88/><G94/><T23/><D10/><RYUUKYOKU ba="0,1" sc="379,15,191,-15,182,15,238,-15" hai0="0,3,14,15,17,22,23,25,31,33,50,55,59" hai2="4,5,6,21,24,37,42,47,58,62,66,81,82" /><INIT seed="2,1,1,2,5,31" ten="394,176,197,223" oya="2" hai0="46,81,51,13,134,111,16,22,122,28,17,104,3" hai1="102,88,94,50,96,78,40,6,72,86,64,77,33" hai2="32,109,68,35,48,55,30,25,118,47,1,43,59" hai3="84,23,101,129,103,115,26,34,119,133,123,29,107"/><V98/><F118/><W56/><G123/><T116/><D122/><U93/><E72/><V108/><F1/><W128/><G119/><T120/><D116/><U11/><E33/><V60/><F98/><W80/><G133/><T75/><D120/><U66/><E40/><V24/><F68/><W135/><G135/><T114/><D114/><U61/><E50/><V126/><F126/><W97/><G56/><T21/><D111/><N who="2" m="42570" /><F24/><W37/><G37/><T18/><D104/><U20/><E20/><AGARI ba="1,1" hai="20,25,30,32,35,43,47,48,55,59,60" m="42570" machi="20" ten="30,11600,0" yaku="14,1,10,1,52,2" doraHai="31" who="2" fromWho="1" sc="394,0,176,-119,197,129,223,0" /><INIT seed="2,2,0,3,0,119" ten="394,57,326,223" oya="2" hai0="62,106,22,90,45,20,102,28,46,50,120,92,60" hai1="25,83,110,118,0,23,107,129,12,67,36,52,108" hai2="114,96,19,82,44,34,104,49,31,84,14,75,70" hai3="37,134,115,65,66,97,64,8,93,81,55,58,69"/><V87/><F70/><W51/><G134/><T74/><D74/><U116/><E107/><V124/><F114/><W2/><G37/><T133/><D120/><U63/><E83/><V131/><F131/><W78/><G115/><T29/><D133/><U57/><E0/><V103/><F124/><W91/><G69/><T98/><D46/><U112/><E12/><V43/><F34/><W17/><G2/><T41/><D90/><U3/><E3/><V21/><REACH who="2" step="1"/><F31/><REACH who="2" ten="394,57,316,223" step="2"/><N who="0" m="11850" /><D106/><U71/><E112/><V32/><F32/><W99/><G17/><T33/><D33/><U24/><E129/><V47/><F47/><W113/><G113/><T95/><D95/><U88/><E118/><V117/><F117/><W26/><G93/><T48/><D48/><U77/><E116/><V100/><F100/><W72/><G51/><T130/><D130/><U6/><E71/><V9/><F9/><W76/><G8/><T11/><D11/><U94/><E94/><V85/><F85/><W39/><G39/><T4/><D4/><U54/><E6/><V73/><F73/><W128/><G128/><T35/><D35/><U5/><E5/><V126/><F126/><W101/><G101/><T13/><D22/><U121/><E36/><V111/><F111/><W132/><G132/><T30/><D30/><U10/><E10/><V56/><F56/><W105/><G72/><T68/><D68/><U59/><E23/><V16/><F16/><AGARI ba="2,1" hai="13,16,20,41,45,50,60,62,92,98,102" m="11850" machi="16" ten="30,2000,0" yaku="8,1,54,1" doraHai="119" who="0" fromWho="2" sc="394,36,57,0,316,-26,223,0" /><INIT seed="3,0,0,0,5,1" ten="430,57,290,223" oya="3" hai0="120,62,7,19,119,27,88,128,135,110,125,66,70" hai1="21,4,36,97,13,42,56,12,68,54,84,102,0" hai2="75,127,69,103,98,111,33,41,8,31,122,95,15" hai3="22,106,92,85,87,133,55,108,114,20,51,25,121"/><W6/><G106/><T78/><D120/><U65/><E84/><V18/><F69/><W71/><G71/><T107/><D119/><U23/><E0/><V129/><F75/><W82/><G121/><T94/><D110/><U26/><E97/><V123/><F111/><W37/><G37/><T118/><D118/><U90/><E90/><V40/><F33/><W126/><G108/><T46/><D107/><U67/><E102/><V91/><F129/><W101/><G114/><T5/><D128/><U61/><E67/><V52/><F127/><W3/><G126/><T30/><D125/><U116/><E116/><V53/><F123/><W63/><G133/><T134/><D78/><U38/><E38/><V59/><F122/><W130/><G130/><T16/><D46/><U81/><E81/><V48/><F31/><W17/><G63/><T112/><D112/><U72/><E72/><V49/><F103/><W50/><G20/><N who="0" m="13703" /><D19/><U89/><E89/><V77/><F77/><W104/><G104/><T39/><D30/><U47/><E26/><V96/><F96/><N who="3" m="59527" /><G55/><T43/><D43/><U117/><E117/><V24/><F24/><W76/><G85/><N who="0" m="52495" /><D39/><U105/><E105/><V64/><F64/><W9/><G3/><T11/><D11/><U93/><E93/><V124/><F124/><W79/><G79/><T109/><D109/><U2/><E2/><V131/><F131/><W32/><G32/><T100/><D100/><U35/><E35/><V10/><F8/><W83/><G83/><T44/><D44/><AGARI ba="0,0" hai="10,15,18,40,41,44,48,49,52,53,59,91,95,98" machi="44" ten="30,3900,0" yaku="7,1,8,1,54,1" doraHai="1" who="2" fromWho="0" sc="430,-39,57,0,290,39,223,0" owari="391,49.1,57,-44.3,329,12.9,223,-17.7" /></mjloggm>