<mjloggm ver="2.3"><GO type="225" lobby="0"/><UN n0="%E9%BB%99%E8%81%B4%E3%81%AE%E3%81%99%E3%82%9D%E3%82%81" n1="%E6%98%93%E5%88%A9%E8%96%A9%E4%BC%AF" n2="%E6%97%A5%E6%9B%9C%E6%97%A5%E3%82%88%E3%82%8A%E3%81%AE%E4%BD%BF%E8%80%85" n3="%E8%83%83%E3%81%A8%E8%85%B8" dan="16,17,16,16" rate="2160.17,2190.80,2145.45,2132.07" sx="M,F,M,M"/><TAIKYOKU oya="0"/><INIT seed="0,0,0,2,3,120" ten="250,250,250,250" oya="0" hai0="53,30,56,103,77,93,5,131,54,51,11,16,35" hai1="58,18,13,37,38,112,68,49,108,67,90,115,64" hai2="63,41,83,57,48,33,101,36,7,32,55,92,107" hai3="40,105,6,127,110,111,8,52,3,71,60,91,78"/><T31/><D131/><U73/><E73/><V133/><F107/><W72/><G105/><T66/><D35/><U21/><E68/><V84/><F36/><W10/><G127/><T95/><D66/><U102/><E102/><V80/><F7/><W9/><G40/><T135/><D135/><U34/><E34/><V113/><F113/><N who="1" m="43593" /><E108/><N who="3" m="41514" /><G91/><T12/><D77/><U98/><E49/><V59/><F41/><W62/><G71/><T123/><D123/><U45/><E45/><V70/><F70/><W74/><G62/><N who="0" m="36111" /><D5/><U65/><E58/><V43/><F43/><W106/><G106/><T81/><D81/><U125/><E125/><V27/><F80/><N who="3" m="45127" /><G74/><T4/><D4/><U89/><E89/><V130/><F63/><W76/><G76/><T47/><D103/><U39/><E39/><V29/><F101/><W117/><G117/><T134/><D134/><U88/><E90/><V97/><F133/><W20/><G20/><T118/><D118/><U121/><E121/><V128/><F33/><W69/><G52/><T132/><D132/><U24/><E38/><V1/><F55/><W25/><G25/><T129/><D129/><U116/><E37/><V42/><F128/><W85/><G85/><T61/><D61/><U50/><E116/><V15/><F130/><W46/><G46/><T22/><D22/><N who="1" m="11599" /><E50/><V26/><F48/><W79/><G79/><T94/><AGARI ba="0,0" hai="11,12,16,30,31,47,51,54,93,94,95" m="36111" machi="94" ten="30,3000,0" yaku="8,1,54,1" doraHai="120" who="0" fromWho="0" sc="250,30,250,-10,250,-10,250,-10" /><INIT seed="0,1,0,2,0,100" ten="280,240,240,240" oya="0" hai0="49,34,131,72,54,94,45,85,39,112,116,47,11" hai1="122,113,25,70,21,104,1,4,20,43,37,14,78" hai2="13,123,68,102,24,132,79,90,88,62,52,50,101" hai3="86,18,60,111,124,19,107,64,63,121,35,80,129"/><T57/><D72/><U38/><E70/><V10/><F123/><W114/><G114/><T0/><D116/><U105/><E122/><V44/><F79/><W53/><G121/><T135/><D34/><U56/><E113/><V119/><F132/><W42/><G111/><T27/><D112/><U3/><E78/><V55/><F24/><W133/><G133/><T8/><D131/><U96/><E56/><N who="2" m="35079" /><F68/><W128/><G35/><T117/><D117/><U77/><E77/><V12/><F119/><W6/><G6/><T32/><D135/><U134/><E134/><V51/><F51/><W75/><G42/><T106/><D106/><U59/><E59/><V91/><F13/><W82/><G53/><T97/><D85/><U74/><E74/><V98/><F98/><W58/><G75/><T127/><D127/><U17/><E96/><V48/><F48/><W61/><G124/><T26/><D0/><U5/><E25/><N who="0" m="9225" /><D39/><U99/><E99/><V7/><AGARI ba="1,0" hai="7,10,12,44,50,55,88,90,91,101,102" m="35079" machi="7" ten="30,4000,0" yaku="8,1,54,2" doraHai="100" who="2" fromWho="2" sc="280,-21,240,-11,240,43,240,-11" /><INIT seed="1,0,0,3,1,49" ten="259,229,283,229" oya="1" hai0="46,125,109,94,54,90,83,56,15,102,100,5,91" hai1="132,95,82,6,62,80,89,74,75,122,86,30,65" hai2="59,4,7,42,135,27,57,69,84,55,93,1,118" hai3="124,114,108,12,18,88,31,14,70,127,104,44,60"/><U19/><E122/><V53/><F69/><W64/><G104/><T133/><D109/><U113/><E113/><V92/><F118/><W68/><G114/><T17/><D5/><N who="2" m="2122" /><F1/><W50/><G108/><T71/><D71/><U134/><E6/><V52/><F135/><N who="1" m="51753" /><E30/><V76/><F42/><W36/><G36/><T87/><D46/><U120/><E19/><V22/><F76/><W131/><G68/><T73/><D125/><N who="3" m="48201" /><G131/><T23/><D133/><U81/><E120/><V16/><F84/><W130/><G31/><T115/><D115/><U21/><E21/><V112/><F112/><W8/><G14/><T123/><D123/><U11/><E11/><V26/><F27/><W45/><G130/><T47/><D47/><N who="3" m="17993" /><G50/><N who="0" m="30807" /><D73/><N who="1" m="27659" /><E65/><V34/><F34/><W105/><G105/><T79/><D79/><N who="1" m="46367" /><E62/><V0/><F0/><W121/><G121/><T41/><D41/><U32/><E32/><V40/><F40/><W3/><G3/><T58/><D58/><AGARI ba="0,0" hai="16,22,26,52,53,55,57,58,59,92,93" m="2122" machi="58" ten="30,12000,2" yaku="8,1,52,3,54,2" doraHai="49" who="2" fromWho="0" sc="259,-120,229,0,283,120,229,0" /><INIT seed="2,0,0,4,4,105" ten="139,229,403,229" oya="2" hai0="3,91,122,93,61,41,31,48,19,16,22,4,62" hai1="53,25,7,102,15,85,66,49,104,78,26,106,87" hai2="82,75,76,12,32,5,84,98,110,129,58,70,9" hai3="2,135,55,10,46,17,113,103,64,0,40,6,56"/><V89/><F70/><W13/><G135/><T95/><D122/><U131/><E66/><V60/><F32/><W128/><G128/><T24/><D3/><U51/><E131/><V36/><F36/><W71/><G113/><T125/><D4/><U124/><E124/><V114/><F114/><W101/><G64/><T100/><D125/><U72/><E72/><V28/><F28/><W117/><G71/><T23/><D31/><U99/><E104/><V27/><F27/><W97/><G117/><T33/><D33/><U88/><E78/><V80/><F110/><W30/><G30/><T115/><D115/><U123/><E87/><V14/><F98/><W107/><G101/><T38/><D38/><U20/><E51/><V34/><F34/><W18/><G2/><T120/><D120/><U130/><E130/><V65/><REACH who="2" step="1"/><F129/><REACH who="2" ten="139,229,393,229" step="2"/><W126/><G126/><T42/><D100/><U45/><E123/><V43/><F43/><W83/><G40/><T94/><D42/><U133/><E133/><V79/><F79/><W63/><G103/><T8/><D91/><U69/><E69/><V112/><F112/><W81/><G97/><T47/><REACH who="0" step="1"/><D8/><REACH who="0" ten="129,229,393,229" step="2"/><U67/><E88/><V57/><F57/><N who="3" m="35263" /><G10/><T1/><D1/><AGARI ba="0,2" hai="1,5,9,12,14,58,60,65,75,76,80,82,84,89" machi="1" ten="30,11600,0" yaku="1,1,7,1,52,1,53,1" doraHai="105" doraHaiUra="73" who="2" fromWho="0" sc="129,-116,229,0,393,136,229,0" /><INIT seed="2,1,0,1,4,7" ten="13,229,529,229" oya="2" hai0="63,87,83,28,11,98,105,70,134,52,66,35,94" hai1="97,130,15,127,71,67,122,60,125,93,133,29,21" hai2="4,54,59,50,73,81,78,36,68,5,121,119,85" hai3="46,88,49,131,100,42,80,106,86,120,112,6,126"/><V111/><F119/><W41/><G120/><T117/><D134/><U1/><E1/><V92/><F121/><W109/><G109/><T30/><D117/><U101/><E122/><V107/><F68/><W113/><G126/><N who="1" m="48138" /><E130/><V14/><F36/><W102/><G131/><T55/><D30/><U18/><E29/><V47/><F107/><W84/><G106/><T95/><D95/><U24/><E133/><V23/><F111/><W129/><G129/><T45/><D45/><U108/><E108/><V99/><F73/><W89/><G6/><T40/><D40/><U61/><E61/><V114/><F114/><N who="3" m="44139" /><G42/><T72/><D11/><U38/><E38/><V132/><F132/><W13/><G13/><AGARI ba="1,0" hai="13,15,18,21,24,60,67,71,93,97,101" m="48138" machi="13" ten="30,1000,0" yaku="18,1" doraHai="7" who="1" fromWho="3" sc="13,0,229,13,529,0,229,-13" /><INIT seed="3,0,0,4,1,124" ten="13,242,529,216" oya="3" hai0="68,27,114,23,11,70,101,135,119,34,4,1,89" hai1="100,47,25,112,125,5,2,105,37,113,58,55,94" hai2="19,122,8,132,104,28,67,131,86,46,56,44,29" hai3="20,66,99,41,87,50,126,35,80,38,106,91,51"/><W93/><G35/><T95/><D101/><U14/><E105/><V133/><F131/><W121/><G121/><T103/><D103/><U40/><E2/><V130/><F130/><W52/><G126/><T102/><D102/><U96/><E125/><V18/><F104/><W16/><G106/><T88/><D70/><U72/><E72/><V116/><F116/><W45/><G66/><T49/><D68/><U60/><REACH who="1" step="1"/><E25/><REACH who="1" ten="13,232,529,216" step="2"/><V9/><F19/><W26/><REACH who="3" step="1"/><G52/><REACH who="3" ten="13,232,529,206" step="2"/><T6/><D119/><U82/><E82/><V39/><F67/><W81/><G81/><T59/><D114/><U84/><E84/><V108/><F122/><W85/><G85/><T43/><D135/><U48/><E48/><V77/><F132/><W110/><G110/><T31/><D49/><U97/><E97/><V17/><F108/><W107/><G107/><T123/><D123/><U10/><AGARI ba="0,2" hai="5,10,14,37,40,47,55,58,60,94,96,100,112,113" machi="10" ten="30,2000,0" yaku="1,1,0,1,53,0" doraHai="124" doraHaiUra="32" who="1" fromWho="1" sc="13,-5,232,40,529,-5,206,-10" owari="8,-49.2,272,7.2,524,62.4,196,-20.4" /></mjloggm>