<mjloggm ver="2.3"><GO type="225" lobby="0"/><UN n0="%E6%9C%88%E5%B3%B6%E5%9F%BA" n1="%77%72%77%72%77%72%77%72" n2="%E7%8D%85%E5%AD%90%E5%BA%A7%E3%81%8B%E3%81%A3%E3%81%B4%E3%83%BC" n3="%E7%B4%94%E6%BD%94%E3%83%94%E3%83%A9%E3%83%8B%E3%82%A2" dan="17,16,16,17" rate="2202.81,2112.40,2137.16,2179.20" sx="M,M,M,M"/><TAIKYOKU oya="0"/><INIT seed="0,0,0,2,1,118" ten="250,250,250,250" oya="0" hai0="123,86,72,30,1,3,13,24,17,135,96,66,105" hai1="91,121,21,75,74,65,34,128,94,68,14,31,69" hai2="82,46,127,112,56,37,106,15,61,81,79,45,103" hai3="77,48,25,11,98,16,99,130,117,85,33,35,54"/><T84/><D72/><U44/><E121/><V115/><F127/><W36/><G36/><T122/><D66/><U20/><E128/><V6/><F82/><W132/><G117/><T87/><D135/><U67/><E34/><V38/><F38/><W92/><G130/><T71/><D71/><U8/><E31/><V50/><F37/><W22/><G132/><T39/><D39/><U52/><E69/><V113/><F46/><W88/><G35/><T70/><D70/><U104/><E104/><V83/><F83/><N who="3" m="47343" /><G33/><T129/><D129/><U90/><E90/><V109/><F109/><W29/><G11/><T60/><D60/><U62/><E74/><V134/><F134/><W59/><G29/><T12/><D30/><U19/><E75/><V27/><F27/><W53/><G53/><T7/><D24/><U9/><E20/><V0/><F0/><W55/><G54/><T126/><D126/><U131/><E131/><V64/><F103/><W47/><G99/><T133/><D133/><U4/><E4/><V2/><F2/><W5/><G5/><T18/><D7/><U95/><E95/><V108/><F106/><W23/><G23/><T100/><D3/><U41/><E41/><N who="2" m="24879" /><F6/><W107/><G107/><T26/><D26/><U116/><E116/><V97/><F15/><N who="0" m="5706" /><D1/><U63/><E65/><V110/><F97/><W49/><G47/><T40/><D40/><U80/><E80/><V114/><N who="2" m="28672" /><DORA hai="101" /><V76/><F76/><W119/><G119/><T28/><D28/><U120/><E44/><V93/><F93/><W73/><G73/><T58/><D58/><RYUUKYOKU ba="0,0" sc="250,10,250,-30,250,10,250,10" hai0="17,18,84,86,87,96,100,105,122,123" hai2="56,61,64,79,81,108,110" hai3="16,22,25,48,49,55,59,88,92,98" /><INIT seed="0,1,0,0,3,51" ten="260,220,260,260" oya="0" hai0="52,99,62,85,72,89,20,4,116,3,11,65,81" hai1="75,54,64,63,19,14,37,126,110,66,23,16,57" hai2="25,27,56,70,43,102,96,79,122,118,91,106,104" hai3="115,61,60,45,100,12,123,69,41,97,48,15,8"/><T35/><D35/><U131/><E75/><V77/><F70/><W22/><G115/><T121/><D116/><U92/><E37/><V101/><F43/><W128/><G128/><T29/><D121/><U112/><E131/><V87/><F122/><W68/><G123/><T28/><D72/><U103/><E112/><V124/><F56/><W113/><G113/><T34/><D34/><U42/><E42/><V67/><F67/><W6/><G68/><T53/><D99/><N who="1" m="59879" /><E110/><V13/><F13/><W55/><G69/><T71/><REACH who="0" step="1"/><D28/><REACH who="0" ten="250,220,260,260" step="2"/><U88/><E126/><V114/><F118/><W107/><G41/><T31/><D31/><U130/><E130/><V82/><F124/><W49/><REACH who="3" step="1"/><G48/><REACH who="3" ten="250,220,260,250" step="2"/><T132/><D132/><U80/><E19/><AGARI ba="1,2" hai="6,8,12,15,19,22,45,49,55,60,61,97,100,107" machi="19" ten="40,8000,1" yaku="1,1,2,1,52,1,53,1" doraHai="51" doraHaiUra="93" who="3" fromWho="1" sc="250,0,220,-83,260,0,250,103" /><INIT seed="1,0,0,4,1,79" ten="250,137,260,353" oya="1" hai0="0,105,108,82,7,126,52,24,62,96,49,10,100" hai1="51,74,89,77,116,12,47,78,57,15,31,37,45" hai2="39,44,90,46,88,5,128,135,115,123,129,32,36" hai3="72,56,58,25,9,41,127,60,13,130,118,87,134"/><U26/><E116/><V121/><F32/><W98/><G72/><T84/><D108/><U48/><E37/><V107/><F5/><W95/><G118/><T14/><D126/><U104/><E104/><V71/><F107/><W30/><G127/><T6/><D62/><U109/><E109/><V50/><F71/><W68/><G130/><N who="2" m="50281" /><F115/><W131/><G134/><T75/><D75/><U43/><E57/><V132/><F90/><W103/><G41/><T28/><D6/><U38/><E38/><N who="2" m="14379" /><F88/><W91/><G68/><T67/><D0/><U125/><E125/><V64/><F64/><W20/><G131/><T59/><D67/><U106/><E106/><V53/><F44/><W73/><G73/><T18/><D7/><U3/><E3/><V83/><F83/><N who="3" m="49663" /><G60/><T27/><REACH who="0" step="1"/><D28/><REACH who="0" ten="240,137,260,353" step="2"/><U124/><E124/><V2/><F2/><W55/><G55/><T112/><D112/><U11/><E74/><V92/><F92/><W70/><G70/><T80/><D80/><U61/><E61/><V85/><F85/><W97/><G98/><T117/><D117/><U69/><E69/><V16/><F16/><AGARI ba="0,1" hai="9,13,16,20,25,30,56,58,95,97,103" m="49663" machi="16" ten="30,3900,0" yaku="8,1,52,1,54,1" doraHai="79" who="3" fromWho="2" sc="240,0,137,0,260,-39,353,49" /><INIT seed="2,0,0,1,4,109" ten="240,137,221,402" oya="2" hai0="111,132,1,77,79,87,102,54,99,60,0,129,9" hai1="23,71,76,34,86,25,88,135,48,19,59,81,33" hai2="108,80,112,16,94,91,26,37,50,29,40,104,66" hai3="35,114,42,44,32,100,117,22,74,5,107,70,96"/><V83/><F104/><W51/><G117/><T69/><D111/><U49/><E135/><V115/><F108/><W47/><G70/><T133/><D129/><U92/><E71/><V28/><F37/><W113/><G74/><T53/><D87/><U6/><E6/><V105/><F105/><W93/><G5/><T11/><D69/><U14/><E25/><V119/><F66/><W58/><G58/><T90/><D90/><U24/><E24/><V124/><F119/><W8/><G8/><T18/><D18/><U56/><E33/><V17/><F124/><W62/><G62/><T45/><D60/><U127/><E34/><V31/><F50/><N who="3" m="26903" /><G22/><T67/><D45/><U85/><E127/><V120/><F40/><N who="3" m="25063" /><G93/><T126/><D67/><U61/><REACH who="1" step="1"/><E56/><REACH who="1" ten="240,127,221,402" step="2"/><V43/><F120/><W52/><G35/><T106/><D126/><U98/><E98/><V131/><F131/><W12/><G32/><T89/><D99/><U123/><E123/><V121/><F121/><W101/><G12/><T10/><D132/><U39/><E39/><V75/><F26/><W4/><G4/><T63/><D133/><U68/><E68/><V20/><F31/><W15/><G15/><T116/><D1/><U122/><E122/><V118/><F28/><W125/><G125/><T57/><D57/><U36/><E36/><V30/><F29/><W130/><G130/><T27/><D27/><U82/><E82/><V84/><F30/><W128/><G128/><T103/><D0/><U21/><E21/><V38/><F20/><W72/><G96/><N who="0" m="61767" /><D116/><U46/><E46/><V65/><F118/><RYUUKYOKU ba="0,1" sc="240,-10,127,30,221,-10,402,-10" hai1="14,19,23,48,49,59,61,76,81,85,86,88,92" /><INIT seed="3,1,1,3,0,45" ten="230,157,211,392" oya="3" hai0="100,99,109,2,71,35,93,10,31,46,86,67,127" hai1="13,7,94,88,34,51,57,77,65,110,83,61,84" hai2="105,24,92,62,118,133,120,39,78,37,18,43,9" hai3="116,48,107,130,63,28,102,117,6,125,17,3,96"/><W23/><G28/><T4/><D109/><U21/><E110/><V121/><F118/><W64/><G125/><T58/><D127/><U73/><E34/><V38/><F105/><W52/><G130/><T135/><D135/><U55/><E7/><V132/><F78/><W27/><G3/><T124/><D71/><U70/><E13/><N who="2" m="7471" /><F92/><W11/><G11/><T128/><D10/><U14/><E14/><V0/><F0/><W19/><G19/><T81/><D4/><U59/><REACH who="1" step="1"/><E21/><REACH who="1" ten="230,147,211,392" step="2"/><V66/><F24/><W111/><G6/><T76/><D35/><U44/><AGARI ba="1,2" hai="44,51,55,57,59,61,65,70,73,77,83,84,88,94" machi="44" ten="20,12000,2" yaku="1,1,2,1,0,1,7,1,52,1,54,1,53,1" doraHai="45" doraHaiUra="75" who="1" fromWho="1" sc="230,-31,147,143,211,-31,392,-61" owari="199,-20.1,290,9.0,180,-32.0,331,43.1" /></mjloggm>