<mjloggm ver="2.3"><GO type="225" lobby="0"/><UN n0="%E3%83%A9%E3%82%B9%E7%8E%87%EF%BC%93%E5%89%B2" n1="%E7%89%B9%E6%9D%B1%E3%81%AF%E4%B8%96%E7%95%8C%E3%82%92%E6%95%91%E3%81%86" n2="%E8%91%B1%E9%96%93%E8%91%B1%E6%8A%9C" n3="%E6%98%93%E5%88%A9%E8%96%A9%E4%BC%AF" dan="16,16,16,17" rate="2141.83,2187.79,2078.34,2162.62" sx="F,M,F,F"/><TAIKYOKU oya="0"/><INIT seed="0,0,0,2,5,18" ten="250,250,250,250" oya="0" hai0="108,116,119,33,41,73,118,11,15,9,56,39,10" hai1="19,82,110,103,51,13,94,85,44,67,105,31,125" hai2="126,16,7,45,42,48,81,96,30,112,128,114,107" hai3="109,58,91,129,57,122,115,34,55,133,124,4,69"/><T65/><D73/><U22/><E110/><V54/><F128/><W134/><G34/><T132/><D33/><U62/><E125/><V101/><F126/><W89/><G124/><T60/><D108/><U24/><E105/><V27/><F7/><W12/><G69/><T120/><D120/><U75/><E75/><V111/><F111/><W29/><G115/><T8/><D132/><N who="3" m="50793" /><G129/><T87/><D87/><U21/><E94/><V77/><F42/><W117/><G117/><T98/><D98/><U76/><E103/><V100/><F100/><W79/><G79/><T3/><D3/><U80/><E85/><V99/><F99/><W32/><G58/><T131/><D131/><U43/><REACH who="1" step="1"/><E76/><REACH who="1" ten="250,240,250,250" step="2"/><V35/><REACH who="2" step="1"/><F16/><REACH who="2" ten="250,240,240,250" step="2"/><W64/><G109/><T59/><D119/><U49/><E49/><V104/><F104/><W36/><G36/><T46/><REACH who="0" step="1"/><D59/><AGARI ba="0,2" hai="13,19,21,22,24,31,43,44,51,59,62,67,80,82" machi="59" ten="30,12000,2" yaku="1,1,7,1,8,1,52,2,53,1" doraHai="18" doraHaiUra="23" who="1" fromWho="0" sc="250,-120,240,140,240,0,250,0" /><INIT seed="1,0,0,5,1,123" ten="130,380,240,250" oya="1" hai0="27,14,117,98,62,135,52,74,128,5,41,101,115" hai1="131,129,125,90,84,89,59,132,8,33,26,15,103" hai2="122,28,121,56,22,32,23,109,119,114,64,18,43" hai3="126,100,133,124,58,127,45,92,48,96,78,11,95"/><U79/><E132/><V85/><F119/><W10/><G133/><T25/><D74/><U93/><E125/><V49/><F32/><W69/><G69/><T82/><D117/><U102/><E79/><V94/><F28/><W30/><G78/><T7/><D115/><U67/><E89/><V77/><F114/><W36/><G30/><T76/><D128/><N who="1" m="49227" /><E26/><V38/><F38/><W21/><G21/><T68/><D41/><U60/><E33/><V134/><F134/><W88/><G58/><T75/><D135/><U19/><AGARI ba="0,0" hai="8,15,19,59,60,67,84,90,93,102,103" m="49227" machi="19" ten="30,1500,0" yaku="19,1" doraHai="123" who="1" fromWho="1" sc="130,-5,380,15,240,-5,250,-5" /><INIT seed="1,1,0,2,1,77" ten="125,395,235,245" oya="1" hai0="130,22,106,15,118,95,6,126,33,47,68,21,81" hai1="11,120,132,75,135,116,32,2,102,94,17,78,1" hai2="18,48,86,60,31,51,83,52,39,80,72,44,43" hai3="16,63,27,20,12,98,69,121,30,5,113,134,54"/><U79/><E116/><V66/><F31/><W24/><G121/><T9/><D106/><U76/><E32/><V105/><F105/><W71/><G113/><T56/><D68/><U37/><E37/><V38/><F72/><W46/><G134/><N who="1" m="51242" /><E120/><V73/><F73/><W92/><G5/><T107/><D107/><U91/><E102/><V45/><F18/><W124/><G124/><T74/><D33/><U85/><E75/><V109/><F109/><W8/><G27/><T25/><D126/><U101/><E101/><V35/><F35/><W57/><REACH who="3" step="1"/><G46/><REACH who="3" ten="125,395,235,235" step="2"/><T34/><D118/><U23/><E11/><V82/><REACH who="2" step="1"/><F86/><REACH who="2" ten="125,395,225,235" step="2"/><W133/><G133/><T41/><D74/><U49/><E49/><V58/><AGARI ba="1,2" hai="38,39,43,44,45,48,51,52,58,60,66,80,82,83" machi="58" ten="30,12000,2" yaku="1,1,2,1,0,1,52,3,54,1,53,0" doraHai="77" doraHaiUra="88" who="2" fromWho="2" sc="125,-31,395,-61,225,143,235,-31" /><INIT seed="2,0,0,3,1,54" ten="94,334,368,204" oya="2" hai0="89,20,33,117,85,109,64,125,56,86,29,38,8" hai1="67,26,135,22,41,21,62,87,24,114,23,101,79" hai2="72,129,119,99,123,105,27,76,12,134,30,48,102" hai3="55,39,7,120,112,106,80,96,4,78,2,51,5"/><V97/><F119/><W77/><G39/><T6/><D33/><U113/><E101/><V46/><F123/><W1/><G120/><T34/><D34/><U65/><E41/><V50/><F134/><W31/><G31/><T91/><D38/><U59/><E135/><V122/><F122/><W118/><G78/><T61/><D109/><U57/><E79/><V14/><F99/><W11/><G2/><T133/><D133/><U121/><E87/><V132/><F132/><W44/><G112/><N who="1" m="43114" /><E62/><V71/><F71/><W73/><G118/><T110/><D110/><U3/><E3/><V58/><F58/><N who="1" m="22025" /><E121/><V88/><F76/><W103/><AGARI ba="0,0" hai="1,4,5,7,11,44,51,55,73,77,80,96,103,106" machi="103" ten="30,1100,0" yaku="0,1" doraHai="54" who="3" fromWho="3" sc="94,-3,334,-3,368,-5,204,11" /><INIT seed="3,0,0,1,1,36" ten="91,331,363,215" oya="3" hai0="24,49,3,91,96,67,72,73,119,79,82,66,81" hai1="17,113,55,35,118,22,97,50,40,51,16,135,106" hai2="45,76,58,29,103,130,30,80,12,53,65,48,109" hai3="89,94,19,87,23,63,15,27,95,100,86,37,10"/><W13/><G37/><T104/><D3/><U31/><E113/><V39/><F109/><W84/><G63/><T9/><D9/><U18/><E35/><V112/><F112/><W131/><G131/><T60/><D49/><U129/><E129/><V124/><F124/><W123/><G123/><T85/><D119/><U102/><E118/><V101/><F130/><W110/><G110/><T114/><D114/><U28/><E135/><V14/><F39/><W43/><G43/><T90/><D24/><U83/><E83/><V6/><F76/><W59/><G59/><T1/><D1/><U88/><E22/><V32/><F80/><W120/><G120/><T33/><D60/><U26/><E26/><V64/><F14/><W107/><G107/><T42/><D33/><U98/><E88/><V128/><F128/><W75/><G75/><T127/><D96/><N who="1" m="36971" /><E102/><N who="2" m="38923" /><F32/><W125/><G100/><T8/><D8/><U134/><E106/><V44/><F44/><W74/><G74/><T115/><D115/><U99/><E99/><V11/><F45/><W105/><G105/><T122/><D104/><U78/><E78/><V52/><F53/><W2/><G2/><T62/><D62/><U133/><E50/><V116/><F116/><W92/><G125/><T25/><D79/><U47/><E55/><V93/><F93/><N who="3" m="35947" /><G15/><T132/><D127/><U56/><E134/><V38/><F38/><W34/><G34/><T69/><D132/><U126/><E133/><V4/><F4/><AGARI ba="0,0" hai="4,10,13,19,23,27,84,86,87,89,95" m="35947" machi="4" ten="30,1500,0" yaku="8,1" doraHai="36" who="3" fromWho="2" sc="91,0,331,0,363,-15,215,15" /><INIT seed="3,1,0,3,4,72" ten="91,331,348,230" oya="3" hai0="25,133,128,35,60,1,36,12,2,0,115,88,61" hai1="86,103,47,52,66,118,102,11,125,119,95,9,67" hai2="57,129,43,132,5,87,94,73,81,104,50,17,23" hai3="112,79,85,40,49,108,45,28,90,131,41,135,91"/><W127/><G112/><T51/><D115/><U55/><E86/><V116/><F116/><N who="1" m="44585" /><E125/><V33/><F33/><W123/><G123/><T48/><D12/><U54/><E47/><N who="2" m="25983" /><F104/><W62/><G127/><T98/><D36/><U92/><E95/><V21/><F73/><W100/><G135/><T63/><D133/><U109/><E109/><V44/><F132/><W10/><G131/><T82/><D128/><U19/><E92/><V16/><F129/><W3/><G100/><N who="1" m="38442" /><E19/><N who="2" m="7243" /><F44/><W56/><G28/><T32/><D25/><U110/><E110/><V26/><F94/><W78/><G40/><T124/><D124/><U134/><E134/><V74/><F74/><W7/><G108/><T31/><D31/><U120/><E120/><V70/><F70/><W46/><G46/><T58/><D58/><U68/><E68/><V69/><F69/><W37/><G37/><T18/><D18/><U96/><E96/><V71/><F71/><W130/><G130/><T20/><D20/><N who="2" m="7754" /><F26/><W126/><G126/><T105/><D98/><U106/><E106/><V8/><F57/><W15/><G3/><T114/><D105/><U14/><E14/><N who="2" m="5391" /><F87/><W111/><G111/><T59/><D59/><U6/><E11/><V64/><F81/><N who="3" m="49455" /><G91/><T80/><D114/><U107/><E107/><V27/><F27/><W117/><G117/><T13/><D13/><U113/><E113/><V22/><N who="2" m="7762" /><V122/><DORA hai="97" /><F122/><W53/><AGARI ba="1,0" hai="7,10,15,41,45,49,53,56,62,78,79" m="49455" machi="53" ten="30,6000,0" yaku="8,1,52,2" doraHai="72,97" who="3" fromWho="3" sc="91,-21,331,-21,348,-21,230,63" /><INIT seed="3,2,0,0,3,117" ten="70,310,327,293" oya="3" hai0="9,86,70,39,60,23,3,115,54,66,127,11,108" hai1="133,90,38,132,99,44,2,27,130,131,31,53,5" hai2="103,129,61,91,101,62,68,135,112,119,123,81,80" hai3="116,63,95,94,111,28,100,121,32,106,21,40,43"/><W104/><G116/><T12/><D108/><U71/><E71/><V45/><F119/><W120/><G21/><T56/><D127/><U122/><E122/><N who="3" m="47210" /><G63/><N who="2" m="24073" /><F123/><W79/><G28/><T102/><D115/><U113/><E113/><V42/><F112/><W1/><G1/><T20/><D102/><N who="2" m="38922" /><F68/><W8/><G8/><T58/><D3/><U46/><E5/><V97/><F135/><N who="1" m="51785" /><E2/><V36/><F36/><W29/><G29/><T19/><D39/><U4/><E4/><V74/><F74/><W82/><G32/><T14/><D70/><U51/><E38/><V25/><F25/><W78/><G111/><T35/><D35/><N who="1" m="20991" /><E44/><V7/><F7/><W52/><G52/><T30/><D30/><U76/><E76/><N who="3" m="29226" /><G82/><N who="2" m="31849" /><F129/><W26/><G26/><T49/><REACH who="0" step="1"/><D86/><REACH who="0" ten="60,310,327,293" step="2"/><U47/><E47/><V89/><F97/><W16/><G100/><T105/><D105/><U13/><E13/><V41/><F45/><W125/><G125/><T59/><D59/><U84/><E99/><V128/><F128/><W17/><G106/><T134/><D134/><U10/><E10/><V98/><F98/><W88/><G104/><T87/><D87/><U110/><E110/><V96/><F96/><W72/><G72/><T18/><AGARI ba="2,1" hai="9,11,12,14,18,19,20,23,49,54,56,58,60,66" machi="18" ten="20,8000,1" yaku="1,1,0,1,7,1,9,1,8,1,53,0" doraHai="117" doraHaiUra="22" who="0" fromWho="0" sc="60,96,310,-22,327,-22,293,-42" owari="156,-34.4,288,8.8,305,40.5,251,-14.9" /></mjloggm>