<mjloggm ver="2.3"><GO type="225" lobby="0"/><UN n0="%E3%83%81%E3%83%AF%E3%83%AF%E9%9A%8A%E9%95%B7" n1="%E5%AF%82%E5%AF%9E%E3%82%AE%E3%83%8D%E3%82%B9%E3%83%93%E3%83%BC%E3%83%AB" n2="%33%74%72%65%65" n3="%4B%2E%32%2E%4B%2E" dan="16,16,16,17" rate="2105.95,2166.35,2170.21,2176.51" sx="M,M,F,M"/><TAIKYOKU oya="0"/><INIT seed="0,0,0,3,3,84" ten="250,250,250,250" oya="0" hai0="133,81,76,127,56,71,131,6,86,106,8,95,101" hai1="99,111,17,91,2,3,65,26,73,28,107,75,33" hai2="51,109,97,93,110,78,119,59,61,48,7,10,132" hai3="29,62,57,85,83,100,124,122,39,128,98,123,31"/><T102/><D71/><U50/><E111/><N who="2" m="42507" /><F132/><W46/><G124/><T40/><D106/><U22/><E50/><V94/><F78/><W87/><G128/><T69/><D69/><U125/><E125/><V43/><F119/><W13/><G13/><T52/><D127/><U14/><E65/><N who="2" m="39103" /><F43/><W21/><G46/><T79/><D131/><U114/><E114/><V72/><F72/><W130/><G39/><T9/><D133/><U118/><E118/><V77/><F77/><W58/><G130/><T126/><D126/><U105/><E105/><V80/><F80/><W0/><G83/><T60/><D76/><U30/><E30/><V135/><F93/><W82/><G82/><T15/><D40/><U70/><E70/><V129/><F135/><W32/><G62/><T38/><D38/><U68/><E68/><V34/><F34/><W89/><G32/><T25/><D25/><U117/><E117/><V37/><F37/><W45/><G31/><T49/><D60/><U92/><REACH who="1" step="1"/><E107/><REACH who="1" ten="250,240,250,250" step="2"/><V4/><F129/><W12/><G29/><T35/><D35/><U104/><E104/><V120/><F48/><W67/><G67/><T42/><D42/><U19/><E19/><V134/><F51/><W96/><G122/><T54/><D54/><U23/><E23/><V47/><F134/><W64/><G21/><T20/><D20/><U90/><E90/><N who="2" m="55511" /><F120/><W103/><G123/><T16/><REACH who="0" step="1"/><D95/><REACH who="0" ten="240,240,250,250" step="2"/><U44/><E44/><V112/><F47/><W63/><G45/><T36/><D36/><U27/><E27/><V1/><F7/><W116/><G64/><T113/><D113/><AGARI ba="0,2" hai="1,4,10,112,113" m="55511,39103,42507" machi="113" ten="30,3900,0" yaku="6,1,14,1,52,1" doraHai="84" who="2" fromWho="0" sc="240,-39,240,0,250,59,250,0" /><INIT seed="1,0,0,2,3,17" ten="201,240,309,250" oya="1" hai0="40,105,71,67,59,97,86,107,45,54,22,4,73" hai1="94,52,95,88,83,38,23,61,1,51,115,10,13" hai2="21,14,68,82,9,48,28,77,85,15,81,70,43" hai3="29,37,108,79,110,111,12,124,32,74,39,20,78"/><U53/><E115/><V116/><F116/><W47/><G124/><T117/><D73/><U33/><E38/><N who="3" m="14346" /><G74/><T62/><D117/><U42/><E33/><V102/><F81/><W7/><G47/><T103/><D4/><U69/><E1/><V84/><F84/><W127/><G127/><T26/><D86/><N who="1" m="50271" /><E69/><V135/><F135/><W122/><G122/><T91/><D91/><U60/><E42/><V125/><F102/><W90/><G90/><T18/><D40/><U120/><E120/><V109/><F109/><W130/><G130/><T3/><D3/><U114/><E114/><V8/><F70/><W93/><G93/><N who="1" m="35338" /><E23/><V30/><F21/><W104/><G104/><T129/><D129/><U35/><E35/><V100/><F68/><W56/><G32/><T36/><D36/><U6/><E53/><V2/><F2/><W89/><G89/><T128/><D128/><U106/><E106/><V16/><F125/><W19/><G79/><T65/><D107/><U5/><E5/><N who="2" m="3343" /><F100/><W126/><G126/><T123/><D123/><U112/><E112/><V46/><AGARI ba="0,0" hai="9,15,16,28,30,43,46,48,77,82,85" m="3343" machi="46" ten="30,4000,0" yaku="25,1,8,1,54,1" doraHai="17" who="2" fromWho="2" sc="201,-10,240,-20,309,40,250,-10" /><INIT seed="2,0,0,1,4,7" ten="191,220,349,240" oya="2" hai0="99,121,129,59,113,127,97,86,89,72,42,30,135" hai1="115,95,105,46,60,114,48,14,38,29,20,93,130" hai2="57,2,107,106,66,9,92,40,0,74,27,108,6" hai3="16,11,116,68,24,133,102,131,90,43,33,67,34"/><V98/><F108/><W58/><G116/><T56/><D121/><U41/><E105/><V53/><F74/><W85/><G68/><T32/><D113/><U3/><E3/><V28/><F0/><W23/><G131/><T104/><D72/><U76/><E130/><V65/><F40/><W37/><G133/><T44/><D129/><U70/><E76/><V5/><F5/><W63/><G102/><T22/><D32/><U39/><E115/><V64/><F92/><W73/><G73/><T19/><D135/><U77/><E77/><V36/><F36/><W71/><G43/><T47/><D30/><U1/><E1/><V55/><F55/><W17/><G37/><T101/><D99/><U69/><E114/><V31/><F31/><W110/><G71/><T134/><D134/><U96/><E95/><V26/><F98/><W10/><G110/><T123/><D123/><U94/><E94/><V111/><F111/><W119/><G119/><T18/><D127/><U126/><E126/><V13/><F2/><W88/><G90/><T21/><D89/><U117/><E117/><V8/><F107/><W100/><G100/><T125/><D101/><N who="1" m="60559" /><E70/><V109/><F106/><W12/><G10/><T52/><D104/><U84/><E84/><V122/><F9/><W50/><G50/><T61/><D125/><U124/><E124/><V4/><F109/><W91/><G91/><T120/><D120/><U82/><E82/><AGARI ba="0,0" hai="11,12,16,17,23,24,33,34,58,63,67,82,85,88" machi="82" ten="30,7700,0" yaku="7,1,52,1,54,2" doraHai="7" who="3" fromWho="1" sc="191,0,220,-77,349,0,240,77" /><INIT seed="3,0,0,4,4,112" ten="191,143,349,317" oya="3" hai0="81,108,22,31,80,35,97,33,48,121,38,57,90" hai1="71,34,54,65,13,9,72,123,49,109,85,107,96" hai2="37,134,7,114,126,17,86,83,82,135,27,20,29" hai3="104,127,133,111,68,93,18,30,129,118,124,64,15"/><W42/><G104/><T51/><D38/><U89/><E34/><V70/><F114/><W103/><G129/><T32/><D121/><U115/><E72/><V25/><F126/><N who="3" m="48171" /><G133/><N who="2" m="50697" /><F70/><W117/><G111/><T106/><D108/><U63/><E109/><V94/><F37/><W122/><G122/><T105/><D51/><U41/><E123/><V53/><F7/><W5/><G5/><T128/><D128/><U102/><E41/><V113/><F113/><W125/><N who="3" m="48179" /><W3/><DORA hai="46" /><G3/><T56/><D56/><U26/><E26/><V79/><F53/><W40/><G30/><T16/><D31/><U74/><E74/><V87/><F94/><W21/><G103/><T132/><D132/><U6/><E115/><V95/><F95/><W67/><G93/><T28/><D106/><U0/><E0/><V116/><F116/><N who="3" m="44651" /><G67/><T4/><D105/><U60/><E65/><V88/><F29/><W75/><G75/><T39/><D28/><U24/><E71/><V78/><F27/><W47/><G47/><T62/><D33/><U73/><E24/><V2/><F2/><W45/><G45/><T43/><D32/><U44/><REACH who="1" step="1"/><E73/><REACH who="1" ten="191,133,349,317" step="2"/><V59/><F25/><W98/><G98/><T100/><D97/><U69/><E69/><V11/><F86/><W130/><G130/><T120/><D35/><U92/><AGARI ba="0,1" hai="6,9,13,44,49,54,60,63,85,89,92,96,102,107" machi="92" ten="20,8000,1" yaku="1,1,0,1,7,1,52,1,53,1" doraHai="112,46" doraHaiUra="84,119" who="1" fromWho="1" sc="191,-20,133,90,349,-20,317,-40" owari="171,-32.9,223,-17.7,329,42.9,277,7.7" /></mjloggm>