<mjloggm ver="2.3"><GO type="225" lobby="0"/><UN n0="%E6%98%93%E5%88%A9%E8%96%A9%E4%BC%AF" n1="%E3%83%87%E3%83%A9%E3%82%B3%E3%83%83%E3%82%B3" n2="%E3%80%93%E3%81%97%E3%83%BC%E3%82%89%E3%80%93" n3="%E3%81%90%E3%81%A1%E3%82%84%E3%81%BE" dan="17,18,16,16" rate="2137.92,2274.24,2248.88,2141.72" sx="F,M,M,M"/><TAIKYOKU oya="0"/><INIT seed="0,0,0,3,0,99" ten="250,250,250,250" oya="0" hai0="37,114,83,125,1,74,29,4,17,48,112,108,135" hai1="24,46,22,23,78,121,120,131,132,85,47,81,88" hai2="69,92,105,98,96,43,6,133,126,100,61,32,26" hai3="64,116,7,67,34,28,97,44,16,19,39,15,104"/><T123/><D123/><U8/><E131/><V106/><F126/><W91/><G116/><T77/><D125/><U71/><E71/><V103/><F133/><W118/><G118/><T76/><D135/><U134/><E132/><V38/><F6/><W13/><G7/><T127/><D127/><U130/><E130/><V21/><F92/><W102/><G91/><T50/><D77/><U87/><E134/><V124/><F124/><W66/><G13/><T111/><D29/><U119/><E119/><V110/><F110/><N who="0" m="42026" /><D17/><U40/><E8/><V109/><F109/><W82/><G82/><T72/><D37/><U117/><E117/><V128/><F128/><W56/><G56/><T75/><D50/><U60/><E60/><V89/><F89/><W63/><G63/><T122/><D48/><U42/><E120/><V52/><F52/><W68/><G68/><T57/><D57/><U2/><E2/><V45/><F21/><N who="1" m="7689" /><E24/><V70/><F61/><W14/><G14/><T115/><D122/><U35/><E35/><V20/><REACH who="2" step="1"/><F32/><REACH who="2" ten="250,250,240,250" step="2"/><W65/><N who="3" m="16384" /><DORA hai="101" /><W53/><G34/><T31/><D31/><AGARI ba="0,1" hai="20,26,31,38,43,45,69,70,96,98,100,103,105,106" machi="31" ten="30,12000,2" yaku="1,1,7,1,9,1,52,4,53,0" doraHai="99,101" doraHaiUra="113,86" who="2" fromWho="0" sc="250,-120,250,0,240,130,250,0" /><INIT seed="1,0,0,3,2,85" ten="130,250,370,250" oya="1" hai0="61,54,2,84,4,0,116,28,118,63,81,50,130" hai1="80,120,131,73,45,53,115,51,105,100,23,114,24" hai2="64,26,13,88,75,65,42,78,79,34,74,41,119" hai3="82,123,68,98,87,36,18,16,97,86,67,117,57"/><U40/><E120/><V90/><F119/><W59/><G123/><T69/><D130/><U43/><E131/><V62/><F13/><W12/><G36/><T60/><D69/><U66/><E66/><N who="2" m="25707" /><F26/><W95/><G117/><T27/><D116/><U14/><E14/><V89/><F62/><W134/><G134/><T122/><D118/><U96/><E73/><N who="2" m="27659" /><F34/><W125/><G125/><T99/><D99/><U38/><E80/><V109/><F109/><W10/><G68/><T17/><D17/><U101/><E101/><V22/><F22/><W76/><G18/><T58/><D4/><U72/><E72/><V70/><F70/><W9/><G9/><T124/><D124/><U121/><E121/><V33/><F33/><W29/><G29/><T110/><D110/><U32/><E32/><V55/><F55/><W129/><G129/><T108/><D108/><U5/><E5/><V25/><F25/><W103/><G97/><T35/><REACH who="0" step="1"/><D122/><REACH who="0" ten="120,250,370,250" step="2"/><U7/><E7/><V71/><F71/><W91/><REACH who="3" step="1"/><G67/><REACH who="3" ten="120,250,370,240" step="2"/><T83/><D83/><AGARI ba="0,2" hai="10,12,16,57,59,76,82,83,86,87,91,95,98,103" machi="83" ten="30,12000,2" yaku="1,1,2,1,7,1,8,1,52,1,54,1,53,0" doraHai="85" doraHaiUra="49" who="3" fromWho="0" sc="120,-120,250,0,370,0,240,140" /><INIT seed="2,0,0,0,0,13" ten="0,250,370,380" oya="2" hai0="50,43,118,60,126,66,71,135,110,122,24,39,134" hai1="73,5,22,23,88,121,83,125,93,12,14,52,89" hai2="25,77,4,68,75,84,61,120,38,85,59,10,87" hai3="90,30,111,16,129,78,51,63,7,79,95,65,70"/><V33/><F120/><W2/><G111/><T115/><D24/><U1/><E125/><V41/><F68/><W28/><G129/><T133/><D122/><U36/><E121/><V32/><F25/><W54/><G7/><T46/><D115/><U98/><E36/><V9/><F9/><W108/><G2/><T57/><D110/><U102/><E1/><N who="2" m="271" /><F59/><W116/><G108/><T58/><D126/><U99/><E73/><V104/><F61/><W47/><G116/><T37/><D118/><U0/><E0/><V114/><F104/><W131/><G131/><T109/><D109/><U26/><E5/><V62/><F62/><W19/><G30/><T80/><D80/><U74/><E74/><V56/><F56/><AGARI ba="0,0" hai="37,39,43,46,50,56,57,58,60,66,71,133,134,135" machi="56" ten="40,8000,1" yaku="20,1,34,3" doraHai="13" who="0" fromWho="2" sc="0,80,250,0,370,-80,380,0" /><INIT seed="3,0,0,2,4,133" ten="80,250,290,380" oya="3" hai0="119,65,46,117,54,55,67,104,24,9,123,134,32" hai1="72,110,35,127,79,60,58,50,3,100,36,31,106" hai2="44,135,28,12,124,63,83,96,75,21,71,38,4" hai3="101,0,43,112,90,48,7,70,85,5,81,45,22"/><W37/><G112/><T42/><D104/><U122/><E122/><V109/><F135/><W19/><G70/><T41/><D9/><U121/><E121/><V95/><F109/><W56/><G0/><T107/><D107/><U113/><E113/><V130/><F130/><W105/><G105/><T16/><D24/><U23/><E50/><V115/><F115/><W108/><G108/><T47/><D32/><U20/><E36/><V129/><F129/><W18/><G101/><T10/><D10/><U34/><E3/><V77/><F4/><N who="3" m="1611" /><G37/><T89/><D123/><U49/><E49/><V99/><F99/><W120/><G120/><T40/><D40/><U8/><E8/><V2/><F2/><W53/><G22/><T94/><D94/><U62/><E106/><V93/><F93/><W33/><G33/><T128/><D128/><U82/><E110/><V125/><F44/><W69/><G69/><T64/><D64/><U84/><E31/><V61/><F38/><W118/><G118/><T92/><D92/><U66/><E66/><V87/><F75/><W14/><G14/><T17/><REACH who="0" step="1"/><D134/><REACH who="0" ten="70,250,290,380" step="2"/><U6/><E34/><V13/><F95/><W1/><G1/><T15/><D15/><U103/><E35/><V86/><F12/><W74/><G43/><T26/><D26/><U27/><E27/><V114/><F13/><W30/><G30/><T29/><D29/><U91/><E23/><V132/><F21/><W126/><G18/><T11/><D11/><U102/><E20/><V39/><F28/><W78/><G19/><T51/><D51/><U97/><E6/><RYUUKYOKU ba="0,1" sc="70,30,250,-10,290,-10,380,-10" hai0="16,17,41,42,46,47,54,55,65,67,89,117,119" owari="100,-40.0,240,-16.0,280,8.0,380,48.0" /></mjloggm>