<mjloggm ver="2.3"><GO type="225" lobby="0"/><UN n0="%E3%81%B2%E3%81%AA%E3%81%AE%E3%82%8A%E3%81%8F" n1="%E7%99%BD%E6%97%A5%E9%9B%AA%E8%8F%9C" n2="%E6%B8%A9%E2%98%85%E6%83%85%E2%98%85%E6%8E%AA%E2%98%85%E7%BD%AE" n3="%43%68%65" dan="16,17,17,16" rate="2083.54,2213.45,2180.37,2123.43" sx="M,M,M,M"/><TAIKYOKU oya="0"/><INIT seed="0,0,0,2,3,33" ten="250,250,250,250" oya="0" hai0="128,103,60,64,10,29,14,79,120,126,12,116,16" hai1="77,47,54,102,131,24,50,40,44,101,74,4,111" hai2="76,63,117,18,133,78,107,3,112,134,124,106,123" hai3="35,67,95,21,46,0,100,118,96,31,22,130,34"/><T43/><D116/><U55/><E111/><V125/><F18/><W56/><G118/><T65/><D120/><U27/><E131/><V132/><F117/><W15/><G130/><T113/><D113/><U39/><E4/><V68/><F63/><N who="3" m="38375" /><G0/><T13/><D128/><U84/><E74/><V5/><F68/><W110/><G110/><T62/><D126/><N who="2" m="48746" /><F112/><W80/><G80/><T129/><D79/><N who="2" m="30250" /><F123/><W38/><G21/><T72/><D72/><U66/><E66/><V86/><F86/><W9/><G46/><T7/><D29/><U99/><E55/><V51/><F51/><W36/><G36/><T89/><D43/><U75/><E75/><V59/><F59/><W127/><G38/><T41/><D41/><U82/><REACH who="1" step="1"/><E102/><REACH who="1" ten="250,240,250,250" step="2"/><V83/><F83/><W8/><G127/><T87/><D103/><U115/><E115/><V53/><F53/><W135/><G100/><T88/><D129/><U104/><AGARI ba="0,1" hai="24,27,39,40,44,47,50,54,77,82,84,99,101,104" machi="104" ten="20,2700,0" yaku="1,1,0,1,7,1,53,0" doraHai="33" doraHaiUra="30" who="1" fromWho="1" sc="250,-13,240,37,250,-7,250,-7" /><INIT seed="1,0,0,5,3,35" ten="237,277,243,243" oya="1" hai0="21,44,119,10,71,55,123,116,3,11,67,49,126" hai1="92,84,29,13,8,131,1,118,5,109,77,15,101" hai2="58,22,107,40,4,128,50,122,86,117,9,115,112" hai3="100,99,60,69,59,19,47,82,91,26,52,120,65"/><U37/><E118/><V96/><F117/><W87/><G120/><T125/><D123/><U130/><E37/><V94/><F122/><W135/><G135/><T114/><D114/><N who="2" m="43562" /><F128/><N who="1" m="49193" /><E29/><V104/><F86/><W66/><G47/><T54/><D71/><U38/><E38/><V57/><F22/><W46/><G46/><T2/><D67/><U61/><E109/><V80/><F80/><W132/><G132/><T34/><D34/><U97/><E61/><V95/><F40/><W129/><G129/><T39/><D39/><U79/><E84/><V76/><F76/><AGARI ba="0,0" hai="1,5,8,13,15,76,77,79,92,97,101" m="49193" machi="76" ten="30,2900,0" yaku="19,1,52,1" doraHai="35" who="1" fromWho="2" sc="237,0,277,29,243,-29,243,0" /><INIT seed="1,1,0,5,3,33" ten="237,306,214,243" oya="1" hai0="5,116,23,7,20,101,24,0,108,26,66,43,131" hai1="115,89,40,76,129,45,124,134,57,128,12,72,133" hai2="1,93,16,49,63,135,53,97,56,28,111,104,36" hai3="119,48,83,10,30,71,68,120,3,64,38,50,126"/><U74/><E115/><V106/><F111/><W59/><G38/><T125/><D66/><U51/><E89/><V123/><F123/><W99/><G120/><T78/><D43/><U95/><E95/><V98/><F36/><W109/><G109/><T32/><D78/><U70/><E70/><V6/><F135/><N who="1" m="51721" /><E76/><V110/><F110/><W42/><G30/><T122/><D101/><U37/><E12/><V39/><F28/><W9/><G68/><T60/><D60/><U67/><E74/><V100/><F39/><W90/><G71/><T58/><D58/><U21/><E21/><V52/><F98/><W121/><G59/><T117/><D108/><U86/><E86/><V114/><F114/><W102/><G102/><T29/><D122/><U103/><E72/><V127/><F127/><W113/><G99/><T85/><D85/><U96/><E124/><V27/><F1/><W13/><G90/><T34/><D125/><U17/><E17/><V107/><F6/><W22/><G126/><T55/><D55/><N who="1" m="31999" /><E67/><V81/><F81/><W75/><G83/><T92/><D92/><U65/><E65/><V88/><F100/><W19/><G75/><T130/><D29/><U18/><E18/><V79/><F79/><W77/><G77/><T15/><D15/><U73/><E73/><V41/><F41/><W94/><G64/><T112/><D112/><U46/><E46/><N who="2" m="27703" /><F107/><W80/><G42/><T105/><D105/><U82/><E82/><V14/><F14/><N who="3" m="7631" /><G113/><T69/><D69/><U47/><E47/><V54/><F54/><W132/><G132/><T4/><D4/><RYUUKYOKU ba="1,0" sc="237,10,306,10,214,10,243,-30" hai0="0,5,7,20,23,24,26,32,34,116,117,130,131" hai1="37,40,45,96,103,128,129" hai2="16,27,53,56,63,88,93,97,104,106" /><INIT seed="1,2,0,0,5,106" ten="247,316,224,213" oya="1" hai0="46,42,107,43,94,35,86,109,74,14,29,47,114" hai1="52,135,121,13,131,117,115,59,75,91,81,101,102" hai2="110,132,56,33,123,36,89,116,24,27,11,26,41" hai3="122,76,2,70,68,127,100,118,5,78,98,6,51"/><U72/><E115/><V20/><F116/><W34/><G122/><T120/><D107/><U63/><E117/><V112/><F123/><W61/><G118/><T65/><D114/><U105/><E121/><V92/><F112/><W82/><G34/><T9/><D65/><U48/><E131/><V25/><F33/><W8/><G127/><T129/><D129/><U32/><E32/><V60/><F110/><W87/><G6/><T38/><D109/><U126/><E126/><V108/><F108/><W80/><G51/><T45/><D74/><U50/><E135/><V39/><F132/><W69/><G61/><T3/><D3/><U4/><E105/><V40/><F11/><W37/><G37/><T17/><D120/><U28/><E28/><N who="2" m="17415" /><F39/><W95/><REACH who="3" step="1"/><G69/><REACH who="3" ten="247,316,224,203" step="2"/><T104/><D38/><U124/><E124/><V31/><F36/><W7/><G7/><T96/><D35/><U0/><E4/><V133/><F31/><W21/><G21/><T62/><D29/><U55/><E50/><V54/><F133/><W88/><G88/><T103/><D62/><U16/><E91/><V44/><F44/><W49/><G49/><T99/><D43/><U66/><E48/><V67/><F54/><W90/><G90/><N who="0" m="53591" /><D42/><U134/><E134/><V30/><F30/><W18/><G18/><T83/><D83/><U79/><E16/><V97/><AGARI ba="2,1" hai="25,26,27,40,41,56,60,67,89,92,97" m="17415" machi="97" ten="30,1100,0" yaku="8,1" doraHai="106" who="2" fromWho="2" sc="247,-5,316,-7,224,27,203,-5" /><INIT seed="2,0,0,3,1,115" ten="242,309,251,198" oya="2" hai0="122,130,134,107,118,37,121,126,24,131,87,116,65" hai1="103,17,55,58,34,61,28,4,133,0,32,84,102" hai2="10,132,124,68,40,117,56,12,30,69,83,3,119" hai3="47,20,31,60,135,59,53,45,113,114,23,109,8"/><V75/><F3/><W11/><G109/><T127/><D107/><U85/><E133/><V6/><F30/><W57/><G135/><T36/><D134/><U2/><E28/><V100/><F132/><W29/><G53/><T63/><D87/><U46/><E4/><V7/><F100/><W95/><G95/><T38/><D24/><U74/><E74/><V105/><F105/><W72/><G60/><T64/><D38/><U21/><E46/><V26/><F26/><W1/><REACH who="3" step="1"/><G72/><REACH who="3" ten="242,309,251,188" step="2"/><T35/><D35/><U19/><E61/><AGARI ba="0,1" hai="36,37,61,63,64,65,116,118,121,122,126,127,130,131" machi="61" ten="25,12000,2" yaku="22,2,34,3,52,2" doraHai="115" who="0" fromWho="1" sc="242,130,309,-120,251,0,188,0" /><INIT seed="3,0,0,0,4,30" ten="372,189,251,188" oya="3" hai0="47,130,67,95,91,108,22,33,5,123,65,122,21" hai1="8,12,13,35,105,61,73,128,98,75,135,27,28" hai2="92,44,85,89,56,114,25,55,119,10,52,20,70" hai3="81,79,19,109,107,4,102,36,24,112,78,7,51"/><W80/><G112/><T63/><D33/><U69/><E128/><V23/><F70/><W43/><G36/><T113/><D5/><N who="3" m="2121" /><G107/><T3/><D3/><U59/><E135/><V31/><F119/><W37/><G37/><T126/><D47/><U132/><E132/><V125/><F125/><W84/><G109/><T40/><D40/><U99/><E99/><V16/><F114/><W46/><G102/><T97/><D63/><U68/><E68/><V14/><F44/><W120/><G120/><T54/><D95/><U38/><E38/><V104/><F104/><W117/><G117/><T72/><D54/><U129/><E129/><V103/><F103/><W116/><G116/><T41/><D41/><U106/><E106/><V58/><F58/><W62/><G62/><T50/><D72/><N who="1" m="27723" /><E59/><V133/><F133/><W71/><G71/><T53/><D126/><U76/><E76/><N who="3" m="29226" /><G84/><T29/><D108/><U64/><E8/><V15/><F56/><W2/><G2/><T88/><D130/><U111/><E111/><V115/><F115/><W118/><G118/><T83/><D113/><U66/><E66/><V6/><AGARI ba="0,0" hai="6,10,14,15,16,20,23,25,31,52,55,85,89,92" machi="6" ten="20,8000,1" yaku="0,1,7,1,8,1,54,2" doraHai="30" who="2" fromWho="2" sc="372,-20,189,-20,251,80,188,-40" owari="352,45.2,169,-23.1,331,13.1,148,-35.2" /></mjloggm>