<mjloggm ver="2.3"><GO type="225" lobby="0"/><UN n0="%E6%98%93%E5%88%A9%E8%96%A9%E4%BC%AF" n1="%E6%A1%9C%E8%8A%B1%E9%96%83%E3%80%85" n2="%E3%81%88%E3%81%8C%E3%82%8F%E3%82%8A%E3%81%8A" n3="%E7%99%BD%E6%98%BC%E9%87%8C%E7%9A%84%E5%A4%9C" dan="17,16,16,16" rate="2176.60,2150.80,2135.56,2076.25" sx="F,M,M,M"/><TAIKYOKU oya="0"/><INIT seed="0,0,0,0,4,103" ten="250,250,250,250" oya="0" hai0="110,95,21,24,73,91,35,17,83,47,52,131,96" hai1="104,54,135,125,44,101,39,111,53,129,122,0,100" hai2="107,116,32,64,127,20,9,63,59,81,5,49,80" hai3="56,2,88,68,38,36,11,112,78,79,119,34,128"/><T23/><D131/><U84/><E122/><V121/><F121/><W93/><G68/><T92/><D110/><U70/><E0/><V50/><F32/><W120/><G112/><T71/><D71/><U14/><E70/><V130/><F130/><W60/><G120/><T72/><D35/><U75/><E75/><V102/><F127/><W31/><G34/><T109/><D109/><U69/><E104/><V3/><F116/><W86/><G31/><T8/><D8/><U7/><E39/><V40/><F20/><W77/><G119/><T89/><D83/><U13/><E54/><V51/><REACH who="2" step="1"/><F40/><REACH who="2" ten="250,250,240,250" step="2"/><W106/><G128/><T28/><D23/><U22/><E22/><V134/><F134/><W18/><G106/><T4/><D28/><U117/><E135/><V94/><F94/><W46/><G46/><T27/><D27/><U45/><E44/><V42/><F42/><W26/><G26/><T114/><D114/><U97/><E45/><V90/><F90/><W25/><G25/><T41/><D41/><U108/><E125/><V29/><F29/><W12/><REACH who="3" step="1"/><G2/><REACH who="3" ten="250,250,240,240" step="2"/><T62/><D47/><U133/><E129/><V85/><F85/><W99/><G99/><AGARI ba="0,2" hai="3,5,9,49,50,51,59,63,64,80,81,99,102,107" machi="99" ten="40,2600,0" yaku="1,1,52,1,53,0" doraHai="103" doraHaiUra="105" who="2" fromWho="3" sc="250,0,250,0,240,46,240,-26" /><INIT seed="1,0,0,1,4,17" ten="250,250,286,214" oya="1" hai0="49,48,69,117,125,32,73,122,127,12,30,107,7" hai1="11,95,113,20,14,52,21,68,66,92,54,5,89" hai2="46,33,83,39,84,70,8,132,74,130,75,41,6" hai3="91,116,1,105,128,112,51,63,15,35,23,65,101"/><U57/><E113/><V87/><F132/><W119/><G112/><T81/><D107/><U108/><E108/><V3/><F70/><W104/><G35/><T24/><D69/><U56/><E68/><V29/><F130/><W98/><G1/><T123/><D73/><U13/><E66/><V43/><F43/><W82/><G105/><T99/><D81/><U62/><E14/><V103/><F103/><W124/><G128/><T59/><D99/><N who="1" m="57743" /><E95/><V55/><F55/><W72/><G124/><N who="0" m="47691" /><D59/><U60/><AGARI ba="0,0" hai="5,11,13,20,21,52,54,56,57,60,62" m="57743" machi="60" ten="30,11700,0" yaku="8,1,52,2,54,1" doraHai="17" who="1" fromWho="1" sc="250,-39,250,117,286,-39,214,-39" /><INIT seed="1,1,0,5,1,130" ten="211,367,247,175" oya="1" hai0="77,13,105,48,134,32,19,65,115,88,64,50,7" hai1="125,124,128,121,62,85,83,12,31,100,10,15,70" hai2="126,102,92,22,117,103,101,82,24,106,127,104,129" hai3="99,51,54,123,97,2,80,49,28,25,91,73,42"/><U27/><E121/><V90/><F22/><W18/><G2/><T76/><D105/><N who="2" m="40554" /><F24/><W86/><G123/><T57/><D32/><N who="1" m="20607" /><E100/><V116/><F82/><W37/><G73/><T78/><D7/><U8/><E128/><V114/><F114/><W122/><G37/><T5/><D5/><U61/><E12/><V9/><F9/><N who="1" m="3689" /><E15/><V41/><F41/><W17/><G122/><T46/><D115/><U44/><E44/><V47/><F47/><N who="3" m="25847" /><G28/><T30/><D30/><U110/><E70/><V68/><F68/><W23/><G18/><T111/><D46/><AGARI ba="1,0" hai="17,23,25,46,51,54,80,86,91,97,99" m="25847" machi="46" ten="30,1000,0" yaku="8,1" doraHai="130" who="3" fromWho="0" sc="211,-13,367,0,247,0,175,13" /><INIT seed="2,0,0,1,2,7" ten="198,367,247,188" oya="2" hai0="52,120,88,93,100,74,97,80,112,72,117,51,6" hai1="50,12,67,126,110,105,21,16,57,131,28,118,132" hai2="134,75,40,96,24,103,15,14,58,116,113,82,114" hai3="60,34,25,73,27,69,29,83,70,4,107,38,32"/><V119/><F40/><W43/><G4/><T41/><D112/><N who="2" m="43114" /><F58/><W99/><G43/><T125/><D120/><U49/><E118/><N who="2" m="45099" /><F24/><W53/><G38/><T133/><D117/><U64/><E28/><V127/><F14/><W106/><G53/><T77/><D133/><U90/><E50/><V65/><F15/><W98/><G60/><T44/><D125/><U22/><E22/><V87/><F65/><W102/><G83/><T46/><D74/><U5/><E21/><V59/><F59/><W23/><G73/><T135/><D135/><U81/><E16/><V130/><F134/><W61/><G61/><T129/><D129/><U71/><E12/><V9/><F9/><W104/><G23/><T63/><D6/><U68/><E49/><V76/><F130/><W1/><G1/><T108/><D108/><U11/><E57/><V42/><F42/><W17/><G17/><T47/><D63/><U39/><E67/><V56/><F56/><W31/><G106/><T92/><REACH who="0" step="1"/><D41/><REACH who="0" ten="188,367,247,188" step="2"/><U20/><E5/><V128/><F128/><W35/><G35/><T10/><D10/><U109/><E11/><V62/><F62/><W19/><G19/><T33/><D33/><U84/><E131/><V18/><F127/><W123/><G123/><T54/><D54/><U85/><E126/><V26/><F75/><W111/><G111/><T78/><D78/><U45/><E110/><V55/><F55/><W122/><G122/><T115/><D115/><U89/><E109/><V2/><F76/><W101/><AGARI ba="0,1" hai="25,27,29,31,32,34,69,70,98,99,101,102,104,107" machi="101" ten="30,12000,2" yaku="0,1,32,3,33,3" doraHai="7" who="3" fromWho="3" sc="188,-30,367,-30,247,-60,188,130" /><INIT seed="3,0,0,3,0,133" ten="158,337,187,318" oya="3" hai0="39,64,77,16,132,122,21,65,19,28,80,69,93" hai1="118,25,12,134,76,10,15,66,68,60,7,111,130" hai2="113,29,125,92,23,31,35,18,59,108,71,22,100" hai3="56,3,86,48,30,20,97,54,126,114,115,42,107"/><W27/><G3/><T32/><D122/><U11/><E134/><V33/><F71/><W121/><G121/><T123/><D123/><U62/><E111/><V124/><F59/><W37/><G126/><N who="2" m="48745" /><F113/><W13/><G37/><T101/><D132/><U90/><E25/><N who="2" m="14551" /><F108/><W58/><G58/><T84/><D39/><U135/><E130/><V26/><F100/><W75/><G75/><T43/><D43/><U78/><E118/><V40/><F92/><W6/><G42/><T131/><D131/><U82/><E60/><V96/><F96/><W88/><G97/><T55/><D32/><N who="2" m="12362" /><F40/><W128/><G128/><T105/><D105/><U1/><E135/><V98/><F98/><W112/><G107/><T129/><D129/><U9/><E68/><V120/><F120/><W57/><G57/><T103/><D93/><U116/><E62/><V0/><F0/><W95/><G114/><T46/><D69/><U45/><E1/><V47/><F47/><W87/><G87/><T49/><D101/><U99/><E45/><V44/><F44/><W34/><G112/><T94/><D94/><U109/><E99/><V67/><F67/><N who="0" m="25674" /><D103/><U106/><E66/><V4/><F4/><W50/><G115/><T91/><D77/><U51/><E78/><V36/><F36/><W8/><G34/><T17/><D28/><AGARI ba="0,0" hai="23,26,28,29,31" m="12362,14551,48745" machi="28" ten="30,12000,2" yaku="18,1,34,2,52,3" doraHai="133" who="2" fromWho="0" sc="158,-120,337,0,187,120,318,0" owari="38,-46.2,337,43.7,307,-9.3,318,11.8" /></mjloggm>