<mjloggm ver="2.3"><GO type="225" lobby="0"/><UN n0="%E3%81%8B%E3%82%8F%E3%81%A1%E3%82%83%E3%82%93%35%38" n1="%E6%9C%88%E5%B3%B6%E5%9F%BA" n2="%E9%B3%B3%E6%9D%B1%E3%81%AE%E3%81%86%E3%81%95%E3%81%8E%E3%81%95%E3%82%93" n3="%70%68%65%6E%6F%6D%65" dan="16,16,17,16" rate="2159.75,2086.66,2187.44,2160.66" sx="M,M,M,M"/><TAIKYOKU oya="0"/><INIT seed="0,0,0,1,2,56" ten="250,250,250,250" oya="0" hai0="101,0,135,72,31,114,75,79,6,94,54,10,34" hai1="55,112,40,91,125,29,88,129,51,93,52,14,1" hai2="23,59,99,119,120,82,53,104,106,89,87,32,48" hai3="80,68,131,67,47,111,66,71,16,15,70,64,21"/><T35/><D114/><U38/><E1/><V65/><F120/><W83/><G111/><T18/><D135/><U27/><E112/><V11/><F32/><W24/><G131/><T45/><D18/><U113/><E113/><V22/><F119/><W96/><G47/><T3/><D3/><U127/><E129/><V74/><F74/><W20/><REACH who="3" step="1"/><G96/><REACH who="3" ten="250,250,250,240" step="2"/><T110/><D110/><U95/><E125/><V12/><F99/><W9/><G9/><T62/><D10/><U115/><E115/><V28/><F11/><W100/><G100/><T105/><D101/><U90/><E127/><V57/><F106/><W73/><G73/><T85/><D45/><U97/><E97/><V36/><F104/><W8/><G8/><T26/><D105/><U108/><E108/><V92/><F87/><W103/><G103/><T2/><D75/><U77/><E93/><V128/><F92/><W41/><G41/><T4/><D72/><U37/><E95/><V102/><F102/><W98/><G98/><T39/><D0/><U78/><E40/><V5/><F128/><W19/><AGARI ba="0,1" hai="15,16,19,20,21,24,64,66,67,68,70,71,80,83" machi="19" ten="40,5200,0" yaku="1,1,0,1,54,1,53,0" doraHai="56" doraHaiUra="121" who="3" fromWho="3" sc="250,-26,250,-13,250,-13,240,62" /><INIT seed="1,0,0,1,1,73" ten="224,237,237,302" oya="1" hai0="132,123,124,84,57,19,48,51,39,44,37,16,77" hai1="2,14,83,133,24,64,76,50,45,52,46,9,113" hai2="131,86,116,70,58,11,130,128,26,12,78,6,67" hai3="47,0,108,36,107,20,119,117,95,18,33,112,43"/><U118/><E113/><V35/><F116/><W80/><G107/><T65/><D39/><U54/><E118/><N who="3" m="45066" /><G112/><T59/><D37/><U75/><E133/><V34/><F70/><W125/><G33/><T53/><D132/><U91/><E2/><V40/><F40/><W126/><G108/><T41/><D124/><N who="3" m="47721" /><G0/><T106/><D106/><U31/><E64/><V122/><F122/><W69/><G69/><T32/><D32/><U55/><E91/><V61/><REACH who="2" step="1"/><F26/><REACH who="2" ten="224,237,227,302" step="2"/><N who="3" m="14615" /><G80/><AGARI ba="0,1" hai="6,11,12,34,35,58,61,67,78,80,86,128,130,131" machi="80" ten="40,12000,2" yaku="1,1,19,1,52,1,53,3" doraHai="73" doraHaiUra="127" who="2" fromWho="3" sc="224,0,237,0,227,130,302,-120" /><INIT seed="2,0,0,3,1,132" ten="224,237,357,182" oya="2" hai0="127,33,9,31,128,125,42,2,56,52,17,110,80" hai1="134,21,27,15,60,10,99,4,65,16,59,22,51" hai2="106,126,41,96,97,98,130,73,75,30,64,114,25" hai3="83,53,29,32,8,107,104,88,23,43,133,13,115"/><V71/><F114/><W119/><G133/><T94/><D42/><U72/><E134/><V57/><F130/><W113/><G119/><T90/><D128/><U14/><E72/><V129/><F129/><W58/><G32/><T101/><D110/><U116/><E116/><V108/><F71/><W12/><G43/><T86/><D31/><U95/><E51/><V123/><F123/><W38/><G38/><T19/><D33/><U46/><E46/><V109/><F106/><W117/><G117/><T35/><D35/><U74/><E74/><V84/><F41/><W111/><G111/><N who="2" m="42569" /><F84/><N who="3" m="50207" /><G23/><T103/><D2/><U100/><E4/><V36/><F126/><N who="0" m="48138" /><D9/><U44/><E44/><V122/><F122/><W50/><G29/><T76/><D17/><U69/><E69/><V120/><F36/><W63/><G8/><T24/><D19/><N who="1" m="12735" /><E10/><V79/><F120/><W49/><G12/><AGARI ba="0,0" hai="12,14,15,16,22,59,60,65,95,99,100" m="12735" machi="12" ten="30,2000,0" yaku="8,1,54,1" doraHai="132" who="1" fromWho="3" sc="224,0,237,20,357,0,182,-20" /><INIT seed="3,0,0,5,0,76" ten="224,257,357,162" oya="3" hai0="54,131,123,33,100,30,135,126,83,32,18,13,132" hai1="130,35,25,124,9,42,85,69,122,108,109,112,41" hai2="15,99,45,55,0,56,116,8,91,64,92,73,107" hai3="110,103,90,26,95,53,14,60,94,127,20,72,101"/><W129/><G127/><T79/><D123/><U7/><E122/><V118/><F0/><W89/><G129/><T65/><D30/><U97/><E112/><V36/><F73/><W93/><G72/><T75/><D126/><U121/><E69/><V58/><F107/><W5/><G110/><T3/><D3/><U50/><E121/><V1/><F1/><W19/><G60/><T51/><D100/><N who="3" m="38473" /><G53/><T27/><D27/><U70/><E25/><V117/><F64/><W134/><G134/><N who="0" m="51243" /><D65/><U4/><E35/><V128/><F128/><W2/><G2/><T24/><D24/><U29/><E70/><V52/><F52/><W6/><G26/><T105/><D105/><U96/><E124/><V119/><F119/><W21/><G20/><N who="0" m="11343" /><D131/><U77/><E130/><V48/><F36/><W22/><G21/><T82/><D82/><U46/><E108/><V39/><F39/><W120/><G120/><T66/><D66/><U10/><E109/><V88/><F116/><W28/><G28/><T31/><D31/><U44/><E29/><V63/><F63/><W102/><N who="3" m="38481" /><W61/><DORA hai="57" /><G61/><T11/><D11/><U98/><E10/><V114/><F55/><W74/><G74/><T34/><D34/><U71/><E9/><V78/><F117/><W81/><G81/><T84/><D75/><U87/><E71/><V106/><F106/><W62/><G62/><T49/><D49/><U38/><E38/><V111/><F111/><W16/><G19/><T43/><D54/><U37/><E37/><V113/><F118/><W12/><G14/><T104/><D104/><RYUUKYOKU ba="0,0" sc="224,15,257,-15,357,-15,162,15" hai0="32,33,43,51,79,83,84" hai3="5,6,12,16,22,89,90,93,94,95" /><INIT seed="3,1,0,0,5,43" ten="239,242,342,177" oya="3" hai0="87,52,85,128,33,12,73,39,110,4,2,61,42" hai1="131,36,41,50,71,10,135,95,118,107,48,69,3" hai2="126,106,56,130,133,37,75,18,100,45,74,21,66" hai3="104,97,102,83,44,51,121,105,38,53,78,11,9"/><W115/><G115/><T114/><D73/><U109/><E95/><V129/><F133/><W84/><G121/><T46/><D33/><U120/><E10/><V117/><F117/><W77/><G104/><T125/><D2/><U70/><E41/><N who="2" m="22703" /><F126/><W7/><G38/><T81/><D125/><U64/><E131/><N who="2" m="50187" /><F66/><W99/><G78/><T23/><D128/><U55/><E50/><V32/><F32/><W28/><G7/><T17/><D110/><U60/><E3/><V80/><F56/><W96/><REACH who="3" step="1"/><G28/><REACH who="3" ten="239,242,342,167" step="2"/><T0/><D114/><U113/><E107/><V88/><F106/><W15/><G15/><T8/><D0/><U67/><E36/><V31/><F31/><W119/><G119/><T127/><D127/><U103/><E120/><V94/><F18/><W5/><G5/><T101/><D4/><U93/><E113/><V49/><F75/><W112/><G112/><T86/><D12/><U68/><E109/><V123/><F74/><W63/><G63/><T124/><D124/><U134/><E118/><V34/><F123/><W54/><G54/><T76/><D52/><U14/><E14/><V90/><F49/><W6/><G6/><T82/><D61/><U25/><E60/><V20/><F80/><N who="0" m="30826" /><D76/><U22/><E134/><V92/><F92/><W47/><G47/><T91/><D46/><N who="1" m="28055" /><E135/><V62/><F62/><W116/><G116/><T122/><D122/><U111/><E70/><V58/><F94/><W29/><G29/><T30/><D39/><U132/><E111/><V13/><F13/><W40/><G40/><T57/><D42/><U79/><E132/><RYUUKYOKU ba="1,1" sc="239,-10,242,-10,342,-10,167,30" hai3="9,11,44,51,53,77,83,84,96,97,99,102,105" /><INIT seed="3,2,1,2,0,104" ten="229,232,332,197" oya="3" hai0="26,70,114,83,85,89,80,31,42,4,37,119,40" hai1="121,71,10,98,15,9,16,45,61,74,122,101,129" hai2="8,36,39,130,109,18,64,118,3,135,2,53,35" hai3="49,107,57,14,103,116,134,28,78,72,56,34,86"/><W59/><G116/><T131/><D119/><U27/><E74/><V90/><F118/><W22/><G134/><T99/><D70/><U115/><E115/><V62/><F35/><W132/><G132/><T52/><D37/><U94/><E129/><V69/><F135/><W120/><G120/><T38/><D38/><U58/><E71/><V95/><F130/><W44/><G34/><T93/><D131/><U6/><E45/><V87/><F109/><W124/><G124/><T128/><D128/><U55/><E27/><V77/><F77/><W91/><G107/><T11/><D114/><U32/><E32/><V75/><F75/><W82/><G103/><T106/><D106/><U66/><E66/><V125/><F125/><W51/><G44/><T84/><D52/><U47/><E47/><V54/><F54/><W126/><G126/><T67/><D67/><U17/><E17/><V12/><F53/><W23/><G14/><AGARI ba="2,1" hai="6,9,10,14,15,16,55,58,61,94,98,101,121,122" machi="14" ten="30,2000,0" yaku="7,1,54,1" doraHai="104" who="1" fromWho="3" sc="229,0,232,36,332,0,197,-26" owari="229,-17.1,268,6.8,332,43.2,171,-32.9" /></mjloggm>