<mjloggm ver="2.3"><GO type="225" lobby="0"/><UN n0="%E3%83%96%E3%83%83%E3%83%91%E3%82%AA%E3%83%96%E3%83%81%E3%82%AD%E3%83%B3" n1="%E6%A1%9C%E8%8A%B1%E9%96%83%E3%80%85" n2="%E8%B5%A4%E3%81%84%E8%9B%99%31%31" n3="%72%61%6B%33" dan="16,16,16,16" rate="2199.81,2164.81,2098.40,2079.02" sx="M,M,M,M"/><TAIKYOKU oya="0"/><INIT seed="0,0,0,1,4,35" ten="250,250,250,250" oya="0" hai0="134,73,56,92,65,8,29,52,108,45,118,63,119" hai1="21,103,80,114,125,88,98,74,81,129,105,39,68" hai2="54,109,23,135,131,94,6,71,95,64,59,46,93" hai3="31,110,44,82,50,3,133,43,42,36,10,0,132"/><T5/><D73/><U51/><E39/><V76/><F135/><N who="3" m="51787" /><G110/><T72/><D134/><U117/><E68/><V15/><F131/><W48/><G31/><T47/><D72/><U58/><E117/><V121/><F76/><W40/><G10/><T26/><D108/><U96/><E129/><V69/><F109/><W4/><G4/><T9/><D9/><U77/><E21/><V7/><F46/><N who="3" m="23815" /><G82/><T100/><D119/><U90/><E58/><V124/><F124/><W34/><G34/><T61/><D118/><U62/><E51/><N who="3" m="19498" /><G43/><T16/><D100/><N who="1" m="62599" /><E125/><V104/><F6/><W116/><G116/><T30/><D92/><N who="1" m="58823" /><E62/><V99/><F7/><W115/><G115/><T32/><D30/><U106/><E114/><V128/><F23/><W33/><G33/><T87/><D87/><N who="1" m="50287" /><E90/><V123/><F15/><W38/><AGARI ba="0,0" hai="0,3,38,42,44" m="19498,23815,51787" machi="38" ten="30,4000,0" yaku="20,1,52,2" doraHai="35" who="3" fromWho="3" sc="250,-20,250,-10,250,-10,250,40" /><INIT seed="1,0,0,5,4,109" ten="230,240,240,290" oya="1" hai0="119,64,1,26,29,72,67,22,97,103,108,60,133" hai1="80,93,122,79,51,98,73,8,35,118,66,30,50" hai2="127,96,112,6,61,99,2,4,74,92,37,117,17" hai3="78,82,24,19,0,46,106,32,20,13,90,114,59"/><U38/><E122/><V111/><F117/><W21/><G106/><T34/><D119/><U88/><E118/><V52/><F37/><W101/><G0/><T113/><D108/><U25/><E38/><V44/><F111/><W128/><G128/><T45/><D133/><U121/><E121/><V42/><F74/><W131/><G131/><T134/><D134/><U135/><E135/><V115/><F127/><W95/><G114/><N who="2" m="43561" /><F17/><W53/><G32/><T94/><D113/><U81/><E66/><V126/><F126/><W110/><G46/><T14/><D72/><U43/><E43/><V16/><F16/><W102/><G110/><T86/><D1/><U77/><REACH who="1" step="1"/><E8/><REACH who="1" ten="230,230,240,290" step="2"/><N who="2" m="2071" /><F6/><W7/><G7/><T129/><D129/><U125/><E125/><V40/><F40/><W18/><G78/><T87/><D67/><U130/><E130/><V116/><F116/><W48/><REACH who="3" step="1"/><G82/><REACH who="3" ten="230,230,240,280" step="2"/><T120/><D120/><U62/><E62/><V84/><F61/><W23/><G23/><T104/><D22/><U11/><E11/><V49/><F42/><W56/><G56/><T9/><D45/><U83/><E83/><V63/><F63/><W65/><G65/><T28/><D60/><U68/><E68/><V3/><F3/><W39/><G39/><T55/><D64/><U58/><E58/><V41/><F41/><W15/><G15/><T76/><D14/><U100/><E100/><V105/><F105/><W47/><G47/><T89/><D103/><U5/><E5/><V36/><F36/><W10/><G10/><T124/><D9/><U27/><E27/><V54/><F54/><RYUUKYOKU ba="0,2" sc="230,-30,230,10,240,10,280,10" hai1="25,30,35,50,51,73,77,79,80,81,88,93,98" hai2="44,49,52,84,92,96,99" hai3="13,18,19,20,21,24,48,53,59,90,95,101,102" /><INIT seed="1,1,2,4,2,10" ten="200,240,250,290" oya="1" hai0="114,113,67,71,77,52,99,26,23,90,28,48,46" hai1="33,39,16,58,44,115,20,76,88,62,97,94,100" hai2="50,96,130,126,68,109,125,93,36,134,17,84,123" hai3="89,4,128,24,107,13,31,55,63,41,101,53,133"/><U73/><E115/><V112/><F112/><W75/><G75/><T106/><D77/><U119/><E119/><V124/><F123/><W57/><G128/><T85/><D71/><U0/><E33/><V117/><F117/><W111/><G111/><T8/><D67/><U60/><E0/><V102/><F109/><W1/><G1/><T86/><D86/><U6/><E6/><V66/><F130/><W120/><G120/><T132/><D132/><U72/><E100/><V110/><F36/><W98/><G133/><T27/><D8/><U79/><E73/><V51/><F110/><W32/><G41/><T121/><D121/><U35/><E35/><V19/><F134/><W56/><G89/><T54/><D54/><N who="1" m="33879" /><E62/><N who="2" m="40023" /><F84/><W135/><G135/><T43/><D43/><N who="1" m="22655" /><E72/><V38/><F38/><W3/><G3/><T49/><D49/><AGARI ba="1,2" hai="17,19,49,50,51,93,96,102,124,125,126" m="40023" machi="49" ten="30,1000,0" yaku="18,1" doraHai="10" who="2" fromWho="0" sc="200,-13,240,0,250,33,290,0" /><INIT seed="2,0,0,3,4,129" ten="187,240,283,290" oya="2" hai0="117,81,38,30,9,11,91,128,100,107,83,85,55" hai1="61,113,26,31,43,21,106,62,134,130,50,96,41" hai2="46,0,25,89,5,47,119,3,59,13,72,127,80" hai3="42,35,90,67,24,34,39,101,2,93,57,32,4"/><V126/><F119/><W108/><G101/><T104/><D38/><U135/><E113/><V1/><F25/><W87/><G108/><T36/><D36/><U92/><E106/><V7/><F59/><W15/><G2/><T86/><D128/><U53/><E130/><V52/><F72/><W73/><G73/><T77/><D117/><U23/><E23/><V110/><F110/><W8/><G42/><N who="1" m="15882" /><E50/><N who="2" m="28759" /><F47/><W131/><G131/><T60/><D30/><U116/><E53/><V88/><F80/><W49/><G39/><T99/><REACH who="0" step="1"/><D107/><REACH who="0" ten="177,240,283,290" step="2"/><U97/><E116/><V56/><F127/><W124/><G124/><T6/><D6/><U105/><E105/><V120/><F7/><W29/><REACH who="3" step="1"/><G49/><REACH who="3" ten="177,240,283,280" step="2"/><T54/><D54/><U10/><E134/><V44/><F126/><W121/><G121/><T20/><D20/><U68/><E135/><V18/><F120/><W78/><G78/><T64/><D64/><U132/><E132/><V71/><F0/><W84/><G84/><T17/><D17/><U102/><E21/><V45/><F1/><W19/><G19/><T63/><D63/><AGARI ba="0,2" hai="4,8,15,24,29,32,34,35,57,63,67,87,90,93" machi="63" ten="40,1300,0" yaku="1,1,53,0" doraHai="129" doraHaiUra="123" who="3" fromWho="0" sc="177,-13,240,0,283,0,280,33" /><INIT seed="3,0,0,5,5,97" ten="164,240,283,313" oya="3" hai0="125,107,117,65,62,96,58,48,119,52,5,18,80" hai1="43,39,116,103,56,91,42,67,55,111,47,59,109" hai2="54,70,9,118,69,51,34,133,41,13,81,14,82" hai3="123,83,79,45,33,60,87,132,2,26,57,73,0"/><W10/><G123/><T36/><D125/><U108/><E91/><V120/><F34/><W22/><G33/><T21/><D36/><U3/><E3/><V84/><F120/><W135/><G73/><T106/><D5/><U61/><E103/><V19/><F41/><W86/><G45/><T27/><D107/><U102/><E102/><V99/><F99/><W127/><G87/><T113/><D113/><U44/><E116/><V130/><F130/><W66/><G10/><T40/><D40/><U78/><E78/><V92/><F133/><N who="3" m="51275" /><G127/><T131/><D131/><U30/><E30/><AGARI ba="0,0" hai="0,2,22,26,30,57,60,66,79,83,86" m="51275" machi="30" ten="30,1500,0" yaku="20,1" doraHai="97" who="3" fromWho="1" sc="164,0,240,-15,283,0,313,15" owari="164,-33.6,225,-17.5,283,8.3,328,42.8" /></mjloggm>