<mjloggm ver="2.3"><GO type="225" lobby="0"/><UN n0="%E3%83%A9%E3%82%B9%E7%8E%87%EF%BC%93%E5%89%B2" n1="%E5%A4%8F%E9%88%B4%E9%88%B4%E5%A4%8F" n2="%E6%97%A5%E6%9B%9C%E6%97%A5%E3%82%88%E3%82%8A%E3%81%AE%E4%BD%BF%E8%80%85" n3="%E3%81%A4%E3%81%A3%E3%81%B1%E3%82%8A%E3%83%9D%E3%83%BC%E3%83%AB" dan="16,16,16,17" rate="2182.35,2098.91,2146.01,2134.93" sx="F,F,M,M"/><TAIKYOKU oya="0"/><INIT seed="0,0,0,3,4,128" ten="250,250,250,250" oya="0" hai0="80,124,122,25,81,114,110,90,106,19,94,97,129" hai1="83,45,51,123,12,100,119,34,2,135,66,58,23" hai2="103,54,16,52,68,98,95,18,71,70,33,69,55" hai3="72,87,93,84,127,49,38,59,96,37,117,79,111"/><T132/><D114/><U82/><E119/><V131/><N who="2" m="17408" /><DORA hai="42" /><V3/><F131/><W73/><G117/><T15/><D122/><U61/><E2/><V56/><F3/><W7/><G7/><T11/><D129/><U118/><E34/><V116/><F116/><W115/><G115/><T36/><D124/><U107/><E135/><V104/><F33/><W99/><G127/><T1/><D110/><U125/><E123/><V64/><REACH who="2" step="1"/><F104/><REACH who="2" ten="250,250,240,250" step="2"/><W20/><G111/><T31/><D106/><U77/><E118/><V65/><F65/><W5/><G73/><T44/><D1/><U101/><E107/><V130/><F130/><W21/><G72/><T47/><D132/><U88/><E66/><V13/><F13/><W28/><G38/><T102/><D36/><U6/><E12/><V76/><F76/><W62/><G37/><T30/><D25/><U17/><E77/><V22/><F22/><W24/><G20/><T32/><D32/><U91/><E23/><V46/><F46/><N who="0" m="17450" /><D102/><U41/><E101/><V113/><F113/><W48/><G24/><T105/><D105/><U43/><E100/><V120/><F120/><W74/><G74/><T63/><D63/><AGARI ba="0,1" hai="16,18,52,54,55,56,63,64,95,98,103" m="17408" machi="63" ten="70,8000,1" yaku="1,1,54,2,53,0" doraHai="128,42" doraHaiUra="26,40" who="2" fromWho="0" sc="250,-80,250,0,240,90,250,0" /><INIT seed="1,0,0,5,1,42" ten="170,250,330,250" oya="1" hai0="120,40,56,52,63,27,96,45,121,80,68,135,82" hai1="122,69,28,109,16,113,48,87,75,97,81,84,114" hai2="57,43,61,30,4,115,112,32,128,12,107,34,76" hai3="53,85,1,31,19,5,104,72,14,88,58,46,54"/><U20/><E122/><N who="0" m="47209" /><D96/><U35/><E69/><V18/><F107/><W90/><G72/><T23/><D68/><U7/><E75/><V126/><F126/><W133/><G104/><T131/><D131/><U41/><E7/><V22/><F128/><W6/><G133/><T105/><D105/><U38/><E38/><V106/><F106/><W83/><G31/><N who="0" m="17919" /><D135/><U47/><E109/><V103/><F103/><W21/><G1/><T129/><D129/><U94/><E28/><V117/><F30/><W59/><G90/><T91/><D91/><U92/><E35/><V100/><F34/><W108/><G108/><T44/><D40/><U2/><E2/><V17/><F32/><W70/><G70/><T93/><D93/><U125/><E94/><V10/><F43/><W24/><G24/><T95/><D95/><U0/><E0/><V130/><F130/><W9/><G9/><T37/><D37/><U13/><E125/><V102/><F102/><W123/><G123/><T62/><D62/><U77/><E87/><V11/><F100/><AGARI ba="0,0" hai="13,16,20,41,47,48,77,81,84,92,97,100,113,114" machi="100" ten="30,5800,0" yaku="7,1,52,1,54,1" doraHai="42" who="1" fromWho="2" sc="170,0,250,58,330,-58,250,0" /><INIT seed="1,1,0,0,3,2" ten="170,308,272,250" oya="1" hai0="46,54,98,31,87,91,107,75,101,3,57,59,12" hai1="81,47,35,88,72,27,111,53,122,42,118,15,73" hai2="20,16,130,50,84,125,23,113,74,58,120,30,90" hai3="11,56,29,127,89,95,100,41,24,116,65,126,103"/><U108/><E118/><V78/><F120/><W17/><G116/><T85/><D3/><U5/><E122/><V37/><F37/><W36/><G36/><T43/><D75/><U21/><E35/><V0/><F0/><W28/><G41/><T62/><D31/><U45/><E53/><N who="2" m="32055" /><F74/><W68/><G68/><T92/><D59/><U26/><E73/><V106/><F106/><W67/><G67/><T79/><D79/><U124/><E124/><N who="3" m="47658" /><G56/><T63/><D63/><U32/><E32/><V19/><F125/><W33/><G65/><T22/><D22/><N who="2" m="8234" /><F30/><W132/><G132/><T34/><D34/><U39/><E47/><V51/><F78/><W49/><G49/><T96/><REACH who="0" step="1"/><D12/><REACH who="0" ten="160,308,272,250" step="2"/><U64/><E72/><V129/><F129/><W25/><G29/><T83/><D83/><U48/><E21/><V110/><F130/><W133/><G25/><T1/><D1/><U99/><E26/><V109/><F109/><W10/><G133/><T105/><D105/><U123/><E27/><V82/><F110/><W13/><G11/><T94/><D94/><N who="1" m="56775" /><E81/><V4/><F82/><W52/><G95/><T8/><D8/><N who="1" m="4495" /><E111/><V128/><F128/><W40/><G10/><T70/><D70/><U38/><E108/><V61/><F61/><W14/><G24/><T102/><D102/><U117/><E117/><V6/><F113/><W134/><G100/><T77/><D77/><U71/><E123/><V60/><F60/><W112/><G103/><T97/><D97/><U9/><E9/><V69/><F69/><W55/><G134/><T119/><D119/><U7/><E7/><RYUUKYOKU ba="1,1" sc="160,15,308,15,272,-15,250,-15" hai0="43,46,54,57,62,85,87,91,92,96,98,101,107" hai1="38,39,42,45,48,64,71" /><INIT seed="1,2,1,2,4,113" ten="175,323,257,235" oya="1" hai0="17,122,116,79,135,102,7,110,96,54,120,38,100" hai1="5,112,2,43,89,125,115,8,62,35,57,85,86" hai2="131,118,33,21,93,121,134,106,84,9,130,133,12" hai3="67,39,73,83,20,101,28,56,80,26,76,119,3"/><U6/><E35/><V126/><F106/><W77/><G39/><T87/><D38/><U32/><E32/><V65/><F65/><W10/><G101/><T47/><D7/><U15/><E125/><V75/><F75/><W24/><G24/><T117/><D110/><U4/><E43/><V64/><F64/><W0/><G10/><T92/><D17/><U72/><E86/><V111/><F93/><W30/><G30/><T109/><D109/><U14/><E72/><V58/><F58/><W74/><REACH who="3" step="1"/><G119/><REACH who="3" ten="175,323,257,225" step="2"/><N who="0" m="45643" /><D102/><U1/><E8/><V22/><F118/><W103/><G103/><T108/><D108/><U16/><E1/><V11/><F111/><W52/><G52/><T18/><D54/><U132/><E2/><V129/><F9/><W88/><G88/><N who="0" m="53279" /><D18/><U128/><E16/><V97/><F131/><W31/><G31/><T41/><D79/><U19/><E128/><V23/><F130/><W95/><G95/><N who="0" m="58399" /><D41/><U90/><E19/><V48/><F129/><W50/><G50/><T25/><D25/><U45/><E115/><V69/><F48/><W61/><AGARI ba="2,2" hai="0,3,20,26,28,56,61,67,73,74,76,77,80,83" machi="61" ten="30,4000,0" yaku="1,1,0,1,9,1,53,0" doraHai="113" doraHaiUra="94" who="3" fromWho="3" sc="175,-12,323,-22,257,-12,225,66" /><INIT seed="2,0,0,5,1,26" ten="163,301,245,291" oya="2" hai0="82,16,91,47,80,116,93,98,20,43,67,87,39" hai1="130,124,58,68,46,13,120,114,55,65,75,14,107" hai2="115,36,28,19,127,132,69,106,53,64,94,59,30" hai3="54,45,72,6,96,113,41,18,34,27,17,50,3"/><V9/><F106/><W119/><G119/><T52/><D116/><U86/><E114/><V89/><F115/><W104/><G72/><T78/><D67/><U48/><E75/><V62/><F36/><W74/><G74/><T10/><D10/><U123/><E107/><V134/><F127/><W126/><G126/><T90/><D82/><U110/><E110/><V111/><F111/><W29/><G113/><T35/><D35/><U109/><E109/><V31/><F9/><W1/><G104/><T112/><D112/><U4/><E124/><V21/><F69/><W121/><G96/><T22/><D22/><U122/><E130/><V70/><F70/><W118/><G121/><T79/><REACH who="0" step="1"/><D52/><REACH who="0" ten="153,301,245,291" step="2"/><U25/><E65/><V76/><F64/><W24/><G54/><T83/><D83/><U7/><E55/><V44/><F44/><W128/><G118/><T5/><D5/><U2/><E4/><V125/><F125/><W133/><G6/><T32/><D32/><U95/><E7/><V33/><F33/><W8/><G8/><T135/><D135/><U12/><E46/><V23/><F76/><W40/><G133/><N who="2" m="51305" /><F19/><W63/><G18/><T61/><D61/><U101/><E123/><V56/><F56/><W73/><G63/><T131/><D131/><U88/><E58/><V0/><F0/><N who="3" m="75" /><G128/><T60/><D60/><U102/><E2/><V100/><F100/><N who="1" m="38505" /><E122/><V51/><F62/><W85/><G17/><T15/><AGARI ba="0,1" hai="15,16,20,39,43,47,78,79,80,87,90,91,93,98" machi="15" ten="20,5200,0" yaku="1,1,0,1,7,1,54,1,53,0" doraHai="26" doraHaiUra="108" who="0" fromWho="0" sc="153,62,301,-13,245,-26,291,-13" /><INIT seed="3,0,0,5,3,81" ten="215,288,219,278" oya="3" hai0="123,86,40,94,98,69,92,114,14,65,12,106,48" hai1="73,87,56,1,77,90,104,110,105,11,25,7,89" hai2="68,88,72,109,42,64,15,79,96,58,78,84,61" hai3="45,46,71,83,16,22,135,74,122,112,60,6,8"/><W120/><G112/><T95/><D114/><U0/><E0/><V38/><F109/><W13/><G135/><T52/><D123/><U49/><E90/><V43/><F72/><W62/><G71/><T113/><D113/><U3/><E1/><V2/><F2/><W67/><G122/><T26/><D40/><U47/><E77/><N who="2" m="29195" /><F68/><W24/><G120/><T103/><D26/><U97/><E97/><V35/><F35/><W31/><G74/><T37/><D37/><U75/><E110/><V131/><F38/><W19/><G83/><T82/><D65/><U66/><E25/><V99/><F15/><N who="3" m="5527" /><G31/><T118/><D69/><U111/><E75/><V130/><F42/><W116/><G116/><T101/><D118/><U51/><E73/><V100/><F43/><W33/><G33/><T10/><D10/><U117/><E105/><V50/><F50/><W41/><G67/><T91/><REACH who="0" step="1"/><D103/><REACH who="0" ten="205,288,219,278" step="2"/><U132/><E66/><V39/><F100/><W28/><G41/><T20/><D20/><U115/><E11/><V107/><F39/><W9/><G28/><T76/><D76/><U18/><E117/><V126/><F64/><W119/><G119/><T23/><D23/><U80/><E115/><V102/><F102/><W127/><G127/><T134/><D134/><U133/><E132/><V5/><F126/><W27/><G27/><T53/><D53/><U108/><E133/><V55/><F55/><W121/><G121/><T85/><D85/><U124/><E111/><V21/><F84/><W70/><G70/><T30/><D30/><U93/><E108/><V57/><F21/><RYUUKYOKU ba="0,1" sc="205,15,288,-15,219,-15,278,15" hai0="12,14,48,52,82,86,91,92,94,95,98,101,106" hai3="9,13,16,19,22,24,45,46,60,62" /><INIT seed="3,1,1,1,1,48" ten="220,273,204,293" oya="3" hai0="115,86,53,55,120,62,42,60,122,127,17,45,82" hai1="1,41,121,130,124,134,27,34,5,123,30,125,20" hai2="90,79,33,23,88,15,108,106,28,63,114,37,105" hai3="35,58,100,4,126,21,101,14,19,61,12,104,97"/><W6/><G35/><T75/><D75/><U59/><E134/><V38/><F33/><W118/><G118/><T56/><D17/><U91/><E130/><V74/><F114/><W67/><G126/><N who="1" m="48746" /><E41/><V98/><F38/><W50/><G101/><T66/><D127/><U87/><E20/><V49/><F37/><W119/><G119/><T102/><D102/><U83/><E59/><V31/><F74/><W3/><G3/><T128/><D128/><U9/><AGARI ba="1,1" hai="1,5,9,27,30,34,83,87,91,121,123" m="48746" machi="9" ten="30,1100,0" yaku="18,1" doraHai="48" who="1" fromWho="1" sc="220,-4,273,24,204,-4,293,-6" /><INIT seed="4,0,0,3,5,78" ten="216,297,200,287" oya="0" hai0="35,90,2,37,39,118,41,38,93,64,105,54,19" hai1="83,47,111,73,114,124,58,60,110,40,63,128,76" hai2="10,61,109,43,104,84,123,65,115,4,22,108,130" hai3="56,101,17,49,55,14,57,18,24,74,7,51,59"/><T80/><D118/><U42/><E124/><V120/><F104/><W67/><G74/><T5/><D105/><U69/><E128/><V117/><F84/><W66/><G101/><T132/><D35/><U12/><E114/><V31/><F43/><W113/><G113/><T106/><D106/><U53/><E42/><V97/><F97/><W34/><G34/><T134/><D64/><N who="3" m="24617" /><G51/><T52/><D41/><U116/><E63/><V9/><F115/><W3/><G3/><T32/><D32/><U33/><E69/><V15/><F130/><W96/><G96/><T94/><D19/><N who="3" m="7177" /><G24/><T79/><D5/><U68/><E68/><V29/><F117/><W102/><G102/><T86/><D2/><U27/><E12/><V48/><F48/><W70/><G70/><T0/><D0/><U71/><E71/><V30/><F22/><W125/><G125/><T92/><D79/><U126/><E126/><V121/><REACH who="2" step="1"/><F10/><AGARI ba="0,0" hai="7,10,14,49,55,56,57,59" m="7177,24617" machi="10" ten="30,1000,0" yaku="8,1" doraHai="78" who="3" fromWho="2" sc="216,0,297,0,200,-10,287,10" /><INIT seed="5,0,0,3,3,25" ten="216,297,190,297" oya="1" hai0="46,133,3,96,19,129,16,89,10,20,2,80,38" hai1="31,8,57,29,78,116,7,43,99,67,34,123,92" hai2="86,9,114,61,121,112,18,134,107,47,54,94,135" hai3="28,27,37,49,13,48,14,106,95,42,83,12,122"/><U15/><E116/><V36/><F107/><W130/><G106/><T79/><D129/><U26/><E123/><V24/><F121/><W39/><G122/><T23/><D133/><N who="2" m="50698" /><F36/><W62/><G130/><T0/><D89/><U113/><E113/><N who="2" m="43627" /><F47/><W111/><G42/><T104/><D96/><U118/><E43/><V108/><F108/><W117/><G37/><T91/><D91/><U21/><E78/><V97/><F86/><W30/><G39/><T70/><D104/><U66/><E118/><V59/><F9/><W35/><G117/><T5/><D46/><U90/><E57/><V72/><F72/><W100/><G111/><T124/><D70/><U33/><REACH who="1" step="1"/><E31/><REACH who="1" ten="216,287,190,297" step="2"/><V109/><F109/><W127/><G30/><T65/><D38/><U74/><E74/><V125/><F125/><W71/><G28/><T58/><D124/><U103/><E103/><N who="2" m="60855" /><F24/><W120/><G27/><T102/><D102/><U64/><AGARI ba="0,1" hai="7,8,15,21,26,29,33,34,64,66,67,90,92,99" machi="64" ten="30,11700,0" yaku="1,1,0,1,52,1,53,1" doraHai="25" doraHaiUra="11" who="1" fromWho="1" sc="216,-39,287,127,190,-39,297,-39" owari="177,-22.3,414,51.4,151,-34.9,258,5.8" /></mjloggm>