<mjloggm ver="2.3"><GO type="225" lobby="0"/><UN n0="%E3%81%BF%E3%81%BF%E3%81%9A" n1="%E3%83%8F%E3%83%B3%E3%83%89%E3%83%A9%E3%83%BC%E3%83%BB%E3%83%AF%E3%83%B3" n2="%E3%81%B2%E3%81%AA%E3%81%AE%E3%82%8A%E3%81%8F" n3="%E9%B3%B3%E6%9D%B1%E3%81%AE%E3%81%BF%E3%81%91%E3%81%AB%E3%82%83%E3%82%93" dan="18,17,16,17" rate="2239.50,2214.12,2082.69,2163.30" sx="M,M,M,F"/><TAIKYOKU oya="0"/><INIT seed="0,0,0,2,1,25" ten="250,250,250,250" oya="0" hai0="6,125,65,126,5,129,127,135,39,43,11,108,71" hai1="75,107,46,21,117,1,26,18,44,41,0,77,54" hai2="109,91,80,105,56,2,38,9,76,16,42,57,94" hai3="4,15,69,19,28,89,37,115,70,87,130,20,85"/><T30/><D129/><U114/><E117/><V14/><F105/><W10/><G115/><T110/><D135/><U63/><E107/><V90/><F109/><N who="0" m="42090" /><D30/><U111/><E111/><V101/><F101/><W17/><G130/><T51/><D51/><U55/><E114/><V83/><F2/><W104/><G104/><T102/><D102/><U131/><E131/><V79/><F42/><W73/><G73/><T36/><D43/><U86/><E75/><V112/><F38/><N who="0" m="14378" /><D11/><U68/><E41/><V128/><F128/><W45/><G28/><T100/><D100/><U99/><E46/><V134/><F134/><W29/><G29/><T53/><D53/><U123/><E54/><V82/><F112/><W98/><G45/><T40/><D40/><U95/><E55/><V58/><REACH who="2" step="1"/><F91/><REACH who="2" ten="250,250,240,250" step="2"/><W32/><G89/><T52/><D52/><U88/><E44/><V97/><AGARI ba="0,1" hai="9,14,16,56,57,58,76,79,80,82,83,90,94,97" machi="97" ten="30,8000,1" yaku="1,1,2,1,0,1,8,1,54,1,53,0" doraHai="25" doraHaiUra="67" who="2" fromWho="2" sc="250,-40,250,-20,240,90,250,-20" /><INIT seed="1,0,0,0,3,38" ten="210,230,330,230" oya="1" hai0="74,122,40,17,105,59,100,88,94,120,106,112,81" hai1="49,117,28,13,72,50,91,127,87,25,33,135,23" hai2="129,118,114,42,64,76,52,70,62,71,48,86,113" hai3="51,124,107,53,98,123,14,131,4,55,60,108,95"/><U20/><E117/><V6/><F118/><W125/><G123/><N who="0" m="47147" /><D112/><N who="2" m="43114" /><F6/><W9/><G107/><N who="0" m="40971" /><D40/><U83/><E127/><N who="3" m="48714" /><G108/><T57/><D17/><N who="1" m="10287" /><E33/><V111/><F111/><W41/><G131/><T1/><D1/><U133/><E72/><V37/><F129/><W2/><G60/><T65/><D65/><U134/><AGARI ba="0,0" hai="23,25,28,49,50,83,87,91,133,134,135" m="10287" machi="134" ten="30,1500,0" yaku="20,1" doraHai="38" who="1" fromWho="1" sc="210,-5,230,15,330,-5,230,-5" /><INIT seed="1,1,0,1,4,22" ten="205,245,325,225" oya="1" hai0="21,133,0,123,48,3,81,62,92,121,53,114,103" hai1="77,122,117,59,109,75,113,132,51,2,27,85,19" hai2="40,58,105,73,32,95,6,8,60,5,50,12,104" hai3="110,65,42,69,64,74,63,14,88,1,25,30,100"/><U78/><E113/><V82/><F32/><W44/><G1/><N who="0" m="587" /><D114/><U80/><E117/><V90/><F6/><W130/><G110/><T47/><D81/><U135/><E122/><N who="0" m="46601" /><D133/><N who="1" m="51275" /><E2/><V13/><F13/><W118/><G130/><T71/><D21/><N who="1" m="13759" /><E109/><V68/><F68/><W49/><G118/><T17/><D17/><U9/><E9/><V28/><F28/><W115/><G115/><T83/><D83/><N who="1" m="45503" /><E51/><V57/><F82/><W129/><G129/><T94/><D103/><U20/><E20/><V55/><F73/><W98/><G74/><T97/><D97/><U72/><E59/><V102/><F102/><W131/><G131/><T128/><D128/><U4/><E4/><V43/><F104/><W36/><G14/><T54/><D71/><U61/><E61/><V29/><F29/><W38/><G100/><T11/><D11/><U10/><E10/><V93/><F105/><W67/><G63/><T41/><D62/><U45/><E45/><V70/><F70/><W127/><G69/><T91/><D91/><U7/><E7/><V18/><F5/><W87/><G88/><T26/><D26/><U35/><E35/><V125/><F90/><W23/><G25/><T107/><D107/><U111/><E111/><V52/><F60/><W76/><G44/><T120/><N who="0" m="46609" /><T86/><DORA hai="96" /><D86/><AGARI ba="1,0" hai="72,78,80,85,86" m="45503,13759,51275" machi="86" ten="30,2900,0" yaku="20,1,52,1" doraHai="22,96" who="1" fromWho="0" sc="205,-32,245,32,325,0,225,0" /><INIT seed="1,2,0,4,1,58" ten="173,277,325,225" oya="1" hai0="51,10,19,103,59,114,45,39,87,4,25,64,128" hai1="0,31,49,105,1,7,48,116,50,118,60,52,97" hai2="44,67,117,71,8,89,38,106,70,30,91,55,41" hai3="98,96,9,12,81,40,62,119,21,47,43,14,133"/><U20/><E31/><V120/><F117/><W83/><G133/><T99/><D114/><U84/><E20/><V80/><F106/><W111/><G111/><T69/><D128/><U13/><E13/><N who="3" m="5226" /><G119/><T88/><D69/><U66/><E84/><V23/><F8/><W75/><G75/><T90/><D39/><U122/><E122/><V102/><F102/><W129/><G129/><T100/><D4/><U63/><E118/><V68/><F67/><W29/><G9/><T36/><D10/><U79/><E79/><V113/><F120/><W104/><G104/><T74/><D74/><U124/><E124/><V135/><F135/><W42/><G47/><T65/><D36/><U5/><E116/><V93/><F113/><W6/><G6/><T34/><D99/><N who="3" m="37929" /><G62/><N who="0" m="37983" /><D34/><U121/><E121/><V16/><F44/><W130/><G130/><T115/><D115/><U3/><E63/><V109/><F38/><W32/><G32/><T56/><D65/><U37/><E37/><V95/><F109/><W72/><G72/><T92/><D56/><U132/><E132/><V35/><F71/><W86/><G86/><N who="0" m="52247" /><D45/><U110/><E110/><V125/><F70/><W26/><AGARI ba="2,0" hai="21,26,29,40,42,43,81,83" m="37929,5226" machi="26" ten="40,1500,0" yaku="8,1" doraHai="58" who="3" fromWho="3" sc="173,-6,277,-9,325,-6,225,21" /><INIT seed="2,0,0,1,0,64" ten="167,268,319,246" oya="2" hai0="84,41,22,42,68,73,82,83,123,37,130,23,50" hai1="69,7,21,132,66,88,103,12,111,32,4,106,62" hai2="65,34,113,51,24,13,46,33,74,80,29,92,67" hai3="118,104,44,122,135,114,85,18,96,0,97,98,119"/><V57/><F113/><W52/><G122/><T121/><D50/><U112/><E112/><V90/><F34/><W55/><G0/><T94/><D94/><U116/><E116/><V107/><F107/><W86/><G104/><T20/><D130/><U40/><E32/><V126/><F126/><W70/><G114/><T61/><D37/><U26/><E111/><V43/><F57/><W99/><G135/><T56/><D73/><U58/><E132/><V9/><F80/><W117/><N who="3" m="24576" /><DORA hai="30" /><W8/><G70/><T6/><D6/><U124/><E103/><V1/><F1/><W128/><G128/><T31/><D31/><U108/><E106/><V125/><F74/><W17/><G8/><T129/><D129/><U39/><E108/><V60/><F60/><W105/><G105/><T28/><D28/><U127/><E58/><V101/><F101/><W38/><G38/><T79/><D83/><U91/><E40/><V11/><F11/><W78/><G78/><T36/><D68/><U47/><E47/><V102/><F102/><W89/><G44/><T48/><D48/><U75/><E75/><V54/><F43/><N who="0" m="16394" /><D36/><U100/><E100/><V134/><F125/><N who="1" m="48201" /><E39/><V115/><F115/><W133/><G133/><T3/><D3/><U81/><E81/><V120/><F134/><W76/><G76/><T15/><D15/><U53/><E53/><N who="3" m="20554" /><G89/><N who="1" m="34378" /><E12/><V95/><F90/><W59/><G59/><T16/><D16/><AGARI ba="0,0" hai="4,7,16,21,26,62,66,69" m="34378,48201" machi="16" ten="30,7700,0" yaku="18,1,52,1,54,2" doraHai="64,30" who="1" fromWho="0" sc="167,-77,268,77,319,0,246,0" /><AGARI ba="0,0" hai="16,17,18,85,86,117,118,119" m="20554,24576" machi="16" ten="50,8000,1" yaku="28,2,54,2" doraHai="64,30" who="3" fromWho="0" sc="90,-80,345,0,319,0,246,80" /><INIT seed="3,0,0,5,0,119" ten="10,345,319,326" oya="3" hai0="77,32,2,54,58,92,31,37,22,109,134,46,35" hai1="10,14,88,26,61,74,94,16,29,36,101,130,133" hai2="7,110,99,108,120,113,0,34,62,68,115,125,44" hai3="65,13,15,100,19,49,50,67,66,87,97,93,86"/><W83/><G86/><T42/><D109/><N who="2" m="42090" /><F34/><W102/><G102/><T71/><D134/><U11/><E36/><V56/><F0/><W90/><G13/><T33/><D2/><U96/><E74/><V89/><F7/><W52/><G52/><T91/><D77/><U57/><E133/><V126/><F68/><W48/><G48/><T9/><D9/><N who="1" m="6223" /><E130/><V18/><F18/><W117/><G117/><T82/><D82/><U116/><E116/><V4/><F4/><W40/><G40/><T131/><D131/><U6/><E6/><V118/><F44/><W123/><G123/><T73/><D73/><U129/><E129/><V5/><F5/><W84/><G84/><T63/><D71/><U69/><E69/><V81/><F118/><W21/><AGARI ba="0,0" hai="15,19,21,49,50,65,66,67,83,87,90,93,97,100" machi="21" ten="30,3000,0" yaku="0,1,8,1" doraHai="119" who="3" fromWho="3" sc="10,-10,345,-10,319,-10,326,30" owari="0,-50.0,335,13.5,309,-9.1,356,45.6" /></mjloggm>