<mjloggm ver="2.3"><GO type="225" lobby="0"/><UN n0="%E3%81%8B%E3%82%8F%E3%81%A1%E3%82%83%E3%82%93%35%38" n1="%E3%81%94%E3%81%BE%E6%B2%B9%E9%A3%B2%E3%81%BF%E5%A4%AA%E9%83%8E" n2="%E3%82%AF%E3%82%A3%E3%82%A6" n3="%74%61%6B%65%2D%79%6F%75" dan="16,16,16,16" rate="2139.24,2082.12,2094.86,2130.72" sx="M,M,M,M"/><TAIKYOKU oya="0"/><INIT seed="0,0,0,4,2,25" ten="250,250,250,250" oya="0" hai0="126,5,32,110,12,113,85,109,74,34,125,56,58" hai1="52,63,124,6,53,127,88,36,78,120,62,115,98" hai2="70,37,11,103,10,95,14,64,16,46,90,24,3" hai3="45,26,107,79,102,92,31,47,91,20,87,30,134"/><T118/><D74/><U29/><E120/><V108/><F108/><N who="0" m="41578" /><D113/><U121/><E121/><V100/><F70/><W54/><G134/><T65/><D118/><U130/><E36/><V80/><F64/><W73/><G54/><N who="1" m="21098" /><E78/><V59/><F59/><N who="0" m="22570" /><D65/><U27/><E6/><V41/><F80/><N who="3" m="45167" /><G31/><T55/><D55/><U66/><E130/><V112/><F112/><W119/><G119/><T69/><D69/><U101/><E115/><V96/><REACH who="2" step="1"/><F24/><REACH who="2" ten="250,250,240,250" step="2"/><W7/><G7/><AGARI ba="0,1" hai="3,7,10,11,14,16,37,41,46,90,95,96,100,103" machi="7" ten="40,5200,0" yaku="1,1,2,1,54,1,53,0" doraHai="25" doraHaiUra="50" who="2" fromWho="3" sc="250,0,250,0,240,62,250,-52" /><INIT seed="1,0,0,0,4,87" ten="250,250,302,198" oya="1" hai0="5,125,106,84,81,123,44,78,98,26,27,126,70" hai1="91,73,121,18,10,20,12,14,0,113,34,23,28" hai2="22,88,71,55,13,132,17,134,39,60,37,43,32" hai3="3,82,63,16,90,7,101,35,68,46,109,66,31"/><U117/><E73/><V85/><F32/><W62/><G109/><T1/><D123/><U40/><E113/><V107/><F107/><W100/><G46/><T103/><D70/><U79/><E79/><V118/><F118/><W9/><G31/><T110/><D110/><U51/><E117/><V112/><F112/><W111/><G35/><T115/><D115/><U19/><E121/><V56/><F71/><W69/><G111/><T131/><D131/><U29/><E0/><V48/><F60/><W108/><G108/><T21/><D44/><N who="1" m="25991" /><E10/><V127/><F127/><N who="0" m="48650" /><D21/><U41/><E41/><V133/><F43/><W128/><G128/><T116/><D116/><U38/><E38/><V53/><F53/><W47/><G47/><T83/><D83/><AGARI ba="0,0" hai="13,17,22,37,39,48,55,56,83,85,88,132,133,134" machi="83" ten="40,5200,0" yaku="20,1,52,1,54,1" doraHai="87" who="2" fromWho="0" sc="250,-52,250,0,302,52,198,0" /><INIT seed="2,0,0,5,2,26" ten="198,250,354,198" oya="2" hai0="21,94,85,121,22,92,41,2,73,90,75,118,9" hai1="66,39,106,57,8,62,25,4,16,48,119,133,97" hai2="24,59,10,36,1,86,130,65,131,134,114,35,23" hai3="91,112,93,33,55,103,104,127,77,61,53,107,20"/><V14/><F114/><W45/><G33/><T54/><D121/><U108/><E39/><V78/><F36/><W129/><G129/><T117/><D41/><U30/><E119/><N who="0" m="45577" /><D54/><U70/><E108/><V5/><F134/><W101/><G77/><T81/><D2/><U122/><E133/><V74/><F74/><N who="0" m="28170" /><D9/><U6/><E6/><V69/><F69/><W124/><G112/><T71/><D71/><U52/><E122/><V87/><F87/><W126/><G45/><T95/><AGARI ba="0,0" hai="21,22,81,85,90,92,94,95" m="28170,45577" machi="95" ten="40,1500,0" yaku="12,1" doraHai="26" who="0" fromWho="0" sc="198,15,250,-4,354,-7,198,-4" /><INIT seed="3,0,0,2,1,35" ten="213,246,347,194" oya="3" hai0="93,60,77,88,34,96,14,16,129,10,115,52,11" hai1="25,7,131,132,121,8,1,27,107,42,0,72,89" hai2="82,19,112,9,118,44,135,94,90,18,106,46,32" hai3="66,71,116,43,37,38,20,13,78,122,119,24,76"/><W17/><G122/><T64/><D34/><U62/><E121/><V104/><F112/><W133/><G133/><T75/><D129/><U67/><E131/><V111/><F111/><W40/><G71/><T49/><D115/><U83/><E107/><V85/><F32/><W70/><G70/><T98/><D75/><U58/><E132/><V29/><F118/><W48/><G66/><T39/><D39/><U63/><E1/><V81/><F135/><W110/><G110/><T65/><D77/><N who="3" m="29801" /><G38/><T12/><D96/><U59/><E42/><N who="3" m="15914" /><G37/><T86/><D98/><U6/><E6/><V113/><F113/><W124/><G116/><T109/><D60/><U33/><E72/><V125/><F125/><W127/><G119/><T120/><D109/><U92/><E83/><N who="2" m="31755" /><F106/><W56/><G124/><T69/><D69/><U105/><E105/><V117/><F117/><W54/><G127/><T45/><D120/><U50/><E50/><V87/><F104/><W28/><G13/><T4/><AGARI ba="0,0" hai="4,10,11,12,14,16,45,49,52,64,65,86,88,93" machi="4" ten="20,12000,2" yaku="0,1,7,1,8,1,54,3" doraHai="35" who="0" fromWho="0" sc="213,120,246,-30,347,-30,194,-60" owari="333,43.3,216,-18.4,317,11.7,134,-36.6" /></mjloggm>