<mjloggm ver="2.3"><GO type="225" lobby="0"/><UN n0="%E3%81%BF%E3%81%BF%E3%81%9A" n1="%E9%A6%AC%E5%BC%95%E7%81%AB%33" n2="%72%69%6F%75%63%68%61%6E" n3="%72%61%6B%33" dan="17,16,16,16" rate="2189.57,2142.83,2103.41,2104.59" sx="M,M,M,M"/><TAIKYOKU oya="0"/><INIT seed="0,0,0,3,1,3" ten="250,250,250,250" oya="0" hai0="62,61,33,129,56,69,91,121,98,9,107,95,122" hai1="37,71,84,130,21,43,74,93,38,126,30,34,44" hai2="103,8,134,135,111,45,102,15,60,16,96,80,35" hai3="55,58,133,0,51,65,104,110,101,48,112,19,17"/><T131/><D33/><U120/><E120/><V85/><F111/><W59/><G112/><T47/><D47/><U88/><E74/><V70/><F35/><W114/><G114/><T115/><D115/><U73/><E73/><V124/><F124/><W52/><G110/><T132/><D132/><N who="2" m="50730" /><F45/><W127/><G133/><T72/><D72/><U106/><E34/><V63/><F70/><W66/><G127/><T81/><D81/><U1/><E126/><V12/><F12/><W82/><G0/><T118/><D118/><U36/><E130/><N who="0" m="49673" /><D107/><U67/><E106/><N who="2" m="63815" /><F103/><W2/><G2/><T77/><D77/><AGARI ba="0,0" hai="8,15,16,60,63,77,80,85" m="63815,50730" machi="77" ten="30,2000,0" yaku="20,1,54,1" doraHai="3" who="2" fromWho="0" sc="250,-20,250,0,250,20,250,0" /><INIT seed="1,0,0,5,1,81" ten="230,250,270,250" oya="1" hai0="14,63,12,84,26,17,2,24,39,27,9,36,122" hai1="55,7,105,41,1,87,125,66,16,61,129,124,123" hai2="115,5,110,8,29,91,50,94,131,35,56,68,28" hai3="70,25,88,96,97,38,13,49,67,20,132,112,100"/><U57/><E123/><V52/><F110/><W58/><G38/><T22/><D122/><U33/><E105/><V37/><F131/><W65/><G112/><T133/><D133/><U120/><E120/><V15/><F115/><W53/><G132/><T44/><D2/><U51/><E33/><V64/><F37/><W128/><G128/><T18/><D44/><U99/><E99/><V47/><F68/><W10/><G70/><T83/><REACH who="0" step="1"/><D63/><REACH who="0" ten="220,250,270,250" step="2"/><U103/><E129/><V30/><F35/><W6/><G100/><T59/><D59/><U0/><E103/><V60/><REACH who="2" step="1"/><F30/><REACH who="2" ten="220,250,260,250" step="2"/><W46/><G58/><T45/><D45/><U104/><E57/><V107/><F107/><W40/><G46/><T75/><D75/><U121/><E104/><V101/><F101/><W23/><G40/><T21/><D21/><U54/><E121/><V106/><F106/><W80/><G23/><T118/><D118/><U79/><E41/><V102/><F102/><W135/><G20/><T85/><D85/><AGARI ba="0,2" hai="5,8,15,28,29,47,50,52,56,60,64,85,91,94" machi="85" ten="30,8000,1" yaku="1,1,7,1,8,1,52,1,54,1,53,0" doraHai="81" doraHaiUra="119" who="2" fromWho="0" sc="220,-80,250,0,260,100,250,0" /><INIT seed="2,0,0,3,2,7" ten="140,250,360,250" oya="2" hai0="135,55,89,41,132,91,76,95,25,43,20,30,2" hai1="121,42,15,49,82,71,84,36,106,69,44,59,28" hai2="110,60,118,100,72,123,64,9,113,99,53,45,6" hai3="77,3,117,125,35,111,5,93,129,61,54,70,13"/><V31/><F113/><W50/><G117/><T74/><D2/><U98/><E121/><V11/><F118/><W127/><G35/><T116/><D116/><U67/><E28/><V78/><F123/><W120/><G120/><T68/><D68/><U86/><E86/><V103/><F110/><W131/><G3/><T48/><D74/><U18/><E98/><V124/><F124/><N who="3" m="47691" /><G77/><T52/><D76/><U79/><E106/><V94/><F31/><W107/><G93/><T130/><D130/><U112/><E112/><V38/><F103/><W37/><G107/><T62/><D91/><U115/><E115/><V105/><F105/><W12/><G37/><T85/><D55/><U23/><E36/><V33/><F33/><W47/><G111/><T97/><D62/><U134/><E134/><V102/><F102/><W101/><G101/><T40/><REACH who="0" step="1"/><D97/><REACH who="0" ten="130,250,360,250" step="2"/><U24/><E71/><V109/><F99/><W88/><G88/><T16/><D16/><U10/><E69/><V90/><F78/><W108/><G108/><T65/><D65/><U87/><E67/><V29/><F64/><N who="3" m="41231" /><G5/><T66/><D66/><U57/><E84/><V8/><F6/><W1/><G1/><T27/><D27/><U81/><E87/><V32/><F72/><W92/><G131/><T80/><D80/><N who="1" m="30827" /><E79/><V133/><F109/><W46/><G129/><T75/><D75/><U0/><E0/><V128/><F128/><W73/><G73/><T126/><D126/><U39/><E24/><V4/><F90/><W63/><G63/><T17/><D17/><U96/><E18/><V122/><F100/><RYUUKYOKU ba="0,1" sc="130,30,250,-10,360,-10,250,-10" hai0="20,25,30,40,41,43,48,52,85,89,95,132,135" /><INIT seed="3,1,1,5,5,42" ten="160,240,350,240" oya="3" hai0="119,29,54,27,92,114,23,3,85,61,59,67,113" hai1="76,99,52,35,6,53,73,2,121,98,82,48,14" hai2="86,75,31,128,64,49,69,78,19,68,104,124,116" hai3="120,115,0,127,28,72,8,38,51,34,84,95,60"/><W117/><G115/><T5/><D119/><U125/><E35/><V37/><F116/><W112/><G112/><T90/><D3/><U1/><E121/><V26/><F37/><W132/><G38/><T100/><D5/><U66/><E66/><V30/><F75/><W87/><G72/><T79/><D79/><U97/><E53/><V25/><F104/><W123/><G117/><T107/><D107/><U105/><E105/><V50/><F124/><W130/><G127/><T20/><D20/><U46/><E125/><V45/><F19/><W57/><G130/><T56/><D56/><U122/><E122/><V33/><F128/><W77/><G132/><T89/><D89/><U108/><E108/><V109/><F109/><W40/><G34/><T131/><D131/><U101/><E101/><V41/><F64/><W71/><G71/><T96/><REACH who="0" step="1"/><D54/><REACH who="0" ten="150,240,350,240" step="2"/><U43/><E52/><N who="2" m="29743" /><F68/><W111/><G0/><T88/><D88/><U94/><E6/><V74/><F69/><W62/><G120/><T22/><D22/><U7/><E76/><V24/><F78/><W63/><G123/><T32/><D32/><U17/><E7/><V93/><F33/><W18/><G111/><T39/><D39/><U4/><E4/><V80/><F30/><W83/><G28/><T16/><D16/><U102/><E17/><V134/><F31/><W9/><G18/><T13/><D13/><U21/><E14/><V103/><F24/><W106/><G106/><T110/><D110/><U15/><E1/><V47/><F25/><W129/><G129/><T133/><D133/><U10/><E2/><RYUUKYOKU ba="1,2" sc="150,30,240,-10,350,-10,240,-10" hai0="23,27,29,59,61,67,85,90,92,96,100,113,114" owari="180,-32.0,230,3.0,360,46.0,230,-17.0" /></mjloggm>