<mjloggm ver="2.3"><GO type="225" lobby="0"/><UN n0="%E8%81%B7%E6%A5%AD%E3%80%81%E9%A2%A8%32" n1="%E5%8F%AF%E5%85%90%E9%82%A3%E7%94%B1%E5%A4%9A" n2="%E5%B6%BA%E4%B8%8A%E5%92%B2" n3="%E3%81%A8%E3%82%89%E3%81%84%E3%81%A1" dan="16,16,16,16" rate="2158.30,2091.38,2179.65,2135.12" sx="M,F,F,M"/><TAIKYOKU oya="0"/><INIT seed="0,0,0,2,5,95" ten="250,250,250,250" oya="0" hai0="39,62,90,24,119,10,42,8,5,109,113,7,103" hai1="51,132,83,88,105,134,34,78,128,28,16,33,123" hai2="124,94,4,38,57,15,111,30,84,44,81,68,114" hai3="47,121,96,79,117,56,118,53,46,49,19,108,17"/><T107/><D119/><U45/><E123/><V130/><F114/><W48/><G121/><T93/><D113/><U43/><E105/><V36/><F68/><W35/><G35/><T131/><D131/><U70/><E70/><V29/><F111/><W6/><G108/><T0/><D109/><U23/><E128/><V54/><F130/><W61/><G79/><T2/><D24/><U20/><E28/><V75/><F124/><W71/><G71/><T74/><D74/><U98/><E20/><V127/><F127/><W13/><G6/><T59/><D107/><U116/><E116/><V72/><F72/><W52/><G96/><T77/><D77/><U104/><E104/><V22/><F75/><W85/><G85/><T115/><D115/><U60/><E60/><V102/><F44/><W82/><G82/><T9/><D9/><U89/><E78/><N who="2" m="46135" /><F38/><W1/><G1/><T50/><D39/><U129/><E129/><V58/><F36/><W14/><G61/><T73/><D73/><U67/><E67/><V18/><F4/><W120/><G120/><T41/><D103/><U80/><E80/><V135/><F135/><N who="1" m="51753" /><E83/><V12/><F30/><W3/><G3/><T100/><D100/><U66/><E66/><V125/><F29/><W101/><G101/><T92/><D50/><U32/><E98/><N who="2" m="59735" /><F125/><W64/><G64/><N who="0" m="39007" /><D93/><U69/><E69/><V31/><F31/><W27/><G27/><AGARI ba="0,0" hai="16,23,27,32,33,34,43,45,51,88,89" m="51753" machi="27" ten="40,5200,0" yaku="20,1,54,2" doraHai="95" who="1" fromWho="3" sc="250,0,250,52,250,0,250,-52" /><INIT seed="1,0,0,4,2,105" ten="250,302,250,198" oya="1" hai0="73,15,84,50,126,132,81,113,111,28,23,56,49" hai1="52,83,1,122,8,38,66,86,99,112,2,20,70" hai2="54,6,11,22,5,104,67,61,51,114,87,64,129" hai3="0,80,35,96,116,123,101,33,59,26,72,46,100"/><U60/><E112/><V3/><F114/><W21/><G123/><T58/><D113/><U62/><E122/><V16/><F104/><W55/><G0/><T27/><D111/><U120/><E120/><V94/><F129/><W134/><G134/><T91/><D132/><U78/><E38/><V42/><F6/><W82/><G46/><T109/><D109/><U74/><E8/><V90/><F42/><W44/><G44/><T118/><D118/><U30/><E86/><V12/><REACH who="2" step="1"/><F61/><REACH who="2" ten="250,302,240,198" step="2"/><W48/><G116/><T77/><D126/><U108/><E108/><V41/><F41/><W68/><G68/><T53/><D50/><U85/><E62/><V131/><F131/><W25/><G48/><T71/><D49/><U4/><E4/><V31/><F31/><W115/><G115/><T97/><D28/><U135/><E135/><V107/><F107/><W88/><G33/><T7/><D7/><U117/><E30/><V10/><F10/><W39/><G35/><T36/><D36/><U102/><E60/><V24/><F24/><W43/><G26/><T14/><D27/><U110/><E70/><V69/><F69/><W40/><G39/><T37/><D71/><U79/><E110/><V121/><F121/><W130/><G130/><T34/><D34/><U124/><E117/><V133/><F133/><W75/><G43/><T127/><D37/><U57/><E124/><V119/><F119/><W63/><G40/><T95/><D127/><U29/><E29/><V47/><AGARI ba="0,1" hai="3,5,11,12,16,22,47,51,54,64,67,87,90,94" machi="47" ten="20,5200,0" yaku="1,1,0,1,7,1,54,1,53,0" doraHai="105" doraHaiUra="65" who="2" fromWho="2" sc="250,-13,302,-26,240,62,198,-13" /><INIT seed="2,0,0,5,0,24" ten="237,276,302,185" oya="2" hai0="45,106,135,34,104,47,100,4,82,26,1,40,49" hai1="80,73,36,97,37,77,78,68,75,22,127,79,8" hai2="112,99,14,3,0,120,110,55,54,69,5,129,52" hai3="19,60,72,15,83,51,41,46,92,31,57,7,101"/><V10/><F112/><W11/><G72/><T66/><D135/><U28/><E68/><V116/><F116/><W96/><G83/><T43/><D66/><U17/><E127/><V89/><F120/><W103/><G103/><T98/><D1/><U9/><E97/><V124/><F124/><W81/><G81/><T70/><D70/><U119/><E119/><V86/><F69/><W59/><G59/><T95/><D4/><U123/><E123/><V111/><F99/><W113/><G113/><T134/><D134/><U84/><E73/><V20/><F129/><W33/><G33/><T108/><D108/><N who="2" m="41514" /><F20/><W133/><G133/><T32/><D82/><AGARI ba="0,0" hai="0,3,5,10,14,52,54,55,82,86,89" m="41514" machi="82" ten="30,5800,0" yaku="14,1,10,1,54,1" doraHai="24" who="2" fromWho="0" sc="237,-58,276,0,302,58,185,0" /><INIT seed="2,1,0,4,1,46" ten="179,276,360,185" oya="2" hai0="44,53,119,22,14,68,78,52,50,89,118,87,109" hai1="92,82,84,115,2,41,105,73,6,100,18,97,30" hai2="120,36,65,27,122,90,1,45,113,58,99,13,0" hai3="133,129,15,33,34,24,135,42,55,81,8,37,121"/><V35/><F113/><W43/><G37/><T132/><D109/><U61/><E115/><V107/><F13/><W71/><G71/><T62/><D132/><N who="3" m="50761" /><G81/><T56/><D78/><U47/><E30/><N who="2" m="19935" /><F58/><W112/><G112/><T126/><D68/><U28/><E28/><V86/><F86/><W134/><G121/><N who="2" m="46697" /><F90/><W74/><G74/><T98/><D98/><U95/><E73/><V19/><F19/><W69/><G69/><T39/><D39/><U5/><E18/><V54/><F65/><W48/><G134/><T3/><D3/><U72/><E72/><V51/><F36/><W32/><G24/><T23/><D126/><U20/><E82/><V26/><F26/><W21/><G21/><T131/><D131/><U10/><E84/><V123/><N who="2" m="46705" /><V76/><DORA hai="67" /><F76/><W7/><G129/><T117/><D14/><U17/><E20/><V9/><F9/><W103/><G103/><T60/><D60/><U25/><E100/><N who="2" m="62879" /><F1/><W91/><G91/><T11/><REACH who="0" step="1"/><D11/><REACH who="0" ten="169,276,360,185" step="2"/><U75/><E10/><V83/><F0/><W38/><G38/><T40/><D40/><U49/><E41/><V104/><F104/><W16/><G7/><T125/><D125/><U80/><E5/><V77/><F77/><W85/><G85/><T110/><D110/><U102/><E6/><V128/><F128/><W57/><AGARI ba="1,1" hai="8,15,16,32,33,34,42,43,48,55,57" m="50761" machi="57" ten="40,5200,0" yaku="20,1,52,1,54,1" doraHai="46,67" who="3" fromWho="3" sc="169,-14,276,-14,360,-27,185,65" /><INIT seed="3,0,0,4,5,42" ten="155,262,333,250" oya="3" hai0="48,99,105,9,34,107,35,56,91,100,47,129,76" hai1="30,96,14,44,106,57,134,55,21,46,108,83,90" hai2="29,79,63,80,130,22,11,36,49,10,7,5,32" hai3="109,70,128,119,124,69,131,58,86,45,40,89,24"/><W28/><G119/><T123/><D123/><U117/><E117/><V16/><F36/><W120/><G120/><T0/><D129/><N who="3" m="49737" /><G58/><T125/><D125/><U65/><E108/><V84/><F130/><W27/><G124/><T73/><D107/><U98/><E134/><V15/><F63/><W3/><G3/><T33/><D91/><U25/><E65/><V101/><F101/><W127/><G127/><T2/><D9/><U102/><E14/><N who="2" m="5471" /><F32/><N who="3" m="20487" /><G27/><T17/><D17/><U38/><E38/><V94/><F29/><W54/><G54/><T26/><D26/><U61/><REACH who="1" step="1"/><E98/><REACH who="1" ten="155,252,333,250" step="2"/><V114/><F15/><W75/><G109/><T97/><D97/><U39/><E39/><V132/><F132/><W126/><G126/><T88/><D56/><U92/><E92/><V77/><F94/><N who="3" m="54583" /><G75/><T60/><D60/><U81/><E81/><V68/><F80/><W112/><G112/><T115/><D115/><U95/><E95/><V71/><F114/><W74/><G74/><T12/><D12/><U13/><E13/><N who="2" m="5359" /><F68/><W20/><G20/><T87/><D73/><U43/><E43/><V8/><F71/><W53/><G53/><T59/><D59/><U67/><E67/><V72/><F72/><W37/><AGARI ba="0,1" hai="37,40,45,69,70" m="54583,20487,49737" machi="37" ten="30,3000,0" yaku="19,1,52,1" doraHai="42" who="3" fromWho="3" sc="155,-10,252,-10,333,-10,250,40" /><INIT seed="3,1,0,0,1,64" ten="145,242,323,290" oya="3" hai0="95,98,97,129,133,34,125,21,108,3,81,102,87" hai1="27,86,69,43,65,12,96,113,74,83,68,100,35" hai2="54,119,28,103,41,122,117,36,24,55,82,116,131" hai3="78,23,51,25,120,58,118,104,128,94,71,135,73"/><W6/><G118/><T126/><D34/><U115/><E12/><V20/><F131/><W53/><G104/><N who="0" m="63567" /><D3/><U14/><E14/><V31/><F122/><W114/><G114/><N who="1" m="43530" /><E65/><V1/><F1/><W57/><G120/><T121/><D121/><U22/><E22/><V8/><F103/><W79/><G6/><T50/><D21/><U32/><E43/><V39/><F8/><W16/><G57/><T89/><D50/><U11/><E11/><V10/><F10/><W9/><G9/><T90/><D129/><U101/><E86/><V60/><F31/><W0/><G0/><T63/><D63/><U66/><E101/><V18/><F60/><W85/><G51/><T56/><D56/><U84/><E84/><V38/><F41/><W42/><G58/><T49/><D49/><U59/><E59/><V62/><F62/><W124/><G42/><T2/><D2/><U13/><E13/><V26/><REACH who="2" step="1"/><F82/><REACH who="2" ten="145,242,313,290" step="2"/><W67/><G128/><T112/><D112/><U91/><E66/><V19/><F19/><W106/><G16/><T111/><D133/><U72/><E91/><V48/><F48/><W80/><G135/><T47/><D47/><U110/><E27/><V127/><F127/><AGARI ba="1,1" hai="81,87,89,90,95,98,108,111,125,126,127" m="63567" machi="127" ten="30,3900,0" yaku="18,1,34,2" doraHai="64" who="0" fromWho="2" sc="145,52,242,0,313,-42,290,0" /><INIT seed="4,0,0,0,4,128" ten="197,242,271,290" oya="0" hai0="100,102,73,11,108,38,29,95,9,17,56,114,65" hai1="106,105,46,124,40,127,4,2,88,50,86,129,119" hai2="67,110,79,112,70,7,10,75,34,135,33,0,19" hai3="107,76,28,121,44,104,27,81,58,77,125,66,99"/><T14/><D73/><U60/><E119/><V21/><F110/><W53/><G125/><N who="1" m="48202" /><E129/><V134/><F112/><W61/><G121/><T69/><D114/><U41/><E41/><V71/><F79/><W49/><G99/><N who="0" m="59519" /><D108/><U126/><N who="1" m="48210" /><U97/><DORA hai="85" /><E97/><V83/><F83/><W84/><G77/><T22/><D38/><U63/><E4/><V115/><F75/><W51/><G51/><T72/><D72/><U89/><E2/><V31/><F115/><W39/><G39/><T32/><D69/><U96/><E96/><V80/><F80/><W6/><G6/><T116/><D116/><U122/><E122/><V48/><F70/><W68/><G68/><T1/><D102/><U54/><E86/><V117/><F117/><W101/><G101/><T20/><D1/><U82/><E82/><V113/><F113/><W90/><G76/><T13/><D32/><AGARI ba="0,0" hai="27,28,32,44,49,53,58,61,66,81,84,90,104,107" machi="32" ten="30,2000,0" yaku="7,1,52,1" doraHai="128,85" who="3" fromWho="0" sc="197,-20,242,0,271,0,290,20" owari="177,-32.3,242,-15.8,271,7.1,310,41.0" /></mjloggm>