<mjloggm ver="2.3"><GO type="225" lobby="0"/><UN n0="%E3%83%96%E3%83%83%E3%83%91%E3%82%AA%E3%83%96%E3%83%81%E3%82%AD%E3%83%B3" n1="%E8%B5%A4%E3%81%84%E8%9B%99%31%31" n2="%E3%81%A4%E3%81%A3%E3%81%B1%E3%82%8A%E3%83%9D%E3%83%BC%E3%83%AB" n3="%E6%A1%9C%E8%8A%B1%E9%96%83%E3%80%85" dan="16,16,17,16" rate="2202.01,2096.07,2184.61,2158.80" sx="M,M,M,M"/><TAIKYOKU oya="0"/><INIT seed="0,0,0,5,2,68" ten="250,250,250,250" oya="0" hai0="26,118,42,59,116,81,84,47,46,126,31,67,125" hai1="8,107,7,3,91,35,10,39,9,12,64,103,88" hai2="61,97,72,93,119,5,14,82,134,18,79,92,17" hai3="2,100,23,19,128,41,24,129,16,63,115,99,65"/><T29/><D67/><U22/><E35/><V57/><F134/><W43/><G2/><T62/><D62/><U66/><E39/><V28/><F119/><W34/><G115/><T51/><D59/><U135/><E135/><V56/><F28/><W71/><G19/><T101/><D101/><U90/><E22/><V69/><F69/><W86/><G86/><T114/><D114/><U96/><REACH who="1" step="1"/><E10/><REACH who="1" ten="250,240,250,250" step="2"/><V4/><F4/><AGARI ba="0,1" hai="3,4,7,8,9,12,64,66,88,90,91,96,103,107" machi="4" ten="40,8000,1" yaku="1,1,2,1,54,1,53,2" doraHai="68" doraHaiUra="0" who="1" fromWho="2" sc="250,0,240,90,250,-80,250,0" /><INIT seed="1,0,0,5,3,73" ten="250,330,170,250" oya="1" hai0="5,105,44,59,19,94,78,21,83,15,28,34,64" hai1="58,82,56,55,16,71,80,14,42,47,88,125,8" hai2="79,133,120,62,69,33,68,121,31,101,30,24,29" hai3="127,0,57,113,130,99,93,6,27,17,7,49,37"/><U76/><E71/><V129/><F133/><W43/><G113/><T40/><D105/><U70/><E70/><V92/><F129/><W63/><G130/><T97/><D5/><U3/><E3/><V112/><F112/><W111/><G37/><T36/><D34/><U45/><E125/><V115/><F115/><W106/><G111/><T128/><D128/><U32/><E32/><V84/><F33/><W98/><G106/><T134/><D134/><U103/><E103/><V9/><F24/><W131/><G127/><T132/><D132/><U74/><E55/><V50/><F9/><W22/><G0/><T20/><D64/><U52/><E47/><V66/><F69/><W117/><G117/><T110/><D110/><U102/><E102/><V116/><F116/><W108/><G98/><T90/><D59/><U23/><E23/><V25/><F25/><W11/><G11/><T104/><D104/><U122/><E122/><V60/><F60/><W107/><G107/><T126/><D126/><U124/><E124/><V100/><F50/><W85/><G108/><T135/><D135/><U95/><E82/><V12/><F12/><W67/><G131/><T13/><D28/><U46/><E46/><V72/><F72/><W65/><G65/><T1/><D1/><U118/><E118/><V119/><F119/><W26/><G26/><T53/><D53/><U2/><E52/><V4/><F4/><N who="3" m="1579" /><G49/><T35/><D35/><U114/><E114/><V39/><F39/><W61/><G61/><T48/><D36/><N who="1" m="21703" /><E2/><V109/><F109/><W41/><G99/><T18/><D83/><RYUUKYOKU ba="0,0" sc="250,10,330,10,170,-30,250,10" hai0="13,15,18,19,20,21,40,44,48,78,90,94,97" hai1="8,14,16,56,58,74,76,80,88,95" hai3="17,22,27,41,43,57,63,67,85,93" /><INIT seed="1,1,0,1,5,26" ten="260,340,140,260" oya="1" hai0="22,35,75,54,49,52,40,104,3,36,114,129,79" hai1="46,89,72,124,24,45,57,23,90,17,1,118,8" hai2="127,51,102,43,9,100,87,37,109,71,32,111,21" hai3="120,119,2,81,47,29,126,73,62,117,16,53,101"/><U133/><E118/><N who="3" m="45066" /><G120/><T18/><D114/><U132/><E72/><V0/><F71/><W20/><G126/><T44/><D104/><U83/><E57/><V125/><F37/><W78/><G2/><T134/><D134/><N who="1" m="51819" /><E124/><N who="2" m="47691" /><F32/><W97/><G62/><T58/><D129/><U108/><E108/><N who="2" m="41547" /><F87/><W76/><G76/><T74/><D3/><U115/><E115/><V98/><F98/><W70/><G70/><T34/><D75/><U61/><E61/><V88/><F88/><N who="1" m="33897" /><E83/><V19/><F9/><W77/><G77/><T33/><D74/><U122/><E122/><V91/><F0/><W12/><G97/><T106/><D79/><U31/><E1/><V80/><F91/><W13/><G101/><T121/><D121/><U131/><E131/><V113/><F80/><W14/><G73/><T130/><D130/><U85/><E85/><V15/><F113/><W38/><G81/><T42/><D106/><U86/><E86/><V68/><F68/><W6/><G78/><T56/><D56/><U67/><E67/><V82/><F82/><W69/><G69/><T55/><REACH who="0" step="1"/><D42/><REACH who="0" ten="250,340,140,260" step="2"/><U110/><E110/><V60/><F60/><W11/><G6/><T7/><D7/><U30/><E8/><V5/><F5/><W92/><G92/><T27/><AGARI ba="1,1" hai="18,22,27,33,34,35,36,40,44,49,52,54,55,58" machi="27" ten="30,4000,0" yaku="1,1,0,1,54,1,53,0" doraHai="26" doraHaiUra="128" who="0" fromWho="0" sc="250,53,340,-21,140,-11,260,-11" /><INIT seed="2,0,0,2,5,109" ten="303,319,129,249" oya="2" hai0="73,122,3,63,48,118,5,24,36,14,78,127,56" hai1="7,15,103,0,60,28,35,88,45,37,43,133,135" hai2="72,75,85,65,27,107,40,119,79,58,66,39,89" hai3="106,126,61,71,50,101,33,93,128,108,70,87,92"/><V12/><F107/><W4/><G108/><T44/><D122/><U112/><E112/><V6/><F119/><W8/><G33/><T86/><D118/><U98/><E0/><V62/><F66/><W94/><G126/><T53/><D127/><U26/><E60/><V76/><F72/><W11/><G11/><T68/><D68/><U82/><E7/><V131/><F75/><W90/><G128/><T104/><D104/><U29/><E15/><V97/><F131/><W41/><G106/><T21/><D36/><U114/><E29/><V134/><F134/><W51/><G51/><T52/><D73/><U1/><E1/><V124/><F97/><W19/><G19/><T116/><D3/><U125/><E114/><V84/><F124/><W69/><G61/><T16/><D116/><U132/><E125/><V34/><F39/><W2/><REACH who="3" step="1"/><G101/><REACH who="3" ten="303,319,129,239" step="2"/><T46/><D5/><U13/><E103/><V42/><F34/><W30/><G30/><T83/><D24/><U100/><E26/><V130/><F27/><W67/><G67/><T96/><D96/><U77/><E28/><V81/><F130/><W32/><G32/><T121/><D121/><U55/><E35/><V64/><F64/><W47/><AGARI ba="0,1" hai="2,4,8,41,47,50,69,70,71,87,90,92,93,94" machi="47" ten="40,2700,0" yaku="1,1,0,1,53,0" doraHai="109" doraHaiUra="9" who="3" fromWho="3" sc="303,-7,319,-7,129,-13,239,37" /><INIT seed="3,0,0,3,4,55" ten="296,312,116,276" oya="3" hai0="96,121,82,68,85,30,54,4,114,94,72,135,134" hai1="31,16,41,97,116,128,10,122,36,65,44,132,73" hai2="90,113,49,83,43,61,22,59,50,98,109,6,3" hai3="20,79,108,84,130,21,86,34,99,80,100,19,102"/><W125/><G125/><T5/><D72/><U7/><E122/><V106/><F113/><W70/><G34/><T129/><D121/><U103/><E128/><V14/><F109/><W88/><G130/><T66/><D129/><U60/><E132/><N who="0" m="50729" /><D114/><U52/><E31/><V1/><F1/><W56/><G70/><T32/><D54/><U47/><E73/><V0/><F0/><W91/><G108/><T2/><D2/><U37/><E116/><V26/><F3/><W133/><G133/><T87/><D66/><U13/><E7/><N who="0" m="2633" /><D68/><U126/><E126/><V12/><F106/><W131/><G131/><T117/><D117/><U107/><E52/><N who="2" m="34023" /><F43/><W42/><G42/><T101/><D82/><U74/><E74/><V18/><F83/><N who="3" m="49247" /><G56/><T63/><D63/><U120/><E120/><V8/><F14/><N who="3" m="9335" /><G21/><T35/><D35/><U53/><E37/><V123/><F123/><W93/><AGARI ba="0,0" hai="79,80,84,91,93,99,100,102" m="9335,49247" machi="93" ten="30,3000,0" yaku="8,1,54,1" doraHai="55" who="3" fromWho="3" sc="296,-10,312,-10,116,-10,276,30" owari="286,-11.4,302,10.2,106,-39.4,306,40.6" /></mjloggm>