<mjloggm ver="2.3"><GO type="225" lobby="0"/><UN n0="%E5%91%A8%E6%9D%B1" n1="%77%72%77%72%77%72%77%72" n2="%E5%A4%8F%E9%88%B4%E9%88%B4%E5%A4%8F" n3="%E7%9A%AE%E3%80%85" dan="17,16,16,16" rate="2125.72,2180.63,2106.55,2160.93" sx="M,M,F,F"/><TAIKYOKU oya="0"/><INIT seed="0,0,0,1,3,120" ten="250,250,250,250" oya="0" hai0="57,64,15,25,70,132,36,119,43,83,50,114,40" hai1="30,101,121,29,107,37,66,44,8,41,55,54,17" hai2="19,74,90,62,77,45,1,122,11,105,31,117,20" hai3="4,69,89,23,130,71,82,100,123,92,118,134,129"/><T110/><D83/><U103/><E121/><V49/><F122/><W53/><G123/><T2/><D2/><U112/><E112/><V79/><F105/><W124/><G118/><T73/><D73/><U135/><E135/><V116/><F31/><W51/><G134/><T60/><D15/><U131/><E131/><N who="3" m="50186" /><G124/><T93/><D25/><U47/><E66/><V111/><F62/><W109/><G109/><T22/><D93/><U12/><E107/><V28/><F90/><W85/><G4/><T33/><D22/><U63/><E63/><V67/><F67/><W10/><G10/><T48/><D33/><U81/><E81/><V80/><F28/><W68/><G23/><T95/><D95/><U5/><E5/><V38/><F79/><W75/><G100/><T46/><D132/><U126/><E126/><V58/><F11/><W97/><G75/><T6/><D6/><U128/><E128/><V102/><F1/><W127/><G127/><T113/><D119/><U14/><E29/><V94/><F102/><N who="1" m="38921" /><E30/><V78/><F74/><W96/><G82/><T34/><D34/><U39/><E12/><N who="2" m="9319" /><F80/><W88/><G89/><T21/><D21/><U3/><E3/><V84/><F117/><W0/><G0/><T99/><D99/><U108/><E108/><V61/><F111/><W98/><G96/><T42/><D110/><U86/><E86/><V133/><F116/><W87/><G85/><T91/><D91/><U56/><E55/><N who="2" m="34015" /><F133/><W16/><G16/><T27/><D27/><U13/><E13/><V125/><F125/><W26/><G26/><T35/><D114/><RYUUKYOKU ba="0,0" sc="250,-10,250,-10,250,-10,250,30" hai3="51,53,68,69,71,87,88,92,97,98" /><INIT seed="1,1,0,0,5,20" ten="240,240,240,280" oya="1" hai0="41,43,112,2,128,103,78,42,133,71,107,47,18" hai1="84,9,97,59,134,1,83,54,81,87,8,17,40" hai2="74,98,36,82,11,63,51,70,45,116,105,127,4" hai3="123,101,72,117,125,28,129,135,21,94,10,35,48"/><U73/><E134/><V5/><F116/><W106/><G123/><T131/><D2/><U93/><E73/><V31/><F127/><W76/><G135/><T77/><D133/><U126/><E126/><V29/><F36/><W34/><G125/><T124/><D124/><U99/><E40/><N who="0" m="15465" /><D71/><U30/><E30/><V25/><F105/><W52/><G117/><T49/><D112/><U130/><E130/><N who="0" m="49705" /><D18/><U44/><E44/><V113/><F31/><W79/><G129/><T46/><D46/><U85/><E1/><V69/><F98/><AGARI ba="1,0" hai="43,47,49,77,78,98,103,107" m="49705,15465" machi="98" ten="30,1000,0" yaku="19,1" doraHai="20" who="0" fromWho="2" sc="240,13,240,0,240,-13,280,0" /><INIT seed="2,0,0,3,3,132" ten="253,240,227,280" oya="2" hai0="128,31,103,124,69,104,102,115,36,82,22,51,20" hai1="50,15,116,101,72,38,133,33,47,95,119,88,68" hai2="25,60,94,110,74,23,56,63,135,71,17,89,12" hai3="11,117,53,100,48,123,67,122,16,76,80,73,3"/><V91/><F135/><W64/><G117/><T96/><D36/><U28/><E133/><V8/><F110/><W65/><G100/><T49/><D115/><U109/><E38/><V79/><F71/><W97/><G97/><T13/><D69/><U83/><E109/><V18/><F63/><W120/><G3/><T131/><D82/><U105/><E68/><V19/><F79/><W62/><G11/><T21/><D31/><U59/><E59/><V134/><F74/><W126/><G126/><T107/><D13/><U34/><E15/><V106/><F106/><N who="0" m="40490" /><D96/><N who="1" m="61607" /><E28/><N who="2" m="17471" /><F134/><W29/><G29/><T85/><D85/><N who="1" m="52623" /><E33/><V46/><F46/><W93/><G93/><T54/><D124/><U44/><E44/><V114/><F114/><W127/><G127/><T90/><D90/><N who="2" m="34314" /><F94/><W78/><G78/><T2/><D2/><U6/><E34/><V81/><F81/><W58/><REACH who="3" step="1"/><G16/><REACH who="3" ten="253,240,227,270" step="2"/><T125/><D125/><U0/><E0/><V84/><F84/><W111/><G111/><T86/><D86/><U32/><E32/><V37/><F37/><W41/><G41/><T130/><D51/><AGARI ba="0,1" hai="48,51,53,58,62,64,65,67,73,76,80,120,122,123" machi="51" ten="50,1600,0" yaku="1,1,53,0" doraHai="132" doraHaiUra="99" who="3" fromWho="0" sc="253,-16,240,0,227,0,270,26" /><INIT seed="3,0,0,2,0,6" ten="237,240,227,296" oya="3" hai0="2,43,91,55,36,75,50,56,71,19,49,90,22" hai1="84,44,77,79,81,15,26,32,98,34,31,28,24" hai2="76,135,112,92,122,20,63,130,11,65,12,30,61" hai3="87,82,73,51,52,57,83,74,58,68,85,119,0"/><W4/><G68/><T125/><D75/><U10/><E98/><V108/><F112/><W17/><G119/><T97/><D2/><U53/><E53/><V62/><F108/><W78/><G17/><T99/><D71/><U16/><E44/><V3/><F3/><W45/><G4/><T1/><D1/><U110/><REACH who="1" step="1"/><E110/><REACH who="1" ten="237,230,227,296" step="2"/><V114/><F114/><W106/><G106/><T111/><D111/><U133/><E133/><V14/><F135/><W66/><G0/><T89/><D36/><U70/><E70/><V118/><F118/><W131/><G131/><T8/><D99/><U37/><E37/><V120/><F130/><W95/><G45/><N who="0" m="25791" /><D97/><U60/><E60/><V115/><F115/><W102/><G52/><T54/><D54/><U7/><E7/><N who="2" m="3199" /><F120/><W23/><G66/><T107/><D107/><U40/><E40/><V88/><F122/><W132/><G132/><T117/><D117/><U27/><E27/><N who="2" m="16743" /><F65/><W121/><G121/><T104/><D104/><U80/><E80/><V5/><F5/><W35/><G83/><T21/><D125/><U123/><E123/><V93/><F14/><AGARI ba="0,1" hai="8,14,19,21,22,50,55,56,89,90,91" m="25791" machi="14" ten="30,2000,0" yaku="8,1,52,1" doraHai="6" who="0" fromWho="2" sc="237,30,230,0,227,-20,296,0" /><INIT seed="4,0,0,2,5,20" ten="267,230,207,296" oya="0" hai0="7,59,86,73,135,88,79,34,101,38,15,3,134" hai1="121,96,91,8,116,21,54,99,26,62,107,19,12" hai2="18,127,24,13,74,71,128,129,76,95,53,36,44" hai3="31,2,132,4,115,48,70,64,10,40,72,90,46"/><T17/><D38/><U9/><E116/><V55/><F71/><W56/><G72/><T112/><D112/><U27/><E121/><V92/><F76/><W57/><G115/><T65/><D101/><U14/><E107/><V100/><F74/><W78/><G78/><T97/><D97/><N who="1" m="37451" /><E91/><V125/><F100/><W85/><G31/><T130/><D34/><U84/><E84/><V33/><F36/><W82/><G132/><N who="0" m="50731" /><D130/><N who="2" m="50282" /><F44/><W51/><G48/><T109/><D109/><U94/><E94/><N who="2" m="35883" /><F24/><N who="1" m="9257" /><E14/><V105/><F105/><W106/><G106/><T30/><D15/><U98/><E98/><V63/><F33/><W133/><G133/><T11/><D73/><U5/><E5/><V47/><F47/><W41/><G46/><T124/><D79/><U43/><E43/><V28/><F28/><W1/><G41/><T81/><D30/><U42/><E42/><V111/><F111/><W66/><G40/><T120/><D120/><U6/><E6/><V61/><F127/><W108/><G4/><T83/><D124/><U45/><E45/><V23/><F125/><W75/><G75/><T69/><D7/><U39/><E39/><V126/><F126/><W50/><G108/><T67/><D88/><U131/><E131/><V49/><F49/><W117/><G90/><T80/><D86/><U103/><E103/><V104/><F104/><W93/><G85/><T32/><D32/><U113/><E113/><V87/><F87/><W118/><G117/><T89/><D89/><U119/><E119/><V102/><F102/><W60/><G118/><T77/><D77/><U29/><E29/><RYUUKYOKU ba="0,0" sc="267,-15,230,15,207,15,296,-15" hai1="8,9,12,19,21,54,62" hai2="13,18,23,53,55,61,63" /><INIT seed="5,1,0,1,1,50" ten="252,245,222,281" oya="1" hai0="71,72,1,46,8,23,113,132,29,127,95,35,43" hai1="77,120,10,47,124,4,81,118,68,126,70,26,93" hai2="96,9,98,105,100,75,19,45,97,64,108,74,59" hai3="84,3,52,87,116,58,66,31,54,61,88,119,24"/><U38/><E118/><N who="3" m="45098" /><G3/><T91/><D71/><U94/><E120/><V69/><F108/><W73/><G73/><T125/><D72/><N who="1" m="43175" /><E26/><V99/><F69/><N who="1" m="26729" /><E93/><V37/><F45/><W11/><G11/><T76/><D76/><U90/><E90/><V60/><REACH who="2" step="1"/><F37/><REACH who="2" ten="252,245,212,281" step="2"/><W83/><G87/><T48/><D46/><U18/><E47/><V92/><F92/><W2/><G2/><T86/><D95/><U14/><E94/><V17/><F17/><W33/><AGARI ba="1,1" hai="24,31,33,52,54,58,61,66,83,84,88" m="45098" machi="33" ten="30,8000,1" yaku="12,1,52,2,54,2" doraHai="50" who="3" fromWho="3" sc="252,-21,245,-41,212,-21,281,93" owari="231,3.1,204,-19.6,191,-30.9,374,47.4" /></mjloggm>