<mjloggm ver="2.3"><GO type="225" lobby="0"/><UN n0="%E4%BF%BA%E3%81%A8%E5%A6%96%E5%A4%A2" n1="%E3%83%A9%E3%82%B9%E7%8E%87%EF%BC%93%E5%89%B2" n2="%E7%8D%85%E5%AD%90%E5%BA%A7%E3%81%8B%E3%81%A3%E3%81%B4%E3%83%BC" n3="%E3%81%AF%E3%82%88%E3%81%8A%E3%81%98%E3%81%95%E3%82%93" dan="16,17,16,17" rate="2269.12,2235.83,2103.07,2208.29" sx="F,F,M,M"/><TAIKYOKU oya="0"/><INIT seed="0,0,0,2,4,64" ten="250,250,250,250" oya="0" hai0="118,13,60,28,112,135,1,34,95,10,119,104,9" hai1="70,80,78,90,35,76,91,124,122,88,123,99,5" hai2="4,6,103,106,62,0,40,18,33,65,83,109,38" hai3="97,74,96,81,7,125,82,120,115,61,73,67,32"/><T36/><D104/><U31/><E5/><V53/><F53/><W19/><G32/><T45/><D112/><U128/><E70/><N who="2" m="42295" /><F18/><W132/><G115/><T27/><D135/><U131/><E31/><V56/><F6/><W2/><G132/><T134/><D134/><U20/><E20/><V69/><F56/><W17/><G7/><T63/><D9/><U92/><E35/><V55/><F55/><W49/><G49/><T25/><D25/><U37/><E37/><V111/><F83/><W41/><G67/><T66/><D1/><U129/><E124/><V15/><F15/><W105/><G105/><T85/><D60/><U71/><E71/><V16/><F16/><W127/><G61/><T87/><D36/><U48/><E48/><V8/><F33/><W47/><G47/><T77/><D45/><U21/><E21/><V14/><F14/><W101/><G101/><T57/><D85/><N who="1" m="48263" /><E78/><V130/><F69/><W114/><G114/><T11/><D11/><U113/><E113/><V86/><F130/><W68/><G68/><T89/><REACH who="0" step="1"/><D77/><REACH who="0" ten="240,250,250,250" step="2"/><U102/><AGARI ba="0,1" hai="88,90,91,92,99,102,122,123,128,129,131" m="48263" machi="102" ten="40,8000,1" yaku="19,1,34,2,54,1" doraHai="64" who="1" fromWho="1" sc="240,-40,250,90,250,-20,250,-20" /><INIT seed="1,0,0,1,2,12" ten="200,340,230,230" oya="1" hai0="102,110,85,38,128,130,107,23,117,0,54,82,57" hai1="72,86,21,4,116,25,133,123,56,100,3,40,50" hai2="51,26,37,29,18,104,31,118,96,131,19,67,87" hai3="111,15,119,74,71,91,52,88,83,78,28,55,90"/><U35/><E72/><V70/><F37/><W120/><G120/><T89/><D38/><U73/><E73/><V132/><F118/><W5/><G71/><T8/><D117/><U13/><E123/><V113/><F113/><W44/><G119/><T94/><D107/><U64/><E100/><N who="2" m="62471" /><F31/><W48/><G111/><T125/><D110/><U16/><E133/><V127/><F51/><W79/><G28/><T135/><D135/><U112/><E112/><V49/><F49/><W30/><G30/><T59/><D125/><U76/><E35/><N who="2" m="20919" /><F132/><W17/><G5/><T24/><D8/><N who="1" m="4231" /><E3/><V124/><F87/><W105/><G105/><T108/><D0/><U45/><E116/><V47/><F47/><W63/><G79/><T103/><D59/><U2/><E2/><V99/><F99/><W129/><G129/><N who="0" m="49771" /><D94/><U46/><E46/><V11/><F11/><W34/><G34/><T121/><D108/><U20/><E20/><V42/><F42/><W66/><G66/><T36/><D36/><U126/><E126/><N who="2" m="48171" /><F131/><W65/><G48/><N who="0" m="30919" /><D121/><U122/><E122/><V22/><F22/><W14/><G44/><T92/><D92/><U53/><E64/><V9/><F9/><W69/><REACH who="3" step="1"/><G14/><REACH who="3" ten="200,340,230,220" step="2"/><T75/><D75/><U95/><E76/><V7/><F7/><W115/><G115/><T84/><D24/><U77/><E77/><V114/><F114/><W41/><G41/><T134/><D134/><U62/><E40/><V106/><F106/><W32/><G32/><T93/><D23/><AGARI ba="0,1" hai="15,17,23,52,55,63,65,69,74,78,83,88,90,91" machi="23" ten="40,8000,1" yaku="1,1,52,1,54,2,53,0" doraHai="12" doraHaiUra="27" who="3" fromWho="0" sc="200,-80,340,0,230,0,220,90" /><INIT seed="2,0,0,3,0,29" ten="120,340,230,310" oya="2" hai0="81,90,96,24,100,104,64,17,62,34,15,61,131" hai1="20,25,125,57,114,68,26,86,67,56,63,97,88" hai2="102,28,43,92,82,112,77,58,72,71,2,103,7" hai3="109,35,116,93,46,21,110,36,59,12,98,52,80"/><V111/><F112/><W85/><G116/><T65/><D131/><U31/><E114/><V41/><F71/><W44/><G36/><T18/><D90/><U69/><E125/><V51/><F111/><N who="3" m="42507" /><G35/><T0/><D0/><U108/><E108/><V42/><F28/><W121/><G121/><T76/><D62/><U3/><E3/><V99/><F103/><N who="3" m="60879" /><G12/><T101/><D101/><U129/><E129/><V32/><F7/><W70/><G21/><T133/><D133/><U54/><E97/><V132/><F2/><W126/><G70/><T1/><D1/><U33/><E26/><V4/><F4/><W134/><G126/><T66/><D61/><U124/><E20/><V47/><F132/><W6/><G6/><T123/><D123/><U113/><E113/><V91/><F32/><W50/><G134/><T27/><D17/><U10/><E10/><V49/><F102/><W79/><AGARI ba="0,0" hai="44,46,50,52,59,79,80,85" m="60879,42507" machi="79" ten="30,2000,0" yaku="14,1,54,1" doraHai="29" who="3" fromWho="3" sc="120,-5,340,-5,230,-10,310,20" /><INIT seed="3,0,0,5,0,8" ten="115,335,220,330" oya="3" hai0="29,50,47,30,125,13,66,65,0,62,73,12,3" hai1="11,119,28,133,131,21,24,122,22,1,71,128,105" hai2="23,117,83,55,81,98,40,59,36,19,70,114,118" hai3="54,69,78,85,16,15,10,37,86,49,132,34,74"/><W79/><G37/><T102/><D73/><U75/><E122/><V130/><F70/><W123/><G123/><T106/><D106/><U104/><E75/><V32/><F32/><W57/><G69/><T42/><D102/><U134/><E71/><V68/><F68/><W108/><G34/><T127/><D62/><U5/><E119/><V51/><F114/><W115/><G115/><T100/><D100/><U99/><E22/><V103/><F130/><N who="1" m="49705" /><E99/><V53/><F36/><W17/><G74/><T27/><D27/><U38/><E38/><V111/><F40/><W126/><G126/><N who="0" m="48139" /><D50/><U80/><E80/><V58/><F118/><W92/><G132/><AGARI ba="0,0" hai="1,5,11,21,24,28,104,105,132,133,134" m="49705" machi="132" ten="30,2000,0" yaku="20,1,19,1" doraHai="8" who="1" fromWho="3" sc="115,0,335,20,220,0,330,-20" owari="115,-38.5,355,45.5,220,-18.0,310,11.0" /></mjloggm>