<mjloggm ver="2.3"><GO type="225" lobby="0"/><UN n0="%E3%83%81%E3%83%83%E3%82%BF%E3%82%BD%E3%83%BC" n1="%E6%A1%9C%E6%B2%A2%E5%A2%A8" n2="%E4%BF%BA%E3%81%A8%E5%A6%96%E5%A4%A2" n3="%E5%B8%86%E7%AB%8B%E5%A4%8F%E8%A1%A3" dan="16,17,16,17" rate="2123.88,2143.16,2139.30,2180.99" sx="F,F,F,M"/><TAIKYOKU oya="0"/><INIT seed="0,0,0,3,0,48" ten="250,250,250,250" oya="0" hai0="97,43,115,18,98,75,126,82,76,87,24,52,78" hai1="59,77,73,30,20,92,53,3,60,118,62,113,123" hai2="69,134,12,91,55,63,110,35,42,0,135,61,124" hai3="72,16,9,34,119,130,67,81,37,39,93,74,49"/><T105/><D126/><U56/><E118/><V104/><F0/><W32/><G67/><T131/><D131/><U79/><E123/><V107/><F35/><W5/><G130/><T13/><D115/><U4/><E113/><V86/><F124/><W109/><G119/><T114/><D114/><U102/><E73/><V129/><F129/><W58/><G109/><T132/><D132/><N who="2" m="50730" /><F110/><W85/><G39/><T122/><D122/><U21/><E4/><V106/><F42/><W1/><G37/><T51/><D43/><U120/><E3/><V103/><F103/><W50/><G50/><T100/><D97/><N who="1" m="59687" /><E120/><V25/><F25/><W96/><G34/><T101/><D100/><U27/><E21/><V128/><F128/><W17/><G32/><T83/><D24/><U68/><E68/><V15/><F69/><W88/><G74/><T121/><D121/><U6/><E6/><V125/><F125/><W41/><G72/><T36/><D36/><U71/><E71/><V89/><F55/><AGARI ba="0,0" hai="20,27,30,53,55,56,59,60,62,77,79" m="59687" machi="55" ten="30,3900,0" yaku="8,1,52,2" doraHai="48" who="1" fromWho="2" sc="250,0,250,39,250,-39,250,0" /><INIT seed="1,0,0,2,1,49" ten="250,289,211,250" oya="1" hai0="21,40,12,97,114,54,16,88,130,26,13,83,6" hai1="2,56,53,7,135,126,117,32,112,61,124,24,60" hai2="86,131,33,128,41,23,125,80,76,19,28,84,36" hai3="63,116,105,1,92,64,93,51,47,72,39,113,30"/><U65/><E7/><V18/><F33/><W0/><G113/><T35/><D130/><N who="2" m="49706" /><F28/><W79/><G116/><T52/><D114/><U11/><E11/><V57/><F125/><N who="1" m="48233" /><E2/><V48/><F36/><W25/><G39/><T38/><D35/><U50/><E32/><V17/><F86/><W133/><G105/><T15/><D6/><U68/><E24/><N who="2" m="14447" /><F41/><W107/><G107/><T3/><D3/><U59/><E112/><V118/><F118/><W14/><G1/><T78/><D40/><U103/><E103/><V85/><F85/><W119/><G0/><T73/><REACH who="0" step="1"/><D38/><REACH who="0" ten="240,289,211,250" step="2"/><U101/><E117/><V77/><F77/><W132/><G79/><T82/><D82/><U62/><E135/><V71/><F71/><W69/><G119/><T5/><D5/><U20/><E20/><V134/><F134/><W27/><G133/><T106/><D106/><U110/><E110/><V120/><F120/><W8/><G132/><T98/><D98/><U45/><E101/><V127/><F127/><W87/><G69/><T122/><D122/><U74/><E74/><V4/><F4/><W58/><G72/><T108/><D108/><U22/><E22/><V55/><AGARI ba="0,1" hai="18,19,48,55,57,76,80,84" m="14447,49706" machi="55" ten="30,2000,0" yaku="19,1,52,1" doraHai="49" who="2" fromWho="2" sc="240,-5,289,-10,211,30,250,-5" /><INIT seed="2,0,0,3,5,43" ten="235,279,241,245" oya="2" hai0="40,65,74,55,107,124,59,102,1,95,66,19,76" hai1="31,108,30,44,57,53,122,126,28,79,34,118,46" hai2="15,5,21,26,7,113,20,42,23,50,96,133,87" hai3="112,75,81,84,111,18,64,77,123,13,114,54,80"/><V132/><F96/><W83/><G111/><T104/><D124/><U131/><E118/><V0/><F87/><W24/><G64/><T41/><D1/><U51/><E108/><V35/><F113/><N who="3" m="43627" /><G123/><T109/><D109/><U10/><E126/><V73/><F73/><W103/><G103/><T45/><D104/><U8/><E34/><V58/><F58/><W49/><G24/><T22/><D107/><U119/><E119/><V62/><F62/><W120/><G120/><T38/><D40/><U12/><E122/><V4/><F50/><W92/><G92/><T37/><D38/><U93/><E131/><V25/><F42/><W105/><G105/><T29/><D29/><U98/><E79/><V106/><F106/><W72/><G72/><T91/><D102/><N who="1" m="60751" /><E10/><N who="2" m="2311" /><F35/><W134/><G134/><N who="2" m="51817" /><F5/><AGARI ba="0,0" hai="5,8,12,28,30,31,44,46,51,53,57" m="60751" machi="5" ten="30,3900,0" yaku="8,1,52,2" doraHai="43" who="1" fromWho="2" sc="235,0,279,39,241,-39,245,0" /><INIT seed="3,0,0,4,1,106" ten="235,318,202,245" oya="3" hai0="124,28,108,38,90,126,122,72,3,70,81,20,31" hai1="109,34,73,98,79,84,2,37,111,19,1,88,133" hai2="5,51,128,22,120,85,130,102,10,134,0,116,97" hai3="36,135,91,4,15,8,48,131,14,92,101,35,6"/><W118/><G36/><T30/><D108/><N who="1" m="41547" /><E133/><V80/><F134/><W46/><G35/><T117/><D117/><U52/><E37/><V82/><F116/><W63/><G131/><T16/><D122/><U87/><E34/><V24/><F120/><W27/><G135/><T71/><D3/><U121/><E121/><V113/><F113/><W83/><G63/><T11/><D11/><U18/><E73/><V103/><F82/><W105/><G105/><T127/><D38/><U47/><E98/><V78/><F51/><W25/><G101/><T96/><D96/><U40/><E40/><V62/><F103/><W50/><G83/><T60/><D60/><U65/><E65/><V57/><F97/><W74/><G74/><T26/><REACH who="0" step="1"/><D90/><REACH who="0" ten="225,318,202,245" step="2"/><U54/><E1/><V93/><F102/><W107/><G118/><T66/><D66/><U45/><E2/><V9/><F10/><W112/><G112/><T33/><D33/><U76/><E88/><V32/><F32/><W132/><G132/><T55/><D55/><U39/><E39/><V104/><F104/><W29/><G107/><T69/><D69/><U13/><E54/><V64/><REACH who="2" step="1"/><F93/><REACH who="2" ten="225,318,192,245" step="2"/><W86/><G8/><T17/><D17/><AGARI ba="0,2" hai="0,5,9,17,22,24,57,62,64,78,80,85,128,130" machi="17" ten="40,2600,0" yaku="1,1,2,1,53,0" doraHai="106" doraHaiUra="89" who="2" fromWho="0" sc="225,-26,318,0,192,46,245,0" owari="199,-30.1,318,41.8,238,-16.2,245,4.5" /></mjloggm>