<mjloggm ver="2.3"><GO type="225" lobby="0"/><UN n0="%E3%81%AD%E3%82%80%E3%81%84%40%E9%9B%80%E9%B3%B4%E4%BC%9A" n1="%E3%81%95%E3%81%8D%E3%81%9F%E3%81%BE%E6%9E%97%E6%AA%8E" n2="%E3%83%A9%E3%83%BC%E3%83%A1%E3%83%B3%E4%BA%94%E9%83%8E" n3="%53%61%63%68%69%30%34" dan="16,16,16,16" rate="2185.90,2105.85,2154.74,2067.66" sx="F,M,M,M"/><TAIKYOKU oya="0"/><INIT seed="0,0,0,3,4,101" ten="250,250,250,250" oya="0" hai0="120,50,45,46,52,118,41,9,108,96,11,49,28" hai1="125,15,29,2,98,20,65,91,6,14,94,130,85" hai2="128,107,129,93,135,97,70,13,57,64,75,105,119" hai3="21,122,103,35,106,16,79,127,1,104,131,88,47"/><T8/><D118/><U82/><E2/><V60/><F119/><W99/><G35/><T112/><D120/><U80/><E130/><N who="2" m="50283" /><F75/><W109/><G131/><T30/><D112/><U67/><E125/><V10/><F135/><W73/><G1/><T32/><D32/><U23/><E6/><N who="2" m="3287" /><F70/><W37/><G122/><T95/><REACH who="0" step="1"/><D108/><REACH who="0" ten="240,250,250,250" step="2"/><U26/><E82/><V121/><F121/><W114/><G109/><T39/><D39/><U123/><E123/><V78/><F78/><W72/><G114/><T116/><D116/><U113/><E113/><V3/><F3/><W54/><G79/><T86/><D86/><U133/><E133/><V124/><F124/><W36/><G127/><T115/><D115/><U83/><E83/><V134/><F134/><W51/><G73/><T24/><D24/><U77/><E15/><V33/><F33/><W102/><G72/><T87/><D87/><U68/><E68/><V40/><F40/><W38/><G38/><T7/><D7/><U34/><E34/><V55/><F64/><W90/><G37/><T18/><D18/><AGARI ba="0,1" hai="14,18,20,23,26,29,65,67,77,80,85,91,94,98" machi="18" ten="40,1300,0" yaku="8,1" doraHai="101" who="1" fromWho="0" sc="240,-13,250,23,250,0,250,0" /><INIT seed="1,0,0,5,0,131" ten="227,273,250,250" oya="1" hai0="78,133,124,104,92,128,7,31,108,35,38,67,127" hai1="129,76,14,44,80,97,81,100,99,72,20,34,10" hai2="83,82,29,116,26,6,73,126,55,122,23,118,113" hai3="91,52,15,69,110,60,63,109,57,93,105,21,43"/><U123/><E129/><V13/><F122/><W9/><G105/><T42/><D128/><U88/><E123/><V47/><F126/><N who="0" m="48170" /><D104/><U106/><E34/><V96/><F113/><W48/><G21/><T41/><D108/><N who="3" m="41577" /><G43/><N who="0" m="16395" /><D38/><U71/><E71/><V70/><F70/><W18/><G69/><T24/><D67/><U58/><E58/><V1/><F118/><W5/><G5/><T61/><D61/><U32/><E44/><V89/><F116/><W27/><G27/><T16/><D7/><U25/><E32/><V51/><F1/><W134/><G134/><T22/><D92/><U101/><E81/><V119/><F119/><W12/><G15/><N who="0" m="9503" /><D78/><U75/><E76/><V90/><F83/><W4/><G4/><T59/><D59/><U98/><E80/><V8/><F96/><AGARI ba="0,0" hai="9,12,18,48,52,57,60,63,91,93,96" m="41577" machi="96" ten="30,2000,0" yaku="14,1,54,1" doraHai="131" who="3" fromWho="2" sc="227,0,273,0,250,-20,250,20" /><INIT seed="2,0,0,4,5,105" ten="227,273,230,270" oya="2" hai0="26,2,20,42,37,123,6,91,66,70,22,40,129" hai1="4,57,67,44,125,0,97,108,61,101,7,118,28" hai2="81,58,84,27,25,10,33,78,73,99,93,76,21" hai3="126,14,85,24,8,119,47,117,90,32,1,31,41"/><V62/><F33/><W34/><G1/><T79/><D123/><U17/><E108/><V116/><F116/><W29/><G126/><T80/><D129/><U38/><E125/><V96/><F10/><W52/><G31/><T54/><D91/><U64/><E118/><V132/><F132/><W36/><G34/><T86/><D54/><U106/><E0/><V69/><F69/><W128/><G128/><T95/><D95/><U89/><E89/><V71/><F71/><W5/><REACH who="3" step="1"/><G52/><REACH who="3" ten="227,273,230,260" step="2"/><T82/><D2/><U122/><E28/><V103/><F62/><W121/><G121/><T102/><D42/><U100/><E61/><V92/><F58/><W23/><G23/><T120/><D22/><U50/><E57/><V110/><F110/><W49/><G49/><T11/><D120/><U51/><E50/><V9/><F9/><W59/><G59/><T109/><D109/><U134/><E51/><V131/><F131/><W127/><G127/><T16/><D40/><U83/><E122/><V115/><F21/><W60/><G60/><T74/><D11/><U88/><E38/><V111/><F111/><W30/><G30/><T18/><D37/><U13/><E67/><V63/><F63/><W43/><G43/><T124/><D124/><U113/><E64/><V39/><F39/><W87/><G87/><T45/><D66/><U104/><E44/><V107/><F84/><W3/><G3/><T77/><D45/><U35/><E35/><V53/><F53/><W114/><G114/><T46/><D46/><U48/><E113/><V133/><F115/><W130/><G130/><RYUUKYOKU ba="0,1" sc="227,-10,273,-10,230,-10,260,30" hai3="5,8,14,24,29,32,36,41,47,85,90,117,119" /><INIT seed="3,1,1,5,5,49" ten="217,263,220,290" oya="3" hai0="84,101,16,121,77,32,118,44,132,126,70,98,125" hai1="40,30,85,108,87,115,97,65,25,124,2,45,33" hai2="119,95,57,80,82,9,135,91,117,73,39,110,134" hai3="67,41,50,36,21,61,86,113,131,54,71,20,78"/><W112/><G131/><T15/><D118/><N who="2" m="45066" /><F39/><W59/><G78/><T7/><D121/><U12/><E2/><V52/><F9/><W68/><G68/><T13/><D132/><N who="2" m="50730" /><F73/><W60/><G60/><T63/><D32/><U76/><E108/><V79/><F79/><W19/><G86/><T26/><D44/><U34/><E124/><N who="0" m="47721" /><D7/><U18/><E115/><N who="3" m="44106" /><G19/><T128/><D128/><U107/><E34/><V100/><F100/><W103/><G103/><T55/><D26/><U27/><E27/><V0/><F0/><W89/><G89/><T38/><D38/><U81/><E65/><V114/><F114/><W106/><G106/><N who="0" m="63799" /><D16/><U51/><E107/><V58/><F110/><W88/><G88/><T123/><D123/><U74/><REACH who="1" step="1"/><E97/><REACH who="1" ten="217,253,220,290" step="2"/><N who="2" m="57599" /><F58/><W1/><G1/><T72/><D70/><U47/><E47/><AGARI ba="1,2" hai="20,21,36,41,47,50,54,59,61,67,71" m="44106" machi="47" ten="30,2900,0" yaku="24,1,52,1" doraHai="49" who="3" fromWho="1" sc="217,0,253,-32,220,0,290,52" owari="217,-28.3,221,2.1,220,-18.0,342,44.2" /></mjloggm>