<mjloggm ver="2.3"><GO type="225" lobby="0"/><UN n0="%E5%91%A8%E6%9D%B1" n1="%E9%A6%AC%E5%BC%95%E7%81%AB%33" n2="%E6%97%A5%E6%9B%9C%E6%97%A5%E3%82%88%E3%82%8A%E3%81%AE%E4%BD%BF%E8%80%85" n3="%E3%81%BE%E3%81%A8%E3%81%9F" dan="16,16,17,16" rate="2140.54,2136.22,2213.06,2111.30" sx="M,M,M,M"/><TAIKYOKU oya="0"/><INIT seed="0,0,0,0,1,82" ten="250,250,250,250" oya="0" hai0="97,93,28,109,108,116,20,88,1,83,29,13,2" hai1="105,78,120,71,99,90,37,125,35,50,0,69,131" hai2="75,87,80,77,67,121,21,122,7,40,72,16,118" hai3="43,19,86,54,64,33,36,56,89,81,51,106,45"/><T30/><D116/><U42/><E120/><V92/><F118/><W129/><G129/><T3/><D83/><U104/><E50/><V96/><F7/><W46/><G106/><N who="1" m="41066" /><E99/><V85/><F40/><W24/><G64/><T8/><REACH who="0" step="1"/><D20/><REACH who="0" ten="240,250,250,250" step="2"/><U55/><E131/><V115/><F122/><W62/><G33/><T124/><D124/><U5/><E35/><V32/><F121/><W68/><G81/><T100/><D100/><U91/><E125/><V52/><F32/><W74/><G74/><T110/><D110/><U38/><E78/><V98/><F75/><W23/><G89/><T9/><D9/><U117/><E91/><N who="2" m="53359" /><F72/><W132/><G132/><T34/><D34/><U79/><E90/><V4/><F115/><W102/><G102/><T58/><D58/><U10/><E79/><V127/><F127/><W70/><G23/><T18/><AGARI ba="0,1" hai="1,2,3,8,13,18,28,29,30,88,93,97,108,109" machi="18" ten="40,7800,0" yaku="1,1,0,1,54,1,53,0" doraHai="82" doraHaiUra="103" who="0" fromWho="0" sc="240,88,250,-26,250,-26,250,-26" /><INIT seed="0,1,0,2,5,29" ten="328,224,224,224" oya="0" hai0="126,40,11,12,99,94,17,2,102,81,122,59,58" hai1="114,90,73,54,124,131,38,74,8,6,47,18,67" hai2="106,49,62,63,64,4,96,48,34,43,39,33,95" hai3="92,113,28,52,129,41,83,134,123,68,135,116,53"/><T110/><D126/><U111/><E124/><V55/><F106/><W117/><G113/><T7/><D122/><U121/><E121/><V31/><F4/><W69/><G92/><T115/><D115/><U27/><E114/><V130/><F130/><W89/><G28/><T21/><D110/><U91/><E131/><V87/><F87/><W125/><G89/><T84/><REACH who="0" step="1"/><D40/><REACH who="0" ten="318,224,224,224" step="2"/><U42/><E111/><V65/><F43/><W101/><G123/><T46/><D46/><U14/><E42/><V108/><F108/><W30/><G129/><T93/><D93/><U60/><E47/><V132/><F95/><W133/><G125/><T45/><D45/><U118/><E118/><V20/><F132/><W32/><G41/><T13/><D13/><U24/><E14/><V37/><F37/><W66/><G116/><T109/><D109/><U100/><E38/><V70/><F39/><W76/><G117/><T23/><D23/><U57/><E74/><V72/><F72/><W79/><G133/><T88/><AGARI ba="1,1" hai="2,7,11,12,17,21,58,59,81,84,88,94,99,102" machi="88" ten="20,12000,1" yaku="1,1,0,1,7,1,54,1,53,1" doraHai="29" doraHaiUra="10" who="0" fromWho="0" sc="318,133,224,-41,224,-41,224,-41" /><INIT seed="0,2,0,2,5,38" ten="451,183,183,183" oya="0" hai0="86,87,13,18,23,110,122,69,75,30,93,31,67" hai1="77,3,26,64,103,94,44,33,5,14,114,107,66" hai2="89,109,101,100,85,78,96,36,76,92,22,60,73" hai3="72,131,53,132,117,34,91,45,83,19,17,46,52"/><T10/><D75/><U82/><E107/><V59/><F36/><W4/><G117/><T62/><D122/><U121/><E121/><V99/><F109/><W35/><G4/><T90/><D110/><U9/><E114/><V84/><F22/><W129/><G91/><T115/><D115/><U133/><E133/><V65/><F73/><W105/><G72/><T29/><REACH who="0" step="1"/><D87/><REACH who="0" ten="441,183,183,183" step="2"/><U135/><E135/><V11/><F85/><W108/><G132/><T123/><D123/><U2/><E77/><V12/><F99/><W15/><G108/><T63/><D63/><U104/><E82/><N who="2" m="47175" /><F78/><W7/><G83/><T49/><D49/><U134/><E134/><V81/><F81/><W39/><G39/><T20/><AGARI ba="2,1" hai="10,13,18,20,23,29,30,31,62,67,69,86,90,93" machi="20" ten="30,6000,0" yaku="1,1,0,1,53,1" doraHai="38" doraHaiUra="88" who="0" fromWho="0" sc="441,76,183,-22,183,-22,183,-22" /><INIT seed="0,3,0,4,3,26" ten="517,161,161,161" oya="0" hai0="47,63,122,128,43,0,92,53,100,79,61,14,135" hai1="48,98,124,29,19,69,6,133,118,52,96,91,120" hai2="36,71,9,76,17,89,56,78,77,109,75,107,5" hai3="23,123,121,95,32,60,59,68,84,24,105,131,4"/><T58/><D122/><N who="3" m="46601" /><G32/><T126/><D0/><U54/><E120/><V27/><F71/><W134/><G105/><T44/><D126/><U35/><E118/><V113/><F36/><W20/><G68/><T16/><D128/><U86/><E124/><V90/><F75/><W74/><G74/><T102/><D135/><U67/><E133/><V11/><F107/><W116/><G134/><T81/><D63/><U72/><E72/><V31/><F113/><W25/><G4/><T88/><D81/><U82/><E6/><V62/><F17/><N who="3" m="12303" /><G95/><T83/><D83/><U106/><E106/><V46/><F46/><N who="0" m="17450" /><D79/><U55/><E48/><V15/><F109/><W94/><G94/><T127/><D43/><U117/><E117/><V119/><F11/><W13/><G13/><T51/><D61/><U40/><E40/><V97/><F119/><W30/><G84/><N who="0" m="52231" /><D127/><U1/><E1/><V2/><F2/><W39/><G116/><T42/><D42/><U37/><E37/><V99/><F99/><W22/><G39/><T18/><D18/><U115/><E19/><V85/><F97/><W101/><G131/><T80/><D80/><U38/><E38/><V3/><F3/><W50/><G50/><T57/><D57/><U93/><E82/><V111/><F85/><W34/><G101/><T108/><D108/><U110/><E110/><V70/><F70/><W66/><AGARI ba="3,0" hai="22,23,25,30,34,59,60,66" m="12303,46601" machi="66" ten="30,2000,0" yaku="13,1,52,1" doraHai="26" who="3" fromWho="3" sc="517,-13,161,-8,161,-8,161,29" /><INIT seed="1,0,0,0,4,85" ten="504,153,153,190" oya="1" hai0="67,125,16,75,114,45,35,5,51,90,38,2,25" hai1="122,104,11,62,54,13,32,78,94,97,53,66,87" hai2="15,43,60,82,1,116,71,6,40,23,30,88,113" hai3="70,39,111,49,50,123,37,47,21,14,28,129,83"/><U100/><E122/><V79/><F116/><W22/><G70/><T121/><D75/><U131/><E131/><V95/><F1/><W69/><G69/><T109/><D67/><U64/><E32/><V27/><F113/><W34/><G34/><T19/><D38/><U128/><E128/><V120/><F120/><W91/><G39/><T102/><D102/><U110/><E110/><V20/><F71/><W101/><G37/><T117/><D5/><U8/><E8/><N who="2" m="4503" /><F60/><W68/><G68/><T57/><D2/><U36/><E36/><V74/><F74/><W58/><G111/><T29/><D117/><U55/><E62/><V134/><F134/><W4/><G101/><T124/><D121/><U52/><N who="1" m="13312" /><DORA hai="108" /><U133/><E133/><V61/><F61/><W33/><G50/><T106/><D106/><U89/><REACH who="1" step="1"/><E78/><REACH who="1" ten="504,143,153,190" step="2"/><V96/><F23/><W65/><G22/><N who="0" m="15543" /><D109/><U130/><E130/><V81/><F79/><W105/><G21/><T63/><D63/><U72/><E72/><V26/><F26/><W84/><G33/><T132/><D35/><U86/><E86/><V80/><AGARI ba="0,1" hai="20,27,30,40,43,80,81,82,88,95,96" m="4503" machi="80" ten="30,4000,0" yaku="8,1,52,1,54,1" doraHai="85,108" who="2" fromWho="2" sc="504,-10,143,-20,153,50,190,-10" /><INIT seed="2,0,0,5,1,108" ten="494,123,203,180" oya="2" hai0="52,7,45,15,18,106,79,55,73,30,14,69,2" hai1="5,107,24,9,130,116,56,101,19,124,47,44,64" hai2="88,23,49,3,72,40,35,27,0,53,63,36,123" hai3="126,80,33,59,104,135,127,83,51,120,113,119,70"/><V96/><F72/><W13/><G70/><T26/><D69/><U110/><E116/><V128/><F35/><W121/><G119/><T17/><D106/><U93/><E107/><V4/><F123/><N who="3" m="47179" /><G33/><T125/><D125/><N who="3" m="47625" /><G13/><T62/><D79/><U38/><E124/><V86/><F0/><W48/><G104/><T32/><D73/><U1/><E110/><V28/><F3/><W10/><G10/><N who="0" m="2423" /><D62/><U122/><E122/><V90/><F128/><W34/><G34/><T131/><D45/><U118/><E130/><V75/><F4/><W115/><G135/><T94/><D94/><U20/><E118/><V78/><F27/><W117/><G117/><T66/><D66/><U41/><E47/><V84/><F23/><W109/><G109/><T67/><D67/><U22/><E22/><V74/><F28/><W105/><G105/><T43/><D131/><U91/><E101/><V29/><F29/><W103/><G103/><T60/><D15/><U11/><E11/><V87/><F78/><W129/><G129/><T114/><D14/><U76/><E76/><V81/><F75/><W8/><G8/><T37/><D26/><U6/><E6/><V100/><F74/><W54/><G51/><T85/><D32/><U46/><E46/><N who="2" m="25799" /><F100/><W98/><G98/><T61/><D30/><U132/><E132/><V89/><F96/><W50/><G50/><T111/><D111/><U71/><E71/><V95/><F36/><W31/><G31/><T57/><D37/><U58/><REACH who="1" step="1"/><E64/><REACH who="1" ten="494,113,203,180" step="2"/><V65/><F65/><W134/><G134/><T97/><D57/><U77/><E77/><RYUUKYOKU ba="0,1" sc="494,-15,113,15,203,-15,180,15" hai1="1,5,9,19,20,24,38,41,44,56,58,91,93" hai3="48,54,59,80,83,113,115" /><INIT seed="3,1,1,0,5,67" ten="479,128,188,195" oya="3" hai0="24,92,14,65,124,97,46,2,58,91,49,40,79" hai1="94,22,36,29,90,105,52,51,63,66,10,126,118" hai2="20,13,62,82,53,64,23,44,39,26,125,57,110" hai3="8,106,18,98,86,15,102,72,121,42,33,56,116"/><W130/><G72/><T50/><D2/><U73/><E105/><V6/><F110/><W31/><G121/><T59/><D124/><U95/><E36/><V35/><F125/><W68/><G116/><T114/><D114/><U120/><E120/><V129/><F129/><W30/><G42/><T38/><D79/><U55/><E126/><V104/><F104/><W0/><G130/><T25/><D38/><U78/><E118/><V100/><F100/><W96/><G0/><T128/><D128/><U71/><E10/><N who="2" m="4311" /><F35/><W107/><G56/><N who="0" m="21547" /><D65/><U41/><E41/><V134/><F134/><W80/><G68/><T61/><D61/><U32/><E32/><V69/><F82/><W48/><G48/><T112/><D112/><U101/><E101/><V111/><F111/><W27/><G96/><T84/><D50/><U19/><E29/><V103/><F103/><W127/><G31/><T81/><D14/><U45/><E55/><V87/><F87/><W34/><G127/><T108/><D108/><U16/><E90/><V133/><F26/><W76/><G107/><T3/><D3/><U119/><E119/><V115/><F133/><W9/><REACH who="3" step="1"/><G34/><REACH who="3" ten="479,128,188,185" step="2"/><T4/><D97/><U123/><E123/><V132/><F115/><W5/><G5/><T77/><D4/><U37/><E37/><V28/><F28/><W70/><G70/><T60/><D49/><U47/><E47/><V43/><F132/><W83/><G83/><T117/><D46/><U113/><E113/><V11/><F69/><W74/><G74/><T12/><D117/><U7/><E71/><V54/><F44/><RYUUKYOKU ba="1,2" sc="479,-10,128,-10,188,-10,185,30" hai3="8,9,15,18,27,30,33,76,80,86,98,102,106" /><INIT seed="3,2,2,3,5,50" ten="469,118,178,215" oya="3" hai0="28,36,116,40,6,97,126,33,88,37,101,0,121" hai1="16,92,71,43,18,132,119,102,99,87,76,1,12" hai2="7,129,5,64,80,42,14,61,111,62,110,135,31" hai3="57,38,98,134,131,63,125,25,114,104,54,21,26"/><W53/><G114/><T15/><D121/><U65/><E1/><V35/><F129/><W108/><G38/><T120/><D120/><U44/><E132/><V13/><F42/><W83/><G134/><T117/><D0/><U20/><E119/><V105/><F105/><W95/><G104/><T72/><D28/><U113/><E113/><V24/><F80/><W133/><G133/><T59/><D33/><U118/><E118/><V39/><F39/><W77/><G125/><T32/><D32/><U56/><E71/><V103/><F103/><W46/><G108/><N who="2" m="41513" /><F135/><W45/><G26/><T109/><D15/><N who="2" m="5642" /><F61/><W128/><G54/><T122/><D6/><U67/><E18/><V82/><F82/><W124/><G124/><T73/><D97/><U78/><E87/><V79/><F79/><W123/><G123/><T115/><D59/><AGARI ba="2,2" hai="5,7,24,31,35,59,62,64" m="5642,41513" machi="59" ten="30,1000,0" yaku="14,1" doraHai="50" who="2" fromWho="0" sc="469,-16,118,0,178,36,215,0" owari="453,55.3,118,-38.2,214,-18.6,215,1.5" /></mjloggm>