<mjloggm ver="2.3"><GO type="225" lobby="0"/><UN n0="%E3%83%96%E3%83%83%E3%83%91%E3%82%AA%E3%83%96%E3%83%81%E3%82%AD%E3%83%B3" n1="%E7%99%BD%E5%80%89%E5%AF%9B%E4%B9%8B" n2="%E3%81%97%E3%82%89%E3%81%84%E3%81%97%E3%81%BE%E3%81%84" n3="%E3%82%B9%E3%83%BC%E3%83%91%E3%83%BC%E3%81%BE%E3%81%BB%E3%81%A3%E3%81%A1" dan="16,16,17,16" rate="2042.73,2125.01,2133.87,2107.49" sx="M,M,M,F"/><TAIKYOKU oya="0"/><INIT seed="0,0,0,5,0,19" ten="250,250,250,250" oya="0" hai0="99,107,76,81,6,119,15,134,127,130,34,95,58" hai1="78,41,23,21,60,13,61,12,40,80,100,71,10" hai2="52,110,96,30,56,83,32,26,105,11,31,4,51" hai3="69,45,98,18,0,36,128,129,64,59,132,97,114"/><T84/><D119/><U24/><E100/><V131/><F110/><W16/><G0/><T39/><D34/><U102/><E102/><V29/><F131/><N who="3" m="50251" /><G114/><T87/><D130/><U94/><E94/><V5/><F5/><W55/><G132/><T90/><D39/><U112/><E112/><V1/><F105/><W3/><G3/><T53/><D134/><U77/><E24/><V14/><F96/><N who="3" m="36971" /><G64/><T62/><D127/><U108/><E80/><V113/><F113/><W66/><G69/><T50/><D107/><U42/><E10/><V27/><F83/><W106/><G66/><T25/><D25/><U48/><E48/><V70/><F70/><W17/><G106/><T121/><D121/><U91/><E71/><V86/><F86/><W63/><G45/><T89/><D62/><U49/><E49/><V35/><REACH who="2" step="1"/><F31/><REACH who="2" ten="250,250,240,250" step="2"/><W46/><G46/><T92/><REACH who="0" step="1"/><D6/><REACH who="0" ten="240,250,240,250" step="2"/><U43/><E108/><V2/><AGARI ba="0,2" hai="1,2,4,11,14,26,27,29,30,32,35,51,52,56" machi="2" ten="30,8000,1" yaku="1,1,2,1,0,1,9,1,54,1,53,0" doraHai="19" doraHaiUra="118" who="2" fromWho="2" sc="240,-40,250,-20,240,100,250,-20" /><INIT seed="1,0,0,4,4,112" ten="200,230,340,230" oya="1" hai0="82,105,65,29,95,51,101,62,78,13,24,77,110" hai1="42,49,118,63,103,16,90,124,20,84,86,75,57" hai2="126,26,56,5,8,4,69,91,10,94,99,130,31" hai3="125,52,18,32,23,36,14,45,15,19,59,3,55"/><U100/><E75/><V11/><F69/><W64/><G32/><T87/><D110/><U81/><E124/><V71/><F71/><W53/><G3/><T92/><D78/><U114/><E114/><V122/><F122/><W109/><G109/><T97/><D51/><U93/><E118/><V119/><F119/><W41/><G125/><T39/><D13/><N who="1" m="9231" /><E42/><V107/><F126/><W9/><REACH who="3" step="1"/><G64/><REACH who="3" ten="200,230,340,220" step="2"/><T120/><D120/><U128/><E128/><V76/><F130/><W72/><G72/><T74/><D74/><U37/><E37/><V30/><F107/><W28/><G28/><T108/><D39/><U83/><E49/><AGARI ba="0,1" hai="9,14,15,18,19,23,36,41,45,49,52,53,55,59" machi="49" ten="30,3900,0" yaku="1,1,7,1,54,1,53,0" doraHai="112" doraHaiUra="104" who="3" fromWho="1" sc="200,0,230,-39,340,0,220,49" /><INIT seed="2,0,0,0,0,88" ten="200,191,340,269" oya="2" hai0="127,107,117,67,29,10,19,125,135,90,58,69,106" hai1="18,22,116,11,73,80,89,14,118,77,35,85,20" hai2="132,12,17,124,61,36,27,0,114,119,24,75,23" hai3="6,49,108,1,32,25,63,50,109,52,123,120,48"/><V111/><F75/><W3/><G25/><T121/><D121/><N who="3" m="46665" /><G32/><T131/><D69/><U45/><E35/><V33/><F36/><W64/><G6/><T86/><D29/><U28/><E28/><V83/><F0/><W92/><G92/><N who="0" m="54359" /><D135/><U43/><E118/><V40/><F40/><W47/><G3/><T41/><D41/><U26/><E26/><V96/><F119/><W2/><G1/><T99/><D131/><U94/><REACH who="1" step="1"/><E116/><REACH who="1" ten="200,181,340,269" step="2"/><V9/><F27/><W7/><G2/><T37/><D117/><U57/><E57/><V66/><F24/><W102/><G7/><T46/><D58/><U98/><E98/><V82/><F96/><W16/><G102/><T34/><D99/><U68/><E68/><V105/><F33/><W53/><G47/><T97/><D34/><U129/><E129/><V115/><F115/><W91/><G108/><T71/><D97/><U62/><E62/><V110/><F61/><W126/><G109/><T74/><D71/><U4/><E4/><V128/><F114/><W79/><G63/><T104/><D67/><U81/><E81/><V65/><F82/><W72/><G64/><T15/><D46/><U60/><E60/><V39/><F83/><W55/><G79/><T51/><D107/><U5/><E5/><V93/><F66/><W101/><G72/><T21/><D74/><U134/><E134/><V56/><F65/><W95/><G101/><T103/><D103/><U100/><E100/><V8/><F132/><W44/><G44/><T42/><D106/><U30/><E30/><V78/><F105/><W54/><G95/><RYUUKYOKU ba="0,1" sc="200,-10,181,30,340,-10,269,-10" hai1="11,14,18,20,22,43,45,73,77,80,85,89,94" /><INIT seed="3,1,1,4,5,29" ten="190,211,330,259" oya="3" hai0="17,49,79,58,30,9,3,78,6,63,16,61,43" hai1="41,85,86,48,119,102,23,88,125,35,77,95,10" hai2="76,116,1,71,39,72,0,25,20,120,121,92,117" hai3="54,126,60,111,96,34,64,128,101,65,134,124,83"/><W81/><G134/><T32/><D32/><U27/><E35/><V45/><F71/><W98/><G128/><T118/><D118/><N who="2" m="45674" /><F92/><N who="3" m="58503" /><G98/><T15/><D30/><N who="1" m="17791" /><E125/><N who="3" m="48234" /><G111/><T103/><D103/><U36/><E36/><V68/><F76/><N who="0" m="29226" /><D3/><U59/><E119/><V69/><F72/><W70/><G34/><T26/><D26/><U107/><E107/><V127/><F127/><W113/><G113/><T75/><D75/><U14/><E102/><V109/><F109/><W115/><G115/><T46/><D63/><U42/><E77/><V132/><F132/><W18/><G18/><T62/><D61/><U135/><E85/><V133/><F133/><W5/><G5/><T50/><D50/><U7/><E135/><V57/><F120/><W110/><G110/><T44/><D46/><U40/><E59/><V74/><F121/><W2/><G2/><T13/><D13/><U130/><E130/><V38/><F1/><W55/><G65/><AGARI ba="1,1" hai="6,9,15,16,17,43,44,49,58,62,65" m="29226" machi="65" ten="30,2000,0" yaku="8,1,54,1" doraHai="29" who="0" fromWho="3" sc="190,33,211,0,330,0,259,-23" owari="223,-17.7,211,-28.9,330,43.0,236,3.6" /></mjloggm>