<mjloggm ver="2.3"><GO type="225" lobby="0"/><UN n0="%E9%B3%B3%E6%9D%B1%E3%81%AE%E3%81%BF%E3%81%91%E3%81%AB%E3%82%83%E3%82%93" n1="%E3%80%90%E3%83%88%E3%83%AA%E3%83%A5%E3%83%95%E3%80%91" n2="%E3%83%94%E3%83%B3%E3%82%B5%E3%83%AD%E5%BA%97%E5%93%A1" n3="%E3%83%B4%E3%83%A0%EF%BC%99%E3%81%A6" dan="17,16,16,16" rate="2163.68,2123.62,2135.46,2152.58" sx="F,M,M,M"/><TAIKYOKU oya="0"/><INIT seed="0,0,0,5,4,78" ten="250,250,250,250" oya="0" hai0="84,101,70,123,59,9,7,12,88,129,5,58,96" hai1="63,75,3,38,62,114,34,90,127,65,35,121,36" hai2="71,37,111,135,28,56,85,91,86,14,13,39,112" hai3="10,106,77,131,57,124,82,100,42,16,2,97,67"/><T81/><D123/><U20/><E75/><V4/><F71/><W11/><G124/><T43/><D70/><U64/><E127/><V87/><F112/><W22/><G131/><T48/><D129/><U115/><E3/><V107/><F107/><W126/><G126/><T80/><D5/><U110/><E20/><V83/><F111/><W109/><G109/><T44/><REACH who="0" step="1"/><D80/><REACH who="0" ten="240,250,250,250" step="2"/><U30/><E110/><V33/><F4/><W47/><G2/><T0/><D0/><U117/><E121/><V24/><F83/><W27/><G57/><T108/><D108/><U19/><E114/><V132/><F56/><W98/><G98/><T55/><D55/><U50/><E115/><V54/><F54/><W68/><G68/><T41/><D41/><U93/><E64/><V60/><F135/><W95/><G67/><T94/><AGARI ba="0,1" hai="7,9,12,43,44,48,58,59,81,84,88,94,96,101" machi="94" ten="20,18000,2" yaku="1,1,0,1,7,1,8,1,52,1,54,1,53,1" doraHai="78" doraHaiUra="79" who="0" fromWho="0" sc="240,190,250,-60,250,-60,250,-60" /><INIT seed="0,1,0,2,0,132" ten="430,190,190,190" oya="0" hai0="14,90,106,63,42,65,16,80,9,86,43,59,97" hai1="122,78,1,83,85,115,58,135,30,70,12,96,55" hai2="111,116,25,71,45,84,124,104,33,18,118,89,51" hai3="38,4,92,28,88,81,50,40,10,69,68,37,7"/><T19/><REACH who="0" step="1"/><D19/><REACH who="0" ten="420,190,190,190" step="2"/><U72/><E135/><V24/><F18/><W64/><G4/><T5/><D5/><U34/><E122/><V76/><F118/><W56/><G7/><T32/><D32/><U87/><E1/><V36/><F33/><W66/><G37/><T119/><D119/><U79/><E34/><V48/><F36/><W77/><G38/><T21/><D21/><U60/><E30/><V127/><F116/><W103/><G28/><T95/><D95/><U39/><E39/><V123/><F123/><W91/><G92/><T73/><D73/><U2/><E2/><V113/><F104/><W22/><G22/><T109/><D109/><U126/><E72/><V125/><F111/><W8/><G8/><T29/><D29/><U110/><E110/><V67/><F125/><W62/><G10/><T107/><D107/><U130/><E126/><V102/><F127/><W98/><G68/><T17/><D17/><U101/><E70/><V46/><F124/><W75/><G69/><T99/><D99/><U100/><E96/><V35/><F35/><W11/><G11/><T134/><D134/><U133/><E133/><V3/><F3/><W129/><G75/><T13/><D13/><U114/><E12/><V6/><F6/><W53/><G98/><T49/><D49/><U47/><E114/><V54/><F51/><W120/><G50/><T15/><D15/><U52/><E115/><V27/><F48/><W105/><G120/><T128/><D128/><U74/><E130/><V0/><F113/><W112/><G129/><T26/><D26/><U31/><E31/><RYUUKYOKU ba="1,1" sc="420,30,190,-10,190,-10,190,-10" hai0="9,14,16,42,43,59,63,65,80,86,90,97,106" /><INIT seed="0,2,1,1,0,88" ten="450,180,180,180" oya="0" hai0="81,101,117,9,120,66,6,45,76,114,21,53,46" hai1="43,97,55,44,95,5,49,25,32,89,127,110,102" hai2="70,94,56,80,52,35,20,112,77,34,90,26,135" hai3="17,1,86,130,22,59,123,54,133,29,23,0,11"/><T73/><D114/><U10/><E110/><V12/><F70/><W24/><G133/><T3/><D117/><U60/><E127/><V134/><F12/><W118/><G118/><T69/><D120/><U85/><E32/><V67/><F67/><W79/><G123/><T132/><D132/><N who="2" m="50730" /><F112/><W107/><G107/><T84/><D66/><U64/><E25/><V121/><F121/><W38/><G38/><T58/><D69/><U61/><E43/><V126/><F126/><W30/><G130/><T108/><D108/><U28/><E28/><N who="3" m="10858" /><G0/><T8/><D21/><U109/><E109/><V124/><F124/><W122/><G1/><T92/><D9/><U119/><E119/><V27/><F20/><N who="3" m="13327" /><G11/><T78/><D78/><U62/><E10/><V47/><F47/><W63/><G122/><T82/><D82/><AGARI ba="2,1" hai="22,23,54,59,63,79,82,86" m="13327,10858" machi="82" ten="30,1000,0" yaku="8,1" doraHai="88" who="3" fromWho="0" sc="450,-16,180,0,180,0,180,26" /><INIT seed="1,0,0,4,0,15" ten="434,180,180,206" oya="1" hai0="73,116,122,99,68,98,117,35,34,7,120,9,105" hai1="80,60,62,90,88,92,76,94,74,118,37,100,32" hai2="59,112,4,72,22,66,71,45,12,89,33,110,61" hai3="19,91,17,11,113,130,24,16,56,65,54,131,114"/><U93/><E118/><N who="0" m="45673" /><D73/><U0/><E37/><V39/><F33/><N who="0" m="12298" /><D68/><U86/><E0/><V40/><F72/><W43/><G43/><T84/><D84/><U64/><E32/><V75/><F75/><W134/><G134/><T101/><D99/><U2/><E2/><AGARI ba="0,0" hai="2,7,9,98,101,105,120,122" m="12298,45673" machi="2" ten="30,1000,0" yaku="23,1" doraHai="15" who="0" fromWho="1" sc="434,10,180,-10,180,0,206,0" /><INIT seed="2,0,0,3,2,78" ten="444,170,180,206" oya="2" hai0="101,128,118,28,77,82,44,38,75,99,45,84,87" hai1="112,42,22,97,60,57,29,125,100,64,41,76,50" hai2="135,109,70,63,35,15,26,96,129,7,95,18,52" hai3="43,10,121,66,27,80,81,116,74,89,130,30,133"/><V47/><F129/><W106/><G121/><T110/><D128/><U49/><E112/><V33/><F135/><W51/><G130/><T86/><D110/><U105/><E125/><V20/><F109/><W108/><G108/><T39/><D118/><U6/><E6/><V34/><F70/><W4/><G106/><T5/><D28/><U72/><E49/><V91/><F7/><W103/><G103/><T65/><D65/><U68/><E22/><V21/><F47/><N who="3" m="26111" /><G74/><T46/><REACH who="0" step="1"/><D5/><REACH who="0" ten="434,170,180,206" step="2"/><U1/><E29/><V16/><F35/><W122/><G116/><T71/><D71/><U23/><E68/><V59/><AGARI ba="0,1" hai="15,16,18,20,21,26,33,34,52,59,63,91,95,96" machi="59" ten="30,12000,1" yaku="0,1,25,2,54,2" doraHai="78" who="2" fromWho="2" sc="434,-40,170,-40,180,130,206,-40" /><INIT seed="2,1,0,3,2,121" ten="394,130,310,166" oya="2" hai0="65,13,124,63,23,73,43,17,101,45,82,51,11" hai1="55,90,38,97,113,28,135,8,67,19,29,58,86" hai2="134,25,122,27,125,87,21,128,4,89,126,84,116" hai3="76,99,131,118,24,92,80,111,83,61,71,91,133"/><V74/><F116/><W104/><G118/><T31/><D124/><N who="2" m="47722" /><F122/><W57/><G71/><T117/><D117/><U95/><E113/><V14/><F74/><W98/><G131/><T33/><D101/><U78/><E38/><V53/><F128/><W34/><G133/><T10/><D33/><U32/><E67/><V119/><F119/><W69/><G76/><T102/><D102/><U75/><E75/><V132/><F53/><W105/><G105/><T62/><D31/><U94/><E32/><V41/><F41/><W85/><G69/><T103/><D103/><U96/><E135/><N who="2" m="51755" /><F87/><W2/><G85/><T40/><D40/><U129/><E129/><V9/><F21/><W109/><G34/><T42/><D42/><U35/><E35/><V72/><F72/><W44/><G104/><T66/><D82/><AGARI ba="1,0" hai="4,9,14,25,27,82,84,89" m="51755,47722" machi="82" ten="30,2900,0" yaku="18,1,20,1" doraHai="121" who="2" fromWho="0" sc="394,-32,130,0,310,32,166,0" /><INIT seed="2,2,0,5,2,120" ten="362,130,342,166" oya="2" hai0="1,119,70,86,69,123,121,132,112,46,85,13,75" hai1="33,95,101,47,89,5,21,81,57,129,90,117,64" hai2="49,61,113,102,115,74,67,20,10,107,118,79,97" hai3="83,62,53,63,103,96,42,126,130,32,58,131,45"/><V105/><F118/><W12/><G32/><T116/><D112/><U134/><E117/><N who="0" m="45129" /><D1/><U8/><E33/><V77/><F107/><W59/><G83/><T133/><D75/><U94/><E129/><N who="3" m="49162" /><G12/><T29/><D46/><U114/><E114/><V109/><F49/><N who="3" m="26807" /><G103/><T127/><D127/><U27/><E134/><N who="0" m="51817" /><D29/><U17/><E47/><V44/><F44/><W135/><G96/><T30/><D30/><U78/><E101/><V28/><F74/><W55/><G135/><T11/><D86/><U124/><E124/><AGARI ba="2,0" hai="53,55,58,59,62,63,124,126" m="26807,49162" machi="124" ten="30,3900,0" yaku="19,1,34,2" doraHai="120" who="3" fromWho="1" sc="362,0,130,-45,342,0,166,45" /><INIT seed="3,0,0,0,5,14" ten="362,85,342,211" oya="3" hai0="34,18,12,11,63,104,77,22,117,103,13,10,35" hai1="128,46,83,135,44,7,81,80,50,45,52,3,9" hai2="73,130,56,19,39,0,113,116,53,33,49,36,85" hai3="119,122,42,102,91,54,6,21,16,5,37,68,40"/><W43/><G122/><T129/><D117/><U30/><E128/><V23/><F73/><W95/><G37/><T61/><D77/><U131/><E131/><V58/><F113/><W125/><G68/><T92/><D104/><U112/><E112/><V1/><F33/><W70/><G70/><T41/><D129/><U84/><E135/><V47/><F116/><W38/><G38/><T111/><D111/><U67/><E30/><V99/><F130/><W114/><G114/><T123/><D123/><U65/><E3/><V133/><F133/><W31/><G31/><T57/><D41/><U74/><E74/><V132/><F132/><W62/><G102/><T86/><D35/><U121/><E121/><V26/><F39/><W88/><G119/><T79/><D34/><U106/><E106/><V97/><F85/><N who="3" m="52623" /><G91/><N who="0" m="53367" /><D103/><U94/><E94/><V69/><F69/><W126/><G126/><T124/><D124/><U15/><REACH who="1" step="1"/><E84/><REACH who="1" ten="362,75,342,211" step="2"/><V51/><F36/><W101/><G125/><T100/><D100/><U24/><E24/><V29/><F29/><W55/><G101/><T96/><D96/><N who="2" m="36938" /><F0/><W25/><G62/><T109/><D61/><U93/><E93/><V28/><F1/><W8/><G8/><T78/><D109/><U71/><E71/><V72/><F72/><W27/><G27/><T89/><D89/><U98/><E98/><V20/><F51/><W66/><G66/><AGARI ba="0,1" hai="7,9,15,44,45,46,50,52,65,66,67,80,81,83" machi="66" ten="40,8000,1" yaku="1,1,8,1,54,1,53,1" doraHai="14" doraHaiUra="48" who="1" fromWho="3" sc="362,0,75,90,342,0,211,-80" owari="362,46.2,165,-23.5,342,14.2,131,-36.9" /></mjloggm>