<mjloggm ver="2.3"><GO type="225" lobby="0"/><UN n0="%E3%82%BC%E3%83%AB%E3%83%80%E3%81%AE%E4%BC%9D%E8%AA%AC" n1="%E3%82%B3%E3%83%90%E3%83%AC%E3%82%A4" n2="%E3%81%82%E3%81%84%E3%81%82%E3%81%8A%E3%81%84" n3="%4B%2E%32%2E%4B%2E" dan="17,16,18,17" rate="2144.64,2149.24,2181.62,2170.29" sx="M,M,M,M"/><TAIKYOKU oya="0"/><INIT seed="0,0,0,5,1,104" ten="250,250,250,250" oya="0" hai0="85,6,63,122,1,74,121,95,18,56,62,44,123" hai1="87,0,38,58,114,113,134,115,112,13,133,49,59" hai2="107,55,64,97,135,47,81,77,4,110,17,109,71" hai3="45,7,32,132,101,116,30,33,53,68,3,2,79"/><T67/><D74/><U5/><N who="1" m="28672" /><DORA hai="129" /><U124/><E38/><V120/><F120/><W12/><G68/><T36/><D18/><U102/><E124/><V52/><F4/><W70/><G70/><T29/><D29/><U60/><E102/><V83/><F83/><W111/><G101/><T75/><D75/><U27/><E0/><V23/><F97/><W48/><G116/><T131/><D131/><U89/><E27/><V94/><F94/><W43/><G111/><N who="2" m="42505" /><F107/><W103/><G103/><T8/><D62/><U125/><E125/><V82/><F82/><W54/><G79/><T118/><D118/><U88/><E89/><V21/><F47/><W69/><G7/><T19/><D19/><U80/><E49/><V39/><F23/><W42/><G48/><T50/><D36/><U25/><E25/><N who="2" m="14511" /><F135/><N who="1" m="51721" /><E60/><N who="2" m="40327" /><F39/><W127/><G127/><T108/><D108/><U37/><E37/><V117/><F117/><W41/><G3/><T20/><D123/><U28/><E28/><V46/><F46/><W35/><G2/><T10/><D50/><U11/><AGARI ba="0,0" hai="5,11,13,58,59,80,87,88" m="51721,28672" machi="11" ten="60,12000,2" yaku="11,1,20,1,52,3,54,1" doraHai="104,129" who="1" fromWho="1" sc="250,-60,250,120,250,-30,250,-30" /><INIT seed="1,0,0,2,5,56" ten="190,370,220,220" oya="1" hai0="65,130,99,133,29,27,107,71,4,69,125,19,111" hai1="102,22,15,24,122,9,53,25,90,1,59,131,80" hai2="10,108,92,78,128,84,55,43,114,14,40,5,52" hai3="81,72,103,45,30,0,16,88,121,67,117,98,38"/><U73/><E122/><V113/><F108/><W77/><G121/><T101/><D111/><U51/><E131/><V12/><F128/><W54/><G117/><T75/><D130/><U37/><E37/><V124/><F124/><W127/><G30/><T100/><D125/><U87/><E73/><V8/><F92/><W112/><G112/><N who="2" m="43113" /><F84/><W2/><G127/><T106/><D19/><U119/><E119/><V134/><F78/><W63/><G88/><T115/><D115/><U110/><E1/><V97/><F97/><W74/><G74/><T23/><D133/><U96/><E22/><V86/><F86/><W26/><G26/><T120/><D120/><U57/><E110/><V68/><F68/><W123/><G123/><T118/><D118/><U13/><E15/><V91/><F91/><W82/><G82/><T21/><D75/><U48/><E96/><V33/><F33/><W58/><G16/><T17/><D4/><U104/><E102/><V95/><F95/><W44/><G44/><T93/><D100/><U94/><E94/><V83/><F83/><W32/><G32/><T36/><D36/><U60/><E104/><V31/><F31/><W105/><REACH who="3" step="1"/><G38/><REACH who="3" ten="190,370,220,210" step="2"/><T61/><REACH who="0" step="1"/><D69/><REACH who="0" ten="180,370,220,210" step="2"/><U76/><E76/><V35/><F134/><W66/><G66/><T18/><D18/><U39/><E39/><V129/><F129/><W49/><AGARI ba="0,2" hai="0,2,45,49,54,58,63,67,72,77,81,98,103,105" machi="49" ten="30,7900,0" yaku="1,1,0,1,52,1,53,1" doraHai="56" doraHaiUra="46" who="3" fromWho="3" sc="180,-20,370,-39,220,-20,210,99" /><INIT seed="2,0,0,1,4,26" ten="160,331,200,309" oya="2" hai0="38,49,9,21,45,56,80,99,54,23,126,30,102" hai1="39,77,47,2,11,104,82,125,110,51,14,43,121" hai2="68,65,44,97,59,119,83,116,79,29,132,42,19" hai3="93,13,46,90,89,17,84,73,72,60,113,112,86"/><V122/><F122/><W53/><G73/><T115/><D115/><N who="3" m="44105" /><G72/><T52/><D126/><U67/><E121/><V33/><F68/><W32/><G32/><T130/><D130/><U88/><E125/><V66/><F132/><W28/><G28/><T78/><D9/><U74/><E104/><V25/><F19/><W100/><G100/><T94/><D30/><U3/><E110/><V133/><F133/><W91/><G93/><T22/><D38/><U128/><E128/><V16/><F97/><W70/><G46/><T6/><D6/><U12/><E67/><V35/><F35/><W4/><G4/><T48/><REACH who="0" step="1"/><D23/><REACH who="0" ten="150,331,200,309" step="2"/><U117/><E11/><V63/><F16/><W103/><G103/><T8/><D8/><U114/><E39/><V92/><F29/><W36/><G36/><T120/><D120/><U134/><E134/><V69/><F33/><W58/><G70/><T41/><D41/><U31/><E43/><V27/><F42/><W62/><G62/><T37/><D37/><U107/><E31/><V124/><F63/><W7/><G7/><T105/><D105/><U96/><E107/><V18/><F69/><W1/><G1/><T106/><D106/><U129/><E3/><V108/><F124/><W61/><G60/><T76/><D76/><U55/><E129/><V131/><F79/><W75/><G91/><T98/><D98/><U135/><E2/><V101/><F101/><W127/><G127/><T50/><D50/><U15/><E135/><V123/><F123/><W34/><G90/><T95/><D95/><N who="1" m="56423" /><E114/><V10/><F131/><W85/><G34/><RYUUKYOKU ba="0,1" sc="150,15,331,15,200,-15,309,-15" hai0="21,22,45,48,49,52,54,56,78,80,94,99,102" hai1="12,14,15,47,51,55,74,77,82,117" /><INIT seed="3,1,1,0,2,81" ten="165,346,185,294" oya="3" hai0="57,70,75,98,97,89,20,11,10,41,36,133,18" hai1="134,93,16,87,56,76,42,47,43,27,128,101,3" hai2="92,85,64,91,105,32,65,34,6,59,132,126,12" hai3="113,28,0,109,112,102,125,119,110,104,60,124,72"/><W31/><G119/><T5/><D70/><U99/><E3/><V29/><F105/><W45/><G72/><T100/><D75/><U108/><E134/><V73/><F73/><W111/><G0/><T61/><D133/><U88/><E128/><V9/><F132/><W52/><G102/><T24/><D36/><U131/><E131/><V122/><F126/><N who="3" m="48747" /><G104/><T15/><D41/><U129/><E129/><V25/><F122/><W86/><G86/><T50/><D50/><U78/><E108/><V48/><F34/><W21/><G21/><T37/><D37/><U96/><E96/><V1/><F1/><W121/><G121/><T14/><D89/><U63/><E47/><V127/><F127/><W22/><G22/><T79/><D79/><N who="1" m="30251" /><E16/><V95/><F95/><W44/><G60/><T35/><D35/><U69/><E27/><V2/><F2/><W62/><G62/><T46/><D46/><N who="3" m="18025" /><G52/><N who="0" m="33959" /><D100/><U67/><E69/><V74/><F74/><W116/><G116/><T115/><D115/><AGARI ba="1,1" hai="28,31,109,110,111,112,113,115" m="18025,48747" machi="115" ten="40,12000,1" yaku="28,2,14,1,10,1,18,1" doraHai="81" who="3" fromWho="0" sc="165,-123,346,0,185,0,294,133" owari="42,-45.8,346,14.6,185,-21.5,427,52.7" /></mjloggm>