<mjloggm ver="2.3"><GO type="225" lobby="0"/><UN n0="%E3%83%96%E3%83%83%E3%83%91%E3%82%AA%E3%83%96%E3%83%81%E3%82%AD%E3%83%B3" n1="%6B%61%7A%75%73%61" n2="%E3%82%A4%E3%83%BC%E3%82%B1%E3%83%97%E3%83%A9" n3="%EF%BC%AE%EF%BC%A1%EF%BC%AF%33%33%39" dan="16,17,16,16" rate="2174.54,2216.82,2199.09,2110.70" sx="M,F,M,M"/><TAIKYOKU oya="0"/><INIT seed="0,0,0,3,4,38" ten="250,250,250,250" oya="0" hai0="73,94,87,106,35,81,54,82,33,55,56,105,18" hai1="92,98,22,9,65,52,130,123,71,135,121,93,83" hai2="103,11,12,58,19,85,89,30,107,96,111,91,40" hai3="21,109,115,42,88,63,4,32,43,62,72,66,60"/><T23/><D73/><U10/><E130/><V125/><F111/><W47/><G32/><T20/><D94/><U129/><E129/><V128/><F128/><W116/><G72/><T70/><D70/><U14/><E135/><V132/><F132/><W110/><G116/><T0/><D0/><U31/><E71/><V86/><F125/><W117/><G117/><T127/><D127/><U101/><E65/><V51/><F30/><W57/><G115/><T102/><D102/><U113/><E113/><V24/><F24/><W118/><G118/><T114/><D114/><U8/><E83/><V16/><F19/><W95/><G4/><T124/><D124/><U7/><E92/><V3/><F3/><W131/><G131/><T13/><D18/><U48/><E121/><V37/><F37/><W34/><G34/><T100/><D100/><U46/><E123/><V28/><F28/><W79/><G79/><T67/><D67/><U133/><E133/><V74/><F74/><W39/><G21/><T1/><D1/><U61/><E61/><V36/><F36/><W97/><G43/><T50/><D50/><U27/><AGARI ba="0,0" hai="7,8,9,10,14,22,27,31,46,48,52,93,98,101" machi="27" ten="30,4000,0" yaku="0,1,8,1,54,1" doraHai="38" who="1" fromWho="1" sc="250,-20,250,40,250,-10,250,-10" /><INIT seed="1,0,0,3,2,30" ten="230,290,240,240" oya="1" hai0="22,4,122,37,94,47,103,11,132,58,77,83,24" hai1="99,23,79,0,112,17,84,44,8,89,43,97,86" hai2="54,9,49,124,74,127,78,70,45,125,114,108,51" hai3="20,5,117,135,32,107,3,105,109,57,12,120,15"/><U73/><E112/><V68/><F74/><W66/><G120/><T75/><D132/><U115/><E115/><V42/><F78/><W128/><G135/><T39/><D122/><U16/><E73/><V65/><F9/><W14/><G32/><T88/><D103/><U118/><E79/><V63/><F114/><W102/><G3/><T53/><D47/><U134/><E118/><V95/><F95/><W81/><G5/><T76/><D76/><U31/><E31/><V25/><F25/><W131/><G81/><T59/><D59/><U85/><E89/><V80/><F80/><W2/><G2/><T129/><D129/><N who="3" m="49737" /><G109/><T119/><D119/><U111/><E111/><V93/><F93/><W7/><G7/><T6/><D6/><U133/><E0/><V55/><F108/><W28/><G102/><T19/><D11/><U29/><E29/><V10/><F10/><W64/><G57/><T41/><D41/><U33/><E33/><V36/><F70/><W126/><G117/><T130/><D4/><U1/><E1/><V27/><F27/><N who="3" m="16487" /><G126/><T91/><D130/><U34/><E34/><V13/><F13/><W40/><G40/><T67/><D67/><AGARI ba="0,0" hai="12,14,15,64,66,67,105,107" m="16487,49737" machi="67" ten="30,1000,0" yaku="19,1" doraHai="30" who="3" fromWho="0" sc="230,-10,290,0,240,0,240,10" /><INIT seed="2,0,0,4,1,85" ten="220,290,240,250" oya="2" hai0="80,81,106,97,48,61,23,93,89,114,122,56,15" hai1="109,50,111,72,119,17,84,64,78,62,63,108,95" hai2="14,29,94,35,113,32,44,91,36,66,128,18,54" hai3="51,132,107,98,39,118,112,22,16,58,21,135,11"/><V37/><F113/><W67/><G39/><T121/><D114/><U96/><E119/><V115/><F115/><W52/><G112/><T25/><D106/><U103/><E72/><V125/><F66/><W74/><G74/><T55/><D121/><U126/><E126/><V68/><F68/><W47/><G118/><T20/><D122/><U87/><E17/><V10/><F125/><W53/><G67/><T127/><D127/><U30/><E30/><V130/><F54/><W79/><G79/><T99/><D99/><U33/><E33/><N who="2" m="12875" /><F44/><W8/><G22/><T7/><D48/><U6/><E6/><V31/><F36/><W105/><G105/><T28/><REACH who="0" step="1"/><D23/><REACH who="0" ten="210,290,240,250" step="2"/><U19/><E50/><V123/><F37/><W40/><G98/><T9/><AGARI ba="0,1" hai="7,9,15,20,25,28,55,56,61,80,81,89,93,97" machi="9" ten="30,8000,1" yaku="1,1,2,1,0,1,8,1,52,1,53,0" doraHai="85" doraHaiUra="69" who="0" fromWho="0" sc="210,90,290,-20,240,-40,250,-20" /><INIT seed="3,0,0,2,0,105" ten="300,270,200,230" oya="3" hai0="76,20,73,9,68,65,117,78,83,110,26,27,18" hai1="32,25,107,36,134,98,72,30,114,19,127,100,119" hai2="122,55,82,21,28,85,17,23,52,49,22,75,111" hai3="91,116,70,133,81,8,45,112,93,10,44,16,96"/><W79/><G70/><T97/><D117/><U67/><E114/><V99/><F111/><W71/><G71/><T43/><D110/><U88/><E119/><V14/><F122/><W15/><G116/><T74/><D43/><U118/><E118/><V38/><F38/><W58/><G112/><T124/><D124/><U56/><E127/><V2/><F2/><W46/><G133/><T64/><D68/><U109/><E134/><V0/><F0/><W3/><G58/><T132/><D132/><U126/><E126/><V101/><F75/><W63/><G63/><T1/><D97/><U5/><E36/><V37/><F37/><W42/><G3/><T89/><D89/><U11/><E19/><V6/><F6/><W66/><G66/><T131/><D131/><U121/><E121/><V84/><F84/><N who="3" m="48191" /><G10/><T106/><D106/><U62/><E109/><V7/><F7/><W59/><G59/><T77/><D27/><U120/><E120/><V41/><F41/><AGARI ba="0,0" hai="8,15,16,41,42,44,45,46,91,93,96" m="48191" machi="41" ten="30,2900,0" yaku="8,1,54,1" doraHai="105" who="3" fromWho="2" sc="300,0,270,0,200,-29,230,29" /><INIT seed="3,1,0,5,3,98" ten="300,270,171,259" oya="3" hai0="99,51,109,117,23,40,50,85,87,104,79,10,7" hai1="122,108,128,135,75,29,86,74,39,110,114,126,64" hai2="4,115,90,52,66,49,84,111,28,97,70,14,16" hai3="26,43,112,37,0,69,83,54,61,11,3,62,9"/><W19/><G112/><T1/><D117/><U13/><E122/><V107/><F115/><W8/><G37/><T25/><D109/><N who="1" m="42091" /><E114/><V96/><F111/><W118/><G118/><T38/><D38/><U63/><E39/><V33/><F4/><W2/><G43/><T32/><D32/><U78/><E126/><V12/><F12/><W91/><G69/><T105/><D51/><U17/><E29/><V21/><F70/><W127/><G127/><T18/><D99/><U80/><E135/><V71/><F71/><W133/><G133/><T93/><D87/><U103/><E128/><V77/><F66/><W106/><G106/><T31/><D31/><U124/><E124/><V132/><F77/><W30/><G19/><T47/><REACH who="0" step="1"/><D93/><REACH who="0" ten="290,270,171,259" step="2"/><U46/><E86/><V130/><F132/><W100/><G83/><AGARI ba="1,1" hai="1,7,10,18,23,25,40,47,50,79,83,85,104,105" machi="83" ten="40,2600,0" yaku="1,1,2,1,53,0" doraHai="98" doraHaiUra="131" who="0" fromWho="3" sc="290,39,270,0,171,0,259,-29" owari="329,42.9,270,7.0,171,-32.9,230,-17.0" /></mjloggm>