<mjloggm ver="2.3"><GO type="225" lobby="0"/><UN n0="%72%61%6B%33" n1="%E7%AB%8B%E8%8A%B1%E9%9F%BF" n2="%E7%99%BD%E5%80%89%E5%AF%9B%E4%B9%8B" n3="%E6%98%93%E5%88%A9%E8%96%A9%E4%BC%AF" dan="16,17,16,16" rate="2133.60,2210.38,2167.27,2119.46" sx="M,F,M,F"/><TAIKYOKU oya="0"/><INIT seed="0,0,0,4,4,29" ten="250,250,250,250" oya="0" hai0="71,41,27,8,9,17,86,18,55,61,130,25,115" hai1="118,30,63,116,100,44,68,132,37,49,133,16,111" hai2="11,93,117,106,79,92,87,45,7,91,122,20,108" hai3="70,65,66,48,67,32,13,101,94,35,102,129,57"/><T124/><D115/><U6/><E100/><V103/><F108/><W76/><G129/><T99/><D124/><U40/><E6/><V107/><F122/><W46/><G70/><T125/><D125/><U88/><E30/><V4/><F4/><W50/><G76/><T54/><D130/><U127/><E127/><V3/><F117/><N who="1" m="45161" /><E88/><V53/><F79/><W109/><G109/><T1/><D1/><U82/><E16/><V73/><F73/><W112/><G112/><T95/><D86/><U90/><E90/><V2/><F2/><W131/><G131/><T10/><D71/><U15/><E15/><V36/><F20/><W135/><G135/><N who="1" m="51786" /><E82/><V83/><F103/><W121/><G121/><T97/><D10/><U33/><E33/><V43/><F107/><W75/><G75/><T64/><D95/><U21/><E21/><V52/><F106/><W110/><G110/><T84/><D84/><U26/><E26/><V98/><F93/><W34/><G13/><T22/><D22/><U47/><E111/><V104/><F104/><W123/><G123/><T31/><D31/><U105/><E105/><V62/><F98/><W128/><G128/><T120/><D120/><U60/><E68/><V119/><F92/><W56/><G94/><T12/><D12/><U24/><E24/><V134/><F119/><W59/><REACH who="3" step="1"/><G48/><REACH who="3" ten="250,250,250,240" step="2"/><T85/><D99/><U80/><E80/><V39/><F134/><W14/><G14/><T96/><D97/><U69/><E69/><V38/><F62/><W81/><G81/><T89/><D96/><U5/><E5/><V42/><F38/><RYUUKYOKU ba="0,1" sc="250,-30,250,10,250,10,240,10" hai1="37,40,44,47,49,60,63" hai2="3,7,11,36,39,42,43,45,52,53,83,87,91" hai3="32,34,35,46,50,56,57,59,65,66,67,101,102" /><INIT seed="1,1,1,4,3,33" ten="220,260,260,250" oya="1" hai0="53,105,40,5,117,34,64,132,121,35,68,7,122" hai1="1,46,39,25,102,112,84,114,96,23,10,111,2" hai2="52,61,91,11,54,76,18,6,130,123,19,31,124" hai3="133,56,81,26,12,78,3,80,97,79,37,104,49"/><U119/><E119/><V50/><F123/><N who="0" m="47114" /><D117/><U83/><E39/><V63/><F124/><W30/><G37/><T70/><D105/><U60/><E46/><V106/><F130/><W29/><G133/><T43/><D53/><U128/><E60/><V108/><F106/><W75/><G3/><T135/><D7/><U57/><E57/><V15/><F108/><W103/><G12/><T22/><D22/><U127/><E128/><V4/><F4/><W67/><G26/><T9/><D64/><U21/><E21/><V109/><F109/><W129/><G129/><T13/><D43/><U51/><E51/><V74/><F31/><W20/><G20/><T55/><D55/><U99/><E127/><V32/><F32/><N who="0" m="12330" /><D40/><U41/><E41/><V85/><F54/><W100/><G100/><T0/><D13/><U27/><E111/><V72/><F63/><W101/><G101/><T86/><D86/><U36/><E36/><V98/><F61/><W17/><G49/><T65/><D65/><U8/><E23/><V71/><F74/><W66/><G66/><T69/><AGARI ba="1,1" hai="0,5,9,68,69,70,132,135" m="12330,47114" machi="69" ten="40,5200,0" yaku="13,1,23,1,52,1" doraHai="33" who="0" fromWho="0" sc="220,65,260,-27,260,-14,250,-14" /><INIT seed="2,0,0,2,4,47" ten="285,233,246,236" oya="2" hai0="40,84,85,135,128,22,86,71,77,118,72,16,100" hai1="18,19,62,67,108,32,6,21,111,37,81,49,73" hai2="92,29,109,34,14,28,33,2,101,27,132,88,87" hai3="65,117,95,97,44,15,105,115,51,94,116,35,125"/><V26/><F2/><W102/><G35/><T89/><D71/><U124/><E37/><V17/><F109/><N who="1" m="42057" /><E32/><V45/><F132/><W8/><G125/><T119/><D135/><U129/><E6/><V76/><F101/><W104/><G65/><T54/><D128/><U4/><E4/><V60/><F76/><W41/><G95/><T50/><D40/><U91/><E129/><V79/><F79/><W30/><G30/><T12/><D100/><U57/><E124/><V5/><F5/><W36/><G115/><T11/><D89/><U3/><E3/><V69/><F69/><W120/><G120/><T134/><D134/><U103/><E103/><V66/><F66/><W9/><G36/><T131/><D131/><U83/><E73/><V56/><F56/><W23/><G23/><T127/><D127/><U39/><E39/><V122/><F60/><W80/><G80/><N who="1" m="30794" /><E21/><V74/><F74/><W112/><G112/><T55/><D72/><U53/><E91/><V13/><F122/><W106/><REACH who="3" step="1"/><G9/><REACH who="3" ten="285,233,246,226" step="2"/><T7/><D11/><U130/><E130/><V96/><F34/><W78/><G78/><T113/><D77/><U42/><E42/><V110/><F33/><W93/><G93/><T64/><D113/><U10/><E10/><V114/><F114/><W38/><G38/><T68/><D22/><U43/><E43/><V24/><F110/><W48/><G48/><T46/><D50/><U121/><E121/><V126/><F126/><W70/><G70/><AGARI ba="0,1" hai="18,19,49,53,57,62,67,70" m="30794,42057" machi="70" ten="30,2000,0" yaku="14,1,52,1" doraHai="47" who="1" fromWho="3" sc="285,0,233,30,246,0,226,-20" /><INIT seed="3,0,0,2,4,120" ten="285,263,246,206" oya="3" hai0="65,39,87,58,116,59,5,17,104,44,122,90,133" hai1="62,60,95,105,43,76,88,12,93,15,54,113,63" hai2="45,85,37,48,112,38,33,57,92,123,18,68,109" hai3="70,128,114,8,13,29,97,46,28,2,50,77,26"/><W61/><G114/><T73/><D122/><U98/><E105/><V102/><F33/><W115/><G115/><T10/><D73/><U124/><E113/><V36/><F112/><W7/><G128/><T25/><D104/><U125/><E43/><V11/><F123/><W52/><G77/><T21/><D116/><U67/><E76/><V99/><F68/><W22/><G97/><T121/><D121/><U103/><E54/><V80/><F57/><W127/><G127/><N who="1" m="48714" /><E67/><V126/><F126/><W86/><G86/><AGARI ba="0,0" hai="12,15,60,62,63,86,88,93,95,98,103" m="48714" machi="86" ten="30,2000,0" yaku="18,1,54,1" doraHai="120" who="1" fromWho="3" sc="285,0,263,20,246,0,206,-20" /><INIT seed="4,0,0,1,2,24" ten="285,283,246,186" oya="0" hai0="90,115,110,92,120,80,44,38,117,48,11,8,112" hai1="104,41,130,105,121,19,7,98,74,102,46,84,0" hai2="28,76,27,52,127,73,53,79,21,93,91,60,30" hai3="57,18,135,65,116,134,99,103,3,31,75,123,43"/><T59/><D117/><U26/><E74/><V64/><F127/><W34/><G116/><T85/><D120/><U63/><E121/><V89/><F73/><W5/><G75/><T66/><D110/><U122/><E122/><V61/><F64/><W95/><G123/><T16/><D38/><U51/><E130/><V113/><F113/><N who="0" m="43594" /><D16/><U58/><E84/><V9/><F9/><N who="0" m="3658" /><D66/><U35/><E7/><V87/><F91/><W1/><G5/><T107/><D59/><U45/><E0/><V78/><F30/><W71/><G18/><T70/><D107/><U119/><E119/><V109/><F109/><W4/><G57/><T23/><D23/><U10/><E46/><V101/><F101/><W36/><G4/><T6/><D6/><U37/><E37/><V126/><F126/><W69/><G1/><T50/><D70/><U62/><E105/><V96/><F87/><W72/><G72/><T108/><D108/><U39/><E39/><V111/><F111/><W100/><G100/><T81/><D50/><U114/><E114/><V40/><F40/><AGARI ba="0,0" hai="40,44,48,80,81,85,90,92" m="3658,43594" machi="40" ten="30,1500,0" yaku="15,1" doraHai="24" who="0" fromWho="2" sc="285,15,283,0,246,-15,186,0" owari="300,40.0,283,8.3,231,-16.9,186,-31.4" /></mjloggm>