<mjloggm ver="2.3"><GO type="225" lobby="0"/><UN n0="%E5%91%A8%E6%9D%B1" n1="%77%72%77%72%77%72%77%72" n2="%E3%83%96%E3%83%83%E3%83%91%E3%82%AA%E3%83%96%E3%83%81%E3%82%AD%E3%83%B3" n3="%E6%A1%9C%E6%B2%A2%E5%A2%A8" dan="17,16,16,17" rate="2125.36,2161.48,2117.55,2168.23" sx="M,M,M,F"/><TAIKYOKU oya="0"/><INIT seed="0,0,0,0,1,132" ten="250,250,250,250" oya="0" hai0="14,74,128,33,42,120,83,85,65,55,19,62,31" hai1="29,23,70,122,22,82,119,125,110,93,73,43,86" hai2="124,88,131,94,69,12,79,6,59,37,81,5,45" hai3="7,134,68,18,101,117,80,38,108,3,26,24,77"/><T10/><D120/><U21/><E122/><V96/><F69/><W90/><G117/><T20/><D128/><U89/><E119/><V50/><F131/><W107/><G68/><T54/><D74/><U87/><E73/><V15/><F124/><W126/><G38/><T48/><D33/><U32/><E70/><V58/><F37/><W51/><G134/><T106/><D106/><U118/><E118/><V9/><F12/><W41/><G90/><T64/><D42/><U102/><E110/><V30/><F30/><W35/><G108/><T53/><D62/><U17/><E125/><V52/><REACH who="2" step="1"/><F5/><REACH who="2" ten="250,250,240,250" step="2"/><W57/><G126/><T46/><D31/><U116/><E116/><V111/><F111/><W97/><G7/><T47/><D10/><U100/><E29/><V25/><F25/><W56/><G24/><T92/><D92/><U60/><E32/><V135/><F135/><W71/><G71/><T103/><D103/><U40/><E102/><V75/><AGARI ba="0,1" hai="6,9,15,45,50,52,58,59,75,79,81,88,94,96" machi="75" ten="20,12000,2" yaku="1,1,0,1,7,1,54,2,53,1" doraHai="132" doraHaiUra="1" who="2" fromWho="2" sc="250,-60,250,-30,240,130,250,-30" /><INIT seed="1,0,0,0,5,11" ten="190,220,370,220" oya="1" hai0="89,120,123,78,103,86,57,13,25,69,68,131,90" hai1="65,3,66,54,50,122,14,45,59,0,2,108,18" hai2="22,53,58,127,21,106,109,107,41,20,40,88,115" hai3="30,8,76,61,47,51,111,112,85,82,104,44,72"/><U73/><E122/><N who="0" m="46633" /><D103/><U60/><E73/><V83/><F109/><W101/><G112/><T39/><D39/><U19/><E108/><V37/><F127/><W113/><G113/><T42/><D42/><U77/><E77/><V71/><F71/><N who="0" m="27210" /><D25/><U125/><E125/><V12/><F115/><W1/><G111/><T102/><D102/><U4/><REACH who="1" step="1"/><E66/><REACH who="1" ten="190,210,370,220" step="2"/><V7/><F107/><W80/><G104/><T52/><D131/><U130/><E130/><V79/><F106/><W84/><G72/><T93/><D78/><U26/><E26/><V16/><F79/><W34/><G76/><T92/><D90/><U114/><E114/><V33/><F88/><W62/><G101/><T38/><D38/><U124/><E124/><V6/><F37/><W32/><G1/><T29/><D93/><U5/><E5/><V67/><F6/><W97/><G80/><T63/><D13/><U98/><E98/><V116/><F12/><W118/><G97/><T133/><D133/><U117/><E117/><V70/><F116/><W35/><G82/><T15/><D15/><U99/><E99/><V134/><F134/><W121/><G118/><T94/><D94/><U31/><E31/><AGARI ba="0,1" hai="29,31,52,57,63,86,89,92" m="27210,46633" machi="31" ten="30,2000,0" yaku="13,1,54,1" doraHai="11" who="0" fromWho="1" sc="190,30,210,-20,370,0,220,0" /><INIT seed="2,0,0,2,0,14" ten="220,190,370,220" oya="2" hai0="75,60,108,5,65,44,82,41,18,79,132,51,117" hai1="129,71,84,59,20,52,0,68,49,103,122,37,85" hai2="47,66,23,105,86,94,16,6,135,17,110,2,57" hai3="81,28,114,95,36,107,25,32,8,38,54,83,15"/><V35/><F35/><W40/><G107/><T69/><D108/><U34/><E34/><V11/><F105/><W120/><G120/><T99/><D132/><U87/><E122/><V22/><F135/><W45/><G38/><T121/><D121/><U104/><E129/><V113/><F113/><W77/><G114/><T30/><D117/><U97/><E37/><V119/><F119/><W26/><G26/><T76/><D76/><U106/><E106/><V46/><F110/><W10/><G95/><T78/><D78/><U4/><REACH who="1" step="1"/><E20/><REACH who="1" ten="220,180,370,220" step="2"/><N who="2" m="7723" /><F2/><W73/><G15/><T93/><D30/><U116/><E116/><V90/><F6/><W126/><G126/><T1/><D5/><U43/><E43/><V56/><F11/><AGARI ba="0,1" hai="0,4,11,49,52,59,68,71,84,85,87,97,103,104" machi="11" ten="40,2600,0" yaku="1,1,54,1,53,0" doraHai="14" doraHaiUra="123" who="1" fromWho="2" sc="220,0,180,36,370,-26,220,0" /><INIT seed="3,0,0,1,2,39" ten="220,216,344,220" oya="3" hai0="17,91,11,106,28,125,75,103,124,81,15,33,29" hai1="92,58,114,117,88,93,73,120,135,59,80,6,43" hai2="56,62,60,57,128,4,2,94,66,51,32,85,27" hai3="20,52,74,109,12,35,13,49,87,40,44,78,72"/><W9/><G35/><T76/><D33/><U69/><E114/><V90/><F128/><W99/><G109/><T7/><D91/><U127/><E120/><V121/><F121/><W23/><G74/><T18/><D103/><U123/><E123/><V54/><F2/><W31/><G72/><T86/><D106/><U24/><E69/><V126/><F126/><N who="0" m="48746" /><D75/><U0/><E127/><V53/><F4/><N who="3" m="3111" /><G31/><AGARI ba="0,0" hai="7,11,15,17,18,28,29,31,76,81,86" m="48746" machi="31" ten="30,1000,0" yaku="18,1" doraHai="39" who="0" fromWho="3" sc="220,10,216,0,344,0,220,-10" owari="230,3.0,216,-18.4,344,44.4,210,-29.0" /></mjloggm>