<mjloggm ver="2.3"><GO type="225" lobby="0"/><UN n0="%E7%9F%AF%E6%AD%A3%E4%B8%AD" n1="%E6%A1%9C%E8%8A%B1%E9%96%83%E3%80%85" n2="%E3%82%A2%E3%82%B8%E3%83%BC%E3%83%B3" n3="%E5%B0%8F%E9%B3%A5%E9%81%8A%E7%B7%B4%E7%84%A1%32%31%E6%AD%B3" dan="16,17,16,17" rate="2038.70,2196.75,2122.34,2146.23" sx="M,M,M,F"/><TAIKYOKU oya="0"/><INIT seed="0,0,0,2,2,111" ten="250,250,250,250" oya="0" hai0="126,1,131,108,2,37,28,65,29,132,5,42,77" hai1="83,118,73,64,67,95,91,25,105,112,44,3,116" hai2="39,84,117,54,32,76,30,129,114,24,89,125,58" hai3="97,40,69,68,41,72,47,57,46,88,87,66,0"/><T56/><D77/><N who="1" m="44463" /><E3/><V20/><F39/><W98/><G0/><T80/><D80/><U53/><E25/><V59/><F114/><W119/><G72/><T13/><D132/><U75/><E53/><V94/><F117/><W61/><G119/><T62/><D131/><U121/><E44/><N who="3" m="16938" /><G68/><T79/><D42/><N who="3" m="16489" /><G69/><T45/><D45/><U120/><E64/><V50/><F129/><W17/><G17/><T63/><D37/><U107/><E67/><V12/><F125/><W8/><G8/><T7/><D126/><U104/><E75/><V115/><F115/><W70/><G70/><T48/><D65/><U100/><E100/><V101/><F101/><W34/><G34/><T134/><D1/><U43/><E43/><V135/><F135/><W33/><G33/><T81/><D2/><U128/><E128/><V18/><F76/><W71/><G71/><T110/><D134/><U123/><E112/><V82/><F82/><AGARI ba="0,0" hai="57,61,66,82,87,88,97,98" m="16489,16938" machi="82" ten="30,2000,0" yaku="8,1,54,1" doraHai="111" who="3" fromWho="2" sc="250,0,250,0,250,-20,250,20" /><INIT seed="1,0,0,1,0,96" ten="250,250,230,270" oya="1" hai0="135,23,45,107,130,118,40,34,125,102,11,37,33" hai1="88,9,127,38,31,68,28,90,95,1,100,13,42" hai2="117,111,61,89,4,41,133,101,36,81,108,84,129" hai3="30,24,56,55,22,53,15,48,47,0,85,19,29"/><U35/><E68/><V3/><F117/><W50/><G0/><T73/><D118/><U92/><E1/><V39/><F133/><W8/><REACH who="3" step="1"/><G85/><REACH who="3" ten="250,250,230,260" step="2"/><T82/><D135/><U58/><E127/><V57/><F108/><W128/><G128/><T10/><D130/><U93/><E35/><V126/><F111/><W18/><AGARI ba="0,1" hai="8,15,18,19,22,24,29,30,47,48,50,53,55,56" machi="18" ten="20,5200,0" yaku="1,1,0,1,7,1,8,1,53,0" doraHai="96" doraHaiUra="103" who="3" fromWho="3" sc="250,-13,250,-26,230,-13,260,62" /><INIT seed="2,0,0,5,5,83" ten="237,224,217,322" oya="2" hai0="107,71,96,44,46,8,111,134,36,82,132,4,34" hai1="41,74,16,126,59,27,62,10,112,18,48,14,35" hai2="33,115,94,57,65,108,37,117,2,52,92,116,130" hai3="67,54,70,75,89,51,53,80,64,5,101,9,79"/><V58/><F2/><W26/><G101/><N who="0" m="62887" /><D34/><U21/><E112/><V127/><F33/><W103/><G103/><T124/><D71/><U25/><E126/><V118/><F115/><W105/><G105/><T11/><D111/><U121/><E74/><V47/><F127/><W135/><G135/><N who="0" m="51755" /><D124/><U81/><E81/><V113/><F113/><W50/><G70/><T97/><D97/><U40/><E48/><V55/><F108/><W32/><G26/><N who="1" m="9738" /><E35/><V122/><F122/><W85/><G32/><T49/><D82/><U123/><E123/><V119/><F119/><W19/><G75/><T114/><D114/><U98/><E98/><V104/><F104/><W102/><G102/><T56/><D56/><N who="2" m="21610" /><F92/><W38/><G38/><T77/><D77/><U1/><E1/><V90/><F94/><W93/><G79/><T129/><D4/><N who="1" m="3399" /><E121/><V43/><F90/><W133/><G93/><T29/><D36/><U69/><E69/><V24/><F24/><W7/><G133/><T106/><D106/><U110/><E110/><V72/><F72/><W3/><G3/><T12/><D49/><U31/><E31/><V109/><F109/><W45/><G50/><T60/><D29/><U63/><E18/><V131/><F65/><W68/><G68/><T78/><D78/><U120/><E120/><V99/><F99/><W66/><G54/><AGARI ba="0,0" hai="37,43,47,52,54,55,116,117,118,130,131" m="21610" machi="54" ten="40,7700,0" yaku="34,2,54,1" doraHai="83" who="2" fromWho="3" sc="237,0,224,0,217,77,322,-77" /><INIT seed="2,1,0,4,5,47" ten="237,224,294,245" oya="2" hai0="16,45,121,51,56,68,130,69,89,106,85,64,81" hai1="116,113,117,131,98,49,6,100,110,71,96,129,87" hai2="34,31,102,124,46,24,39,57,5,17,35,111,133" hai3="58,125,119,59,65,37,12,70,26,41,99,109,8"/><V127/><F5/><W132/><G119/><N who="1" m="45642" /><E71/><V63/><F102/><W7/><G125/><N who="2" m="48201" /><F133/><W128/><G128/><N who="1" m="49226" /><E6/><V38/><F35/><W88/><G132/><T52/><D121/><U101/><E113/><V135/><F135/><W28/><G109/><T122/><D122/><U67/><E67/><N who="2" m="39407" /><F111/><W92/><G70/><T75/><D130/><U123/><E123/><V60/><F60/><W2/><G65/><T90/><D106/><N who="1" m="63751" /><E110/><V126/><F126/><W42/><G2/><T84/><D75/><U105/><E49/><V114/><F114/><W18/><G7/><T112/><D112/><U80/><E87/><V29/><F29/><W103/><G37/><T36/><D36/><U23/><E23/><V14/><F46/><W66/><G66/><T21/><D68/><U50/><E50/><V3/><F3/><W115/><G115/><T22/><D69/><U104/><E80/><V79/><F39/><W54/><G59/><T32/><D32/><U15/><E15/><V20/><F38/><W40/><G58/><T61/><REACH who="0" step="1"/><D16/><REACH who="0" ten="227,224,294,245" step="2"/><U11/><E11/><V13/><F17/><W120/><G120/><T10/><D10/><U76/><E76/><V0/><F79/><W55/><REACH who="3" step="1"/><G103/><REACH who="3" ten="227,224,294,235" step="2"/><T44/><D44/><U77/><E77/><V86/><F0/><W33/><AGARI ba="1,2" hai="8,12,18,26,28,33,40,41,42,54,55,88,92,99" machi="33" ten="30,7900,0" yaku="1,1,2,1,0,1,54,1,53,0" doraHai="47" doraHaiUra="97" who="3" fromWho="3" sc="227,-21,224,-21,294,-40,235,102" /><INIT seed="3,0,0,0,3,71" ten="206,203,254,337" oya="3" hai0="108,78,3,65,60,81,33,21,53,55,122,45,104" hai1="131,112,120,49,46,126,36,38,61,83,15,73,88" hai2="90,41,34,82,29,12,117,91,27,66,113,20,35" hai3="109,68,40,79,37,96,86,84,87,111,47,85,24"/><W16/><G68/><T22/><D122/><U123/><E112/><V125/><F66/><W44/><G44/><T63/><D33/><U69/><E15/><V105/><F90/><W1/><G1/><T97/><D3/><U130/><E126/><V133/><F91/><W23/><G96/><T107/><D108/><N who="3" m="41545" /><G86/><T9/><D9/><U103/><E103/><V135/><F35/><W62/><G62/><T98/><D45/><U77/><E88/><V42/><F34/><W50/><G50/><T89/><D89/><U134/><E134/><V39/><F133/><W101/><G101/><T25/><D65/><N who="1" m="41135" /><E49/><V94/><F125/><W57/><G57/><T5/><D81/><AGARI ba="0,0" hai="16,23,24,37,40,47,79,81,84,85,87" m="41545" machi="81" ten="30,11600,0" yaku="14,1,10,1,52,1,54,1" doraHai="71" who="3" fromWho="0" sc="206,-116,203,0,254,0,337,116" owari="90,-41.0,203,-19.7,254,5.4,453,55.3" /></mjloggm>