<mjloggm ver="2.3"><GO type="225" lobby="0"/><UN n0="%E3%82%A4%E3%83%BC%E3%82%B1%E3%83%97%E3%83%A9" n1="%E5%91%A8%E6%9D%B1" n2="%E3%81%A4%E3%81%A3%E3%81%B1%E3%82%8A%E3%83%9D%E3%83%BC%E3%83%AB" n3="%E3%83%96%E3%83%83%E3%83%91%E3%82%AA%E3%83%96%E3%83%81%E3%82%AD%E3%83%B3" dan="16,16,17,16" rate="2102.27,2204.72,2165.53,2153.35" sx="M,M,M,M"/><TAIKYOKU oya="0"/><INIT seed="0,0,0,4,2,1" ten="250,250,250,250" oya="0" hai0="35,57,67,16,11,10,23,77,106,4,49,93,91" hai1="32,66,34,113,45,119,94,98,108,38,101,100,52" hai2="120,48,7,104,81,90,60,105,126,20,118,115,14" hai3="121,70,125,61,24,21,65,62,92,5,63,54,133"/><T69/><D106/><U114/><E119/><V46/><F120/><W15/><G121/><T0/><D35/><U68/><E108/><V86/><F115/><N who="1" m="44041" /><E101/><V96/><F118/><W51/><G125/><T130/><D130/><U124/><E124/><V40/><F126/><W103/><G133/><T102/><D102/><U29/><E29/><V47/><F60/><W39/><G39/><T76/><D69/><U72/><E72/><V44/><F96/><W83/><G83/><T17/><D11/><U110/><E110/><V88/><F90/><W127/><G127/><T13/><D17/><U55/><E55/><V111/><F111/><W71/><G71/><T84/><D67/><U64/><E68/><V95/><F95/><W19/><G92/><T43/><D43/><N who="1" m="22775" /><E52/><AGARI ba="0,0" hai="0,4,10,13,16,23,49,52,57,76,77,84,91,93" machi="52" ten="40,12000,1" yaku="25,2,52,1,54,2" doraHai="1" who="0" fromWho="1" sc="250,120,250,-120,250,0,250,0" /><INIT seed="0,1,0,5,3,106" ten="370,130,250,250" oya="0" hai0="14,18,52,98,50,63,128,108,76,32,30,66,65" hai1="82,125,28,102,57,123,117,6,109,93,73,118,5" hai2="110,24,70,17,88,85,90,34,81,124,91,101,49" hai3="19,7,43,22,96,12,3,121,44,99,40,126,54"/><T23/><D128/><U80/><E28/><V122/><F122/><W60/><G126/><T92/><D108/><U27/><E27/><V48/><F70/><W107/><G121/><T114/><D114/><U1/><E1/><V69/><F69/><W31/><G107/><T53/><D32/><U84/><E57/><V42/><F110/><W132/><G132/><T115/><D115/><U36/><E36/><V41/><F124/><W35/><G35/><T10/><D76/><N who="1" m="44047" /><E6/><V72/><F101/><W89/><G31/><T56/><D30/><U135/><E5/><V100/><F100/><W97/><G3/><T38/><D38/><U77/><E109/><V26/><F72/><W131/><G131/><T120/><D120/><U13/><E13/><V104/><F104/><W58/><G7/><T61/><D10/><U103/><E123/><V116/><F116/><N who="1" m="44649" /><E125/><V94/><F34/><W15/><G15/><T127/><D127/><U79/><E135/><V95/><F17/><W71/><G71/><T130/><D130/><U74/><E79/><N who="2" m="46271" /><F49/><N who="3" m="26783" /><G40/><N who="2" m="15465" /><F48/><W133/><G133/><T68/><D50/><U64/><E64/><V37/><F37/><W67/><G67/><T55/><D66/><U105/><E105/><V11/><F11/><W87/><G19/><T9/><D9/><U83/><E83/><V78/><F78/><W0/><G0/><T33/><D33/><U47/><E47/><V20/><F26/><W51/><G12/><T4/><D4/><U129/><E129/><V113/><F113/><W29/><G51/><T2/><D2/><U86/><E103/><AGARI ba="1,0" hai="14,18,23,52,53,55,56,61,63,65,68,92,98,103" machi="103" ten="30,2900,0" yaku="7,1,54,1" doraHai="106" who="0" fromWho="1" sc="370,32,130,-32,250,0,250,0" /><INIT seed="0,2,0,4,4,36" ten="402,98,250,250" oya="0" hai0="89,117,129,21,106,97,46,84,102,76,66,112,47" hai1="53,125,73,50,34,8,107,16,19,28,121,90,57" hai2="135,61,14,86,94,80,127,56,92,58,83,39,113" hai3="126,95,41,18,33,59,104,35,123,119,1,75,22"/><T133/><D112/><U42/><E121/><V30/><F39/><W3/><G119/><T44/><D117/><U101/><E125/><V100/><F113/><W5/><G104/><T105/><D129/><U65/><E73/><V40/><F127/><W88/><G75/><T51/><D133/><U38/><E65/><V15/><F30/><W12/><G126/><T108/><D106/><U4/><E90/><V130/><F130/><W55/><G123/><T60/><D108/><U0/><E28/><V20/><F20/><W54/><G54/><T131/><D131/><U64/><E64/><V87/><F61/><W111/><G111/><T110/><D110/><U79/><E79/><V115/><F115/><W132/><G132/><T29/><D76/><U63/><E34/><V103/><F135/><W85/><G41/><AGARI ba="2,0" hai="14,15,40,41,56,58,80,83,86,87,92,94,100,103" machi="41" ten="25,8000,1" yaku="22,2,8,1,52,2" doraHai="36" who="2" fromWho="3" sc="402,0,98,0,250,86,250,-86" /><INIT seed="1,0,0,4,0,96" ten="402,98,336,164" oya="1" hai0="108,64,30,62,86,93,47,105,134,60,78,101,120" hai1="92,90,91,88,106,118,20,41,104,65,127,17,80" hai2="94,51,58,107,56,123,126,71,68,81,117,119,66" hai3="76,48,22,5,75,31,34,98,28,121,135,13,84"/><U6/><E118/><V19/><F107/><W54/><G121/><T122/><D108/><U124/><E6/><V49/><F94/><W111/><G111/><T133/><D30/><U1/><E1/><V2/><F81/><N who="3" m="47143" /><G75/><T57/><D47/><U12/><E41/><V53/><F19/><N who="3" m="10607" /><G34/><T132/><D62/><U83/><E65/><V103/><F2/><W16/><G5/><T128/><D128/><U55/><E55/><V9/><F9/><W52/><G135/><T112/><D112/><U24/><E92/><V85/><F53/><N who="3" m="20587" /><G48/><T45/><D45/><U61/><E61/><V100/><F66/><W79/><G79/><T33/><D33/><U63/><E63/><V129/><F129/><W26/><G98/><N who="0" m="61623" /><D78/><U36/><E36/><V25/><F85/><W40/><G40/><T113/><D113/><U18/><E106/><V46/><F46/><W125/><G125/><N who="1" m="48202" /><E104/><V3/><F126/><W32/><G32/><T77/><D93/><U102/><E102/><V44/><F44/><W27/><G27/><T59/><D59/><U130/><E130/><V7/><F3/><W42/><G42/><T72/><D72/><U8/><AGARI ba="0,0" hai="8,12,17,18,20,24,80,83,88,90,91" m="48202" machi="8" ten="30,3000,0" yaku="18,1,54,1" doraHai="96" who="1" fromWho="1" sc="402,-10,98,30,336,-10,164,-10" /><INIT seed="1,1,0,3,4,127" ten="392,128,326,154" oya="1" hai0="80,13,31,25,59,124,88,5,39,78,47,134,38" hai1="20,63,123,86,29,81,68,82,19,129,89,95,16" hai2="79,10,3,90,55,121,45,107,110,60,1,66,51" hai3="64,128,44,67,65,125,40,91,57,105,22,12,50"/><U85/><E123/><V42/><F121/><W101/><G125/><T87/><D124/><U6/><E129/><V26/><F110/><W35/><G35/><T52/><D134/><U36/><E36/><V72/><F107/><W126/><G126/><T9/><D47/><U99/><E6/><V76/><F72/><W17/><G128/><T100/><D100/><U132/><E132/><V14/><F26/><W117/><G117/><T113/><D113/><U96/><E29/><V4/><F90/><W61/><G105/><T18/><D5/><U48/><E48/><V75/><F55/><W130/><G130/><T70/><D70/><U104/><E104/><V71/><REACH who="2" step="1"/><F75/><REACH who="2" ten="392,128,316,154" step="2"/><W84/><REACH who="3" step="1"/><G101/><REACH who="3" ten="392,128,316,144" step="2"/><T41/><D88/><U97/><E89/><V94/><F94/><AGARI ba="1,2" hai="12,17,22,40,44,50,57,61,64,65,67,84,91,94" machi="94" ten="30,8000,1" yaku="1,1,2,1,7,1,8,1,53,1" doraHai="127" doraHaiUra="15" who="3" fromWho="2" sc="392,0,128,0,316,-83,144,103" /><INIT seed="2,0,0,5,2,78" ten="392,128,233,247" oya="2" hai0="120,19,49,85,99,112,33,56,54,110,81,22,75" hai1="18,31,71,15,21,91,52,16,2,0,20,106,133" hai2="103,135,60,6,96,114,65,10,84,134,89,115,74" hai3="35,107,13,100,95,23,26,130,27,43,92,25,73"/><V69/><F74/><W68/><G73/><T53/><D112/><U101/><E133/><N who="2" m="50699" /><F89/><W113/><G113/><T24/><D120/><U50/><E71/><V119/><F84/><W67/><G130/><T94/><D110/><U87/><E31/><V116/><F115/><W14/><G43/><T41/><D75/><U48/><E106/><N who="2" m="63847" /><F114/><W3/><G100/><N who="0" m="60535" /><D33/><U104/><E104/><V1/><AGARI ba="0,0" hai="1,6,10,60,65,69,116,119" m="63847,50699" machi="1" ten="30,3000,0" yaku="20,1,23,1" doraHai="78" who="2" fromWho="2" sc="392,-10,128,-10,233,30,247,-10" /><INIT seed="2,1,0,1,4,51" ten="382,118,263,237" oya="2" hai0="119,28,90,24,11,49,88,21,2,23,62,59,125" hai1="135,72,35,132,84,10,66,116,53,123,69,95,60" hai2="98,7,128,57,6,8,13,86,108,67,106,17,76" hai3="56,103,43,42,105,129,91,122,83,80,73,81,22"/><V117/><F117/><W16/><G122/><T50/><D119/><U25/><E72/><V54/><F128/><W127/><G129/><T74/><D74/><U12/><E116/><V36/><F36/><W34/><G34/><T114/><D114/><U134/><E123/><V29/><F67/><W70/><G70/><T63/><D125/><U85/><E95/><V92/><F106/><W109/><G127/><T68/><D68/><U102/><E102/><V18/><F29/><W46/><G109/><T20/><D11/><U124/><E124/><V71/><F71/><W93/><G73/><T55/><D2/><U47/><E25/><V89/><F18/><W27/><G46/><T30/><D50/><U120/><E35/><V26/><F26/><W115/><G115/><T61/><REACH who="0" step="1"/><D30/><REACH who="0" ten="372,118,263,237" step="2"/><U94/><E120/><V79/><F108/><W44/><G44/><T32/><AGARI ba="1,1" hai="20,21,23,24,28,32,49,55,59,61,62,63,88,90" machi="32" ten="30,16000,3" yaku="1,1,2,1,0,1,52,1,54,1,53,3" doraHai="51" doraHaiUra="19" who="0" fromWho="0" sc="372,173,118,-41,263,-81,237,-41" /><INIT seed="3,0,0,4,1,3" ten="545,77,182,196" oya="3" hai0="65,56,18,95,112,33,6,31,82,81,46,94,21" hai1="80,22,123,111,9,55,134,116,109,13,34,54,41" hai2="74,120,42,117,51,35,44,113,93,71,23,53,61" hai3="97,89,48,14,78,62,19,11,10,38,107,16,73"/><W131/><G38/><T58/><D112/><U77/><E41/><V24/><F117/><W104/><G131/><T129/><D129/><U100/><E123/><V96/><F74/><W64/><G48/><T47/><D31/><U105/><E34/><V26/><F35/><W126/><G126/><T119/><D33/><U36/><E36/><V8/><F113/><W52/><G52/><T60/><D6/><U92/><E105/><V86/><F120/><W101/><G107/><T130/><D58/><U66/><E66/><V110/><F110/><W45/><G45/><N who="0" m="16907" /><D119/><U1/><E116/><V121/><F86/><W103/><G89/><T49/><D49/><U135/><E22/><V88/><F121/><W70/><G101/><T5/><D5/><U30/><E30/><V125/><F125/><W27/><G27/><N who="0" m="14775" /><D130/><U4/><E1/><V32/><F32/><W68/><G68/><T127/><D127/><U37/><E37/><V98/><F8/><W133/><G133/><T67/><D67/><U128/><E128/><V43/><F24/><W90/><G90/><T124/><D124/><U79/><E100/><N who="2" m="60431" /><F61/><W132/><G132/><T84/><D82/><U87/><E79/><AGARI ba="0,0" hai="56,60,65,79,81,84,94,95" m="14775,16907" machi="79" ten="30,1000,0" yaku="8,1" doraHai="3" who="0" fromWho="1" sc="545,10,77,-10,182,0,196,0" owari="555,65.5,67,-43.3,182,-21.8,196,-0.4" /></mjloggm>