<mjloggm ver="2.3"><GO type="225" lobby="0"/><UN n0="%E3%81%8B%E3%82%8F%E3%81%A1%E3%82%83%E3%82%93%35%38" n1="%E9%A6%AC%E5%BC%95%E7%81%AB%33" n2="%E5%8F%AF%E5%85%90%E9%82%A3%E7%94%B1%E5%A4%9A" n3="%E6%B4%BE%E9%81%A3%E3%81%AE%E3%82%B8%E3%83%A3%E3%83%83%E3%82%AF" dan="16,17,16,17" rate="2124.36,2118.26,2072.60,2198.23" sx="M,M,F,M"/><TAIKYOKU oya="0"/><INIT seed="0,0,0,5,0,52" ten="250,250,250,250" oya="0" hai0="40,122,78,51,107,135,69,129,121,71,77,24,17" hai1="25,2,27,80,119,120,68,87,4,3,113,10,66" hai2="64,62,14,104,106,131,73,36,6,83,54,44,35" hai3="30,130,103,96,46,67,13,82,20,126,22,84,94"/><T63/><D107/><U124/><E120/><V38/><F35/><W105/><G126/><T60/><D24/><U47/><E119/><V5/><F131/><W26/><G130/><T9/><D129/><U95/><E124/><V49/><F106/><W34/><G46/><N who="0" m="26055" /><D17/><U21/><E113/><V91/><F104/><W18/><G67/><N who="0" m="41191" /><D9/><U58/><E68/><V42/><F14/><W23/><REACH who="3" step="1"/><G105/><REACH who="3" ten="250,250,250,240" step="2"/><T16/><D122/><U81/><E47/><V85/><F38/><W79/><AGARI ba="0,1" hai="13,18,20,22,23,26,30,34,79,82,84,94,96,103" machi="79" ten="20,5200,0" yaku="1,1,2,1,0,1,7,1,53,0" doraHai="52" doraHaiUra="125" who="3" fromWho="3" sc="250,-26,250,-13,250,-13,240,62" /><INIT seed="1,0,0,2,3,50" ten="224,237,237,302" oya="1" hai0="95,84,52,127,90,15,23,67,101,107,22,97,54" hai1="17,48,29,73,96,24,53,82,92,80,131,45,83" hai2="94,14,58,109,123,41,113,19,108,64,78,12,38" hai3="103,56,65,75,39,66,111,33,134,99,43,16,63"/><U117/><E117/><V35/><F123/><W40/><G75/><T70/><D127/><U85/><E131/><V87/><F35/><W118/><G33/><T26/><D70/><U98/><E73/><V68/><F68/><W69/><G111/><N who="2" m="42569" /><F113/><W81/><G81/><N who="0" m="49423" /><D107/><U2/><E2/><V42/><F38/><W130/><G130/><T104/><D104/><U79/><E17/><V100/><F12/><W129/><G129/><T122/><D122/><U125/><E98/><N who="2" m="59479" /><F64/><W86/><G134/><T88/><D67/><U112/><E112/><V11/><F58/><W89/><G118/><T13/><D101/><N who="1" m="60551" /><E125/><V55/><F55/><N who="0" m="21034" /><D23/><AGARI ba="0,0" hai="23,24,29,45,48,53,79,80,82,83,85" m="60551" machi="23" ten="30,2900,0" yaku="8,1,52,1" doraHai="50" who="1" fromWho="0" sc="224,-29,237,29,237,0,302,0" /><INIT seed="1,1,0,4,4,107" ten="195,266,237,302" oya="1" hai0="10,33,59,85,125,8,105,88,9,77,38,117,11" hai1="131,108,103,43,83,20,1,119,32,79,63,80,52" hai2="36,101,82,132,130,17,102,95,27,14,87,47,123" hai3="3,21,99,30,72,89,118,90,71,96,91,109,42"/><U61/><E119/><V44/><F123/><W57/><G109/><T26/><D117/><U66/><E32/><V115/><F130/><W106/><G71/><T12/><D125/><U121/><E121/><V37/><F132/><W126/><G3/><T34/><D105/><U124/><E124/><V78/><F115/><W49/><G126/><T110/><D110/><U24/><E1/><V100/><F27/><W70/><G70/><T39/><D77/><U67/><E108/><V98/><F37/><W134/><G134/><T28/><D33/><U53/><E103/><V60/><F60/><N who="1" m="23113" /><E43/><V127/><F127/><W94/><G72/><T129/><D59/><U31/><E131/><V29/><F29/><W73/><G73/><T120/><D120/><U4/><E4/><V75/><F87/><W133/><G133/><T62/><D62/><U2/><E2/><V64/><F64/><N who="1" m="24617" /><E79/><V104/><F104/><W45/><G118/><T65/><D65/><U135/><E135/><V76/><F76/><W35/><G35/><T23/><D34/><U128/><E128/><V56/><F56/><W54/><G106/><T112/><D129/><U93/><E93/><V48/><F36/><W55/><G94/><T25/><D112/><U114/><E114/><V81/><F81/><AGARI ba="1,0" hai="20,24,31,52,53,80,81,83" m="24617,23113" machi="81" ten="30,2900,0" yaku="8,1,54,1" doraHai="107" who="1" fromWho="2" sc="195,0,266,32,237,-32,302,0" /><INIT seed="1,2,0,3,1,110" ten="195,298,205,302" oya="1" hai0="3,26,125,127,56,18,92,1,36,85,86,34,96" hai1="59,38,88,99,45,80,33,100,8,44,124,9,134" hai2="74,84,73,105,32,82,76,35,55,102,67,4,58" hai3="14,131,121,104,54,133,83,15,135,28,130,29,93"/><U50/><E33/><V103/><F67/><W17/><G104/><T101/><D36/><U109/><E124/><N who="0" m="47689" /><D56/><U22/><E134/><N who="3" m="51210" /><G83/><T87/><D18/><U118/><E118/><V115/><F115/><W94/><G54/><T113/><D113/><U128/><E128/><N who="3" m="49194" /><G121/><T119/><D119/><U2/><E109/><V21/><F4/><W11/><G94/><T63/><D63/><U13/><E38/><V70/><F70/><W51/><G93/><T120/><D120/><U98/><E2/><N who="0" m="521" /><D26/><U66/><E22/><V129/><F21/><N who="3" m="11455" /><G51/><T10/><D10/><U95/><E8/><V12/><F129/><W97/><G97/><T132/><D132/><U23/><E23/><V48/><F105/><W0/><G0/><T7/><D7/><AGARI ba="2,0" hai="7,11,14,28,29" m="11455,49194,51210" machi="7" ten="30,7700,0" yaku="20,1,19,1,34,2" doraHai="110" who="3" fromWho="0" sc="195,-83,298,0,205,0,302,83" /><INIT seed="2,0,0,0,0,33" ten="112,298,205,385" oya="2" hai0="95,72,88,57,123,62,25,113,32,115,63,37,27" hai1="35,59,0,97,48,24,61,52,58,94,128,29,120" hai2="132,130,8,5,84,30,14,83,79,91,49,47,112" hai3="70,19,39,34,4,80,36,55,107,75,108,51,22"/><V119/><F112/><W28/><G107/><T44/><D123/><U74/><E120/><V20/><F119/><W100/><G70/><T56/><D72/><U46/><E128/><V7/><F130/><W76/><G100/><T42/><D115/><U133/><E133/><V86/><F132/><W99/><G99/><T50/><D113/><U11/><E74/><V66/><F66/><W40/><G40/><T122/><D122/><U21/><E35/><V12/><F30/><W98/><G98/><T71/><D71/><U82/><E82/><V23/><F12/><W45/><G108/><T90/><D37/><U127/><E127/><V116/><F7/><W125/><G125/><T110/><D32/><U106/><E106/><V41/><F116/><W2/><G28/><T121/><D110/><U118/><E118/><V134/><F134/><W114/><G34/><T73/><D73/><U54/><E11/><V87/><F87/><W13/><G114/><T124/><D124/><U64/><E0/><V126/><F126/><W93/><G93/><AGARI ba="0,0" hai="5,8,14,20,23,41,47,49,79,83,84,86,91,93" machi="93" ten="30,11600,0" yaku="7,1,25,2,8,1" doraHai="33" who="2" fromWho="3" sc="112,0,298,0,205,116,385,-116" /><INIT seed="2,1,0,4,4,39" ten="112,298,321,269" oya="2" hai0="51,124,76,0,110,71,65,74,83,133,14,101,132" hai1="109,94,104,87,5,81,72,99,18,3,68,128,30" hai2="37,61,34,40,60,92,118,134,114,57,43,52,25" hai3="115,6,70,21,112,86,117,100,2,95,54,73,120"/><V102/><F114/><N who="3" m="43563" /><G120/><T111/><D0/><U31/><E68/><V77/><F118/><W47/><G73/><T97/><D14/><U126/><E109/><N who="0" m="41481" /><D51/><U49/><E72/><V64/><F134/><N who="0" m="51818" /><D65/><U46/><E104/><V20/><F34/><W93/><G6/><T116/><D71/><U67/><E67/><V130/><F130/><W11/><G70/><T121/><D124/><U123/><E128/><V63/><F77/><W103/><G54/><T8/><D8/><U7/><E126/><V125/><F125/><W35/><G21/><T113/><D113/><U1/><E123/><V108/><F108/><W62/><G62/><N who="2" m="24169" /><F37/><W78/><G35/><T27/><D27/><U80/><E1/><V96/><F64/><W53/><G53/><T135/><N who="0" m="51826" /><T105/><DORA hai="58" /><D121/><U44/><E3/><V89/><F102/><W85/><G11/><T55/><D55/><U17/><E49/><V24/><F24/><W79/><G2/><T10/><D10/><U50/><E50/><V127/><F127/><W36/><G36/><T16/><D16/><AGARI ba="1,0" hai="16,20,25,40,43,52,57,63,89,92,96" m="24169" machi="16" ten="30,24000,3" yaku="25,1,8,1,52,6,54,2" doraHai="39,58" who="2" fromWho="0" sc="112,-243,298,0,321,243,269,0" owari="-131,-63.1,298,9.8,564,66.4,269,-13.1" /></mjloggm>