<mjloggm ver="2.3"><GO type="225" lobby="0"/><UN n0="%E9%B3%B3%E6%9D%B1%E3%81%AE%E3%81%BF%E3%81%91%E3%81%AB%E3%82%83%E3%82%93" n1="%E6%A5%93%E4%BB%8B" n2="%E3%83%96%E3%83%83%E3%83%91%E3%82%AA%E3%83%96%E3%83%81%E3%82%AD%E3%83%B3" n3="%E6%81%A5%E6%99%92%E3%81%97" dan="16,16,16,16" rate="2155.59,2114.18,2200.54,2123.15" sx="F,M,M,M"/><TAIKYOKU oya="0"/><INIT seed="0,0,0,4,1,34" ten="250,250,250,250" oya="0" hai0="6,27,135,38,68,115,42,49,1,57,28,131,129" hai1="41,84,87,103,120,82,99,97,2,71,3,92,111" hai2="47,4,52,125,109,12,22,93,124,130,96,134,51" hai3="77,7,69,65,36,8,95,33,50,116,23,26,133"/><T117/><D115/><U78/><E120/><V108/><F134/><W98/><G116/><T54/><D117/><U35/><E111/><N who="2" m="42571" /><F130/><N who="0" m="49674" /><D68/><U132/><E132/><V39/><F39/><W21/><G36/><T59/><D135/><U55/><E35/><V18/><F4/><W74/><G133/><T75/><D75/><U106/><E71/><V48/><F48/><W43/><G77/><T17/><D17/><U10/><E41/><V122/><F122/><W83/><G83/><T11/><D42/><U76/><E10/><V94/><F94/><W64/><G74/><T25/><D38/><U127/><E127/><V63/><F63/><W14/><G33/><N who="0" m="20623" /><D27/><U32/><E32/><V105/><F105/><W60/><G26/><T90/><D90/><AGARI ba="0,0" hai="12,18,22,47,51,52,90,93,96,124,125" m="42571" machi="90" ten="30,2000,0" yaku="14,1,54,1" doraHai="34" who="2" fromWho="0" sc="250,-20,250,0,250,20,250,0" /><INIT seed="1,0,0,3,2,19" ten="230,250,270,250" oya="1" hai0="40,69,84,2,16,81,55,21,67,11,49,15,33" hai1="41,75,23,43,44,129,97,88,96,53,24,59,95" hai2="58,80,126,13,77,94,120,132,36,128,99,68,71" hai3="124,87,78,61,104,22,79,6,100,127,93,106,54"/><U109/><E129/><V45/><F120/><W48/><G6/><T12/><D33/><U34/><E34/><V114/><F128/><W1/><G1/><T107/><D107/><U118/><E118/><V47/><F132/><W60/><G104/><T116/><D116/><U103/><E75/><V89/><F126/><W112/><G106/><T65/><D40/><U133/><E133/><V74/><F114/><W130/><G112/><T30/><D69/><U70/><E70/><V125/><F125/><N who="3" m="48203" /><G130/><T29/><D2/><U85/><E109/><V113/><F113/><W73/><G73/><T38/><D38/><U98/><E103/><V14/><F47/><N who="3" m="27935" /><G22/><T135/><D135/><U51/><REACH who="1" step="1"/><E44/><REACH who="1" ten="230,240,270,250" step="2"/><V0/><F45/><W66/><G100/><T134/><D134/><U101/><E101/><V57/><F71/><W82/><G79/><N who="0" m="46143" /><D67/><U17/><AGARI ba="0,1" hai="17,23,24,41,43,51,53,59,85,88,95,96,97,98" machi="17" ten="30,18000,2" yaku="1,1,0,1,8,1,52,1,54,1,53,1" doraHai="19" doraHaiUra="52" who="1" fromWho="1" sc="230,-60,240,190,270,-60,250,-60" /><INIT seed="1,1,0,2,1,105" ten="170,430,210,190" oya="1" hai0="129,4,84,120,109,14,17,41,2,13,15,126,6" hai1="133,5,30,75,63,131,21,68,57,59,101,60,98" hai2="28,122,100,12,128,66,10,103,49,134,83,88,26" hai3="20,115,107,11,61,92,3,91,123,56,79,76,38"/><U16/><E133/><V132/><F122/><W24/><G107/><T117/><D41/><U69/><E75/><V65/><F128/><W33/><G123/><T22/><D84/><U47/><E131/><V1/><F1/><W29/><G115/><T39/><D39/><U89/><E30/><V113/><F113/><W87/><G38/><T50/><D50/><U19/><E5/><N who="0" m="2153" /><D120/><U37/><E89/><V78/><F88/><W119/><G119/><T67/><D67/><N who="2" m="25610" /><F49/><W58/><G3/><T125/><D129/><U36/><E47/><V82/><F12/><N who="0" m="4714" /><D2/><U124/><E37/><V52/><F10/><W118/><G118/><T108/><D117/><U31/><E36/><V94/><F52/><W71/><G11/><T48/><D48/><U81/><E69/><V64/><F64/><W51/><G33/><T110/><AGARI ba="1,0" hai="15,17,22,108,109,110,125,126" m="4714,2153" machi="110" ten="40,5200,0" yaku="14,1,34,2" doraHai="105" who="0" fromWho="0" sc="170,55,430,-27,210,-14,190,-14" /><INIT seed="2,0,0,2,2,26" ten="225,403,196,176" oya="2" hai0="114,17,116,15,110,36,33,119,21,132,90,96,87" hai1="82,69,11,122,9,45,65,46,42,31,18,53,105" hai2="1,121,92,24,51,86,117,98,52,95,93,70,66" hai3="8,47,94,3,40,34,62,123,135,68,12,134,133"/><V100/><F117/><N who="0" m="45130" /><D114/><U32/><E122/><V76/><F121/><W50/><G123/><T73/><D110/><U109/><E109/><V129/><F1/><W44/><G3/><T101/><D132/><U127/><E105/><V48/><F129/><W91/><G34/><T57/><D73/><U20/><E53/><V61/><F51/><W35/><G35/><T39/><D57/><U37/><E46/><V104/><F24/><W118/><G118/><T81/><D33/><U125/><E82/><V2/><F2/><W49/><G62/><T88/><D90/><U29/><E32/><V84/><REACH who="2" step="1"/><F76/><REACH who="2" ten="225,403,186,176" step="2"/><W28/><G28/><T14/><D14/><N who="1" m="9303" /><E31/><V59/><AGARI ba="0,1" hai="48,52,59,61,66,70,84,86,92,93,95,98,100,104" machi="59" ten="30,11700,0" yaku="1,1,0,1,54,1,53,1" doraHai="26" doraHaiUra="67" who="2" fromWho="2" sc="225,-39,403,-39,186,127,176,-39" /><INIT seed="2,1,0,5,0,49" ten="186,364,313,137" oya="2" hai0="48,16,131,87,24,76,79,85,22,107,71,135,67" hai1="50,26,11,33,77,101,93,128,105,4,120,70,92" hai2="114,124,84,126,122,59,82,41,106,132,52,64,43" hai3="9,31,118,42,75,7,12,112,83,96,99,19,20"/><V98/><F114/><W81/><G118/><T57/><D107/><U123/><E128/><V95/><F122/><N who="1" m="46633" /><E70/><V97/><F106/><W134/><G134/><T117/><D135/><U69/><E69/><V109/><F64/><W78/><G112/><T40/><D131/><U86/><E77/><N who="0" m="29769" /><D71/><U46/><E86/><N who="0" m="32777" /><D117/><U73/><E73/><V127/><F132/><W54/><G83/><T56/><D67/><U68/><E68/><V115/><F115/><W91/><G91/><T17/><D17/><U8/><E101/><N who="2" m="60607" /><F98/><W74/><G42/><T103/><D103/><U3/><E11/><V18/><F18/><W63/><G31/><T0/><D0/><U90/><E90/><N who="2" m="51479" /><F109/><W100/><G100/><T65/><D65/><U72/><E72/><V2/><F2/><W53/><G75/><T88/><D88/><U94/><E105/><V102/><F102/><W28/><G28/><T125/><D125/><N who="2" m="32002" /><V32/><DORA hai="14" /><F32/><W15/><REACH who="3" step="1"/><G53/><REACH who="3" ten="186,364,313,127" step="2"/><N who="0" m="31783" /><D40/><N who="1" m="24903" /><E94/><V34/><F34/><W80/><G80/><T39/><D39/><U129/><E129/><V10/><F10/><W35/><G35/><T89/><D89/><U27/><E33/><V30/><F30/><W29/><G29/><T55/><D55/><U6/><E93/><V61/><AGARI ba="1,1" hai="41,43,52,59,61" m="32002,51479,60607" machi="61" ten="40,7800,0" yaku="18,1,52,1,54,1" doraHai="49,14" who="2" fromWho="2" sc="186,-27,364,-27,313,91,127,-27" /><INIT seed="2,2,0,1,1,28" ten="159,337,404,100" oya="2" hai0="119,18,0,39,88,15,55,122,121,100,135,126,77" hai1="110,12,40,75,62,10,49,50,129,57,69,34,82" hai2="86,128,92,112,83,85,102,37,109,117,48,127,87" hai3="44,26,132,9,105,113,134,53,5,30,84,64,124"/><V47/><F112/><W46/><G105/><T14/><D0/><U107/><E107/><V20/><F117/><W74/><G113/><T76/><D39/><U11/><E69/><V54/><F127/><W27/><G74/><T99/><D126/><U125/><E125/><V93/><F128/><W51/><G124/><T19/><D135/><U52/><E129/><V67/><F109/><W35/><G64/><T61/><D119/><U31/><E110/><V123/><F123/><W33/><G84/><T70/><D100/><U111/><E111/><V22/><F37/><W32/><G46/><T106/><D106/><U116/><E40/><V103/><F67/><W25/><REACH who="3" step="1"/><G30/><REACH who="3" ten="159,337,404,90" step="2"/><T115/><D115/><U120/><E31/><V98/><F83/><W73/><G73/><T63/><D122/><U131/><E120/><V94/><F98/><W97/><G97/><T65/><D121/><U130/><E130/><V23/><AGARI ba="2,1" hai="20,22,23,47,48,54,85,86,87,92,93,94,102,103" machi="23" ten="40,12000,1" yaku="0,1,29,2,8,1" doraHai="28" who="2" fromWho="2" sc="159,-42,337,-42,404,136,90,-42" /><INIT seed="2,3,0,1,0,89" ten="117,295,540,48" oya="2" hai0="103,63,50,112,54,18,98,74,28,67,135,65,38" hai1="92,121,101,14,53,104,134,59,78,26,41,93,16" hai2="25,43,124,91,122,37,107,85,115,110,84,133,76" hai3="27,4,123,70,3,5,7,2,51,96,117,116,39"/><V119/><F115/><W61/><G39/><T113/><D74/><U130/><E134/><V32/><F119/><W8/><G51/><T127/><D38/><U82/><E130/><V88/><F122/><W108/><G70/><T58/><D135/><U105/><E121/><V44/><F133/><W45/><G45/><T33/><D127/><U13/><E41/><V100/><F124/><W131/><G61/><T97/><D33/><U11/><E26/><V132/><F132/><W68/><G68/><T34/><D34/><U83/><E83/><V106/><F110/><W72/><G72/><T109/><D28/><U62/><E14/><V19/><F76/><W48/><G48/><T71/><D109/><U52/><E53/><V10/><F100/><W128/><G108/><T99/><D103/><U46/><E46/><V129/><F129/><N who="3" m="49739" /><G96/><T60/><REACH who="0" step="1"/><D18/><REACH who="0" ten="107,295,540,48" step="2"/><U42/><E101/><V114/><F19/><W66/><G123/><T40/><D40/><U75/><REACH who="1" step="1"/><E42/><REACH who="1" ten="107,285,540,48" step="2"/><V36/><F43/><W31/><G66/><T111/><D111/><U29/><E29/><V81/><F25/><W20/><G2/><T35/><D35/><U118/><E118/><AGARI ba="3,2" hai="3,4,5,7,8,20,27,31,116,117,118" m="49739" machi="118" ten="30,3900,0" yaku="19,1,34,2" doraHai="89" who="3" fromWho="1" sc="107,0,285,-48,540,0,48,68" /><INIT seed="3,0,0,1,5,123" ten="107,237,540,116" oya="3" hai0="124,116,3,59,11,134,119,20,21,131,92,126,69" hai1="29,135,66,125,72,88,130,27,89,30,34,128,103" hai2="127,78,87,58,112,17,8,60,26,9,122,0,22" hai3="105,15,13,14,63,2,43,52,31,61,67,86,95"/><W98/><G2/><T79/><D69/><U99/><E72/><V57/><F122/><W46/><G105/><T110/><D134/><U94/><E135/><V40/><F112/><W49/><G31/><T84/><D131/><N who="1" m="50219" /><E125/><N who="0" m="48233" /><D59/><U104/><E66/><N who="2" m="39183" /><F0/><W68/><G86/><T106/><D106/><U4/><E4/><V41/><F127/><W65/><G43/><N who="2" m="16457" /><F58/><W44/><G44/><T5/><D110/><U54/><E54/><V47/><F47/><W36/><G36/><T118/><D79/><U1/><E1/><V24/><F24/><W74/><G74/><T42/><D42/><U35/><E104/><V75/><F75/><W81/><G81/><AGARI ba="0,0" hai="8,9,17,22,26,78,81,87" m="16457,39183" machi="81" ten="30,1000,0" yaku="8,1" doraHai="123" who="2" fromWho="3" sc="107,0,237,0,540,10,116,-10" owari="107,-29.3,237,3.7,550,65.0,106,-39.4" /></mjloggm>