<mjloggm ver="2.3"><GO type="225" lobby="0"/><UN n0="%E3%81%AF%E3%82%88%E3%81%8A%E3%81%98%E3%81%95%E3%82%93" n1="%E3%83%96%E3%83%83%E3%83%91%E3%82%AA%E3%83%96%E3%83%81%E3%82%AD%E3%83%B3" n2="%E3%82%8C%E3%81%99%E3%81%93" n3="%E3%81%82%E3%81%84%E3%81%82%E3%81%8A%E3%81%84" dan="16,16,17,18" rate="2175.06,2174.38,2154.88,2184.74" sx="M,M,F,M"/><TAIKYOKU oya="0"/><INIT seed="0,0,0,0,2,112" ten="250,250,250,250" oya="0" hai0="14,61,135,16,120,101,132,48,104,39,7,70,117" hai1="126,31,53,1,57,105,10,0,22,17,26,43,5" hai2="98,34,27,131,66,25,95,74,124,85,94,9,18" hai3="86,111,13,40,106,6,72,8,79,89,38,103,130"/><T58/><D39/><U51/><E126/><V90/><F74/><W23/><G111/><T96/><D120/><U83/><E105/><V3/><F124/><W115/><G115/><T60/><D7/><U49/><E0/><V125/><F125/><W33/><G33/><T52/><D117/><U118/><E118/><V32/><F131/><W47/><G130/><T87/><D87/><U97/><E97/><V123/><F123/><W11/><G106/><T59/><D70/><U36/><E83/><V110/><F110/><W76/><G103/><T56/><D60/><U71/><E71/><V114/><F114/><W46/><G72/><T68/><D68/><U4/><E4/><V133/><F133/><N who="0" m="51274" /><D61/><U15/><E36/><V67/><F3/><W20/><G11/><AGARI ba="0,0" hai="11,14,16,48,52,56,58,59,96,101,104" m="51274" machi="11" ten="30,5800,0" yaku="20,1,54,2" doraHai="112" who="0" fromWho="3" sc="250,58,250,0,250,0,250,-58" /><INIT seed="0,1,0,3,4,46" ten="308,250,250,192" oya="0" hai0="103,67,105,58,57,76,83,125,52,30,132,96,7" hai1="123,26,113,22,36,5,8,15,102,65,124,106,21" hai2="88,66,62,0,12,47,63,50,14,99,71,127,84" hai3="48,45,11,80,23,72,118,107,121,9,40,126,79"/><T3/><D125/><U133/><E123/><V33/><F33/><W64/><G118/><T44/><D132/><U130/><E36/><V55/><F0/><W38/><G126/><T25/><D67/><U131/><E124/><V16/><F127/><W100/><G121/><T13/><D3/><U101/><E133/><V69/><F99/><W122/><G122/><T59/><D44/><U110/><E110/><V60/><F71/><W114/><G114/><T116/><D116/><U31/><E113/><V2/><F2/><W74/><G74/><T10/><D25/><U86/><E65/><V77/><F77/><W24/><G64/><T70/><D30/><U134/><E134/><V6/><F6/><W115/><G115/><T43/><D43/><U29/><E106/><V129/><F129/><N who="1" m="49161" /><E86/><V39/><F39/><W27/><G27/><AGARI ba="1,0" hai="5,8,15,21,22,26,27,29,31,101,102" m="49161" machi="27" ten="30,1000,0" yaku="19,1" doraHai="46" who="1" fromWho="3" sc="308,0,250,13,250,0,192,-13" /><INIT seed="1,0,0,1,2,128" ten="308,263,250,179" oya="1" hai0="8,24,63,48,131,38,20,19,92,27,103,54,116" hai1="44,39,56,30,132,49,134,28,9,64,62,37,101" hai2="94,115,1,113,109,84,12,105,11,81,6,47,57" hai3="42,55,123,36,33,80,21,58,15,16,125,88,31"/><U90/><E101/><V95/><F105/><W59/><G123/><T41/><D116/><U26/><E90/><V18/><F109/><W91/><G125/><T71/><D131/><U66/><E9/><V72/><F72/><W3/><G3/><T108/><D108/><U14/><E14/><V111/><F111/><W85/><G91/><T61/><D71/><U79/><E79/><V86/><F57/><W50/><G59/><N who="0" m="33223" /><D38/><U0/><E0/><V17/><F47/><W7/><G7/><T112/><D41/><U65/><E30/><V127/><F127/><W99/><G99/><N who="0" m="59879" /><D112/><N who="2" m="43082" /><F84/><W98/><G98/><T74/><D74/><U25/><E39/><V76/><F18/><W97/><G97/><T75/><D75/><U135/><E37/><V40/><F40/><W119/><G119/><T46/><D46/><U2/><E2/><V106/><F106/><W89/><G89/><T51/><D51/><U110/><E110/><V100/><F100/><W102/><G102/><T120/><D120/><U130/><E130/><V68/><F68/><W78/><G78/><T70/><D70/><U104/><E104/><V114/><N who="2" m="43090" /><V77/><DORA hai="67" /><F76/><W121/><G121/><T5/><D27/><N who="1" m="10251" /><E28/><V82/><F82/><W117/><G117/><T60/><D5/><U73/><E73/><V107/><F107/><W53/><G31/><T118/><D118/><U129/><E129/><V93/><F1/><W4/><G4/><T133/><D8/><U35/><E35/><V13/><F6/><W22/><G33/><T87/><D87/><U45/><E45/><V34/><F34/><RYUUKYOKU ba="0,0" sc="308,10,263,10,250,10,179,-30" hai0="19,20,24,60,61,63,133" hai1="44,49,56,62,64,65,66,132,134,135" hai2="11,12,13,17,77,81,86,93,94,95" /><INIT seed="1,1,0,1,2,48" ten="318,273,260,149" oya="1" hai0="118,21,88,63,98,9,10,87,77,79,17,96,125" hai1="16,35,123,133,94,61,3,33,52,104,26,72,114" hai2="57,53,13,19,91,124,1,44,135,32,92,12,65" hai3="75,34,103,29,23,116,110,101,99,59,24,43,127"/><U129/><E114/><V64/><F1/><W25/><G75/><T41/><D118/><U42/><E123/><V30/><F135/><W132/><G132/><T68/><D68/><U100/><E133/><V2/><F2/><W85/><G110/><T51/><D125/><U11/><E72/><V93/><F124/><W105/><G127/><T62/><D51/><U84/><E104/><V50/><F32/><W28/><G116/><T122/><D41/><U47/><E129/><V56/><F30/><W117/><G117/><T74/><D74/><U66/><E3/><V126/><F126/><W54/><G103/><T37/><D37/><U0/><E0/><V14/><F19/><W120/><G120/><T27/><D122/><U18/><E35/><V119/><F119/><W128/><G128/><T131/><D131/><U5/><E5/><V69/><F93/><W82/><G43/><T90/><D79/><U111/><E111/><V78/><F78/><W73/><G73/><T134/><D77/><U81/><E11/><N who="0" m="4105" /><D134/><U45/><E33/><V39/><F39/><W102/><G102/><T38/><D38/><U109/><E100/><V7/><F7/><W108/><G108/><T31/><D17/><U83/><E18/><V49/><F69/><W107/><G107/><T80/><D90/><U4/><E16/><V60/><F50/><W15/><G15/><T115/><D115/><U86/><E4/><V106/><F106/><W121/><G121/><T112/><D112/><U8/><E109/><V67/><F60/><AGARI ba="1,0" hai="21,27,31,60,62,63,80,87,88,96,98" m="4105" machi="60" ten="30,2000,0" yaku="8,1,54,1" doraHai="48" who="0" fromWho="2" sc="318,23,273,0,260,-23,149,0" /><INIT seed="2,0,0,2,5,61" ten="341,273,237,149" oya="2" hai0="116,23,47,122,41,89,30,45,77,75,135,13,31" hai1="67,66,82,113,124,6,68,49,119,71,62,59,96" hai2="43,105,106,55,123,63,0,52,93,57,81,32,48" hai3="134,83,108,95,39,69,10,87,15,84,40,22,79"/><V7/><F123/><W90/><G108/><T76/><D122/><U92/><E113/><V121/><F121/><W25/><G134/><T2/><D2/><U16/><E119/><V112/><F112/><W11/><G69/><T9/><D75/><U65/><E124/><V129/><F32/><W72/><G39/><T109/><D109/><U94/><E6/><V118/><F118/><W3/><G3/><T46/><D116/><U88/><E82/><V110/><F110/><W21/><G40/><T56/><D135/><U4/><E4/><V54/><F129/><W101/><G101/><T38/><D38/><U104/><E104/><V24/><F43/><W5/><G10/><T126/><D126/><U51/><E71/><V74/><F24/><W98/><REACH who="3" step="1"/><G21/><REACH who="3" ten="341,273,237,139" step="2"/><T111/><D23/><U28/><E68/><V114/><F114/><W42/><G42/><T34/><D9/><U1/><E1/><V64/><F0/><W60/><G60/><T50/><D41/><U91/><E62/><V107/><F7/><W44/><G44/><T37/><D46/><U35/><E51/><V18/><F48/><W80/><G80/><T115/><D47/><U19/><E49/><V8/><F8/><W53/><G53/><N who="0" m="31799" /><D45/><U36/><E36/><V97/><F81/><W127/><G127/><T133/><D37/><U85/><E59/><V128/><F128/><W103/><G103/><T131/><D111/><U130/><E130/><V120/><F120/><W132/><G132/><T14/><D133/><U58/><E58/><V86/><F63/><W27/><G27/><T26/><D26/><RYUUKYOKU ba="0,1" sc="341,-15,273,15,237,-15,139,15" hai1="16,19,28,35,65,66,67,85,88,91,92,94,96" hai3="5,11,15,22,25,72,79,83,84,87,90,95,98" /><INIT seed="3,1,1,0,0,128" ten="326,288,222,154" oya="3" hai0="109,5,106,36,42,77,54,72,13,1,14,93,61" hai1="73,91,21,30,20,46,104,59,16,94,19,111,28" hai2="2,11,67,37,97,62,102,116,126,78,38,89,71" hai3="53,127,7,101,118,130,90,98,69,113,44,40,58"/><W87/><G113/><T52/><D106/><U131/><E131/><V27/><F116/><W82/><G130/><T60/><D109/><U4/><E73/><V108/><F108/><W124/><G69/><T75/><D1/><U33/><E111/><V92/><F126/><W99/><G118/><T29/><D29/><U110/><E110/><V26/><F78/><W79/><G79/><T35/><D35/><U3/><E104/><V22/><F27/><W43/><G7/><T6/><D77/><U86/><E33/><V135/><F135/><W112/><G112/><T123/><D93/><U84/><E3/><V122/><F122/><W48/><G40/><T66/><D42/><U119/><E4/><V68/><F68/><W50/><REACH who="3" step="1"/><G98/><REACH who="3" ten="326,288,222,144" step="2"/><T63/><D5/><U85/><E119/><V132/><F71/><W133/><G133/><T115/><D6/><U129/><E129/><V18/><F132/><W55/><G55/><T107/><D54/><U100/><E85/><V0/><F0/><W120/><G120/><T65/><D123/><U80/><E86/><V76/><F76/><W45/><G45/><T25/><D52/><U15/><E46/><V8/><F2/><W17/><G17/><T81/><D115/><U70/><E70/><V83/><F97/><W57/><G57/><T51/><D75/><U121/><E59/><V88/><F18/><W103/><G103/><T96/><D96/><N who="1" m="59415" /><E121/><V31/><F102/><W39/><G39/><T12/><D36/><U114/><E114/><V9/><F37/><W23/><G23/><T105/><D72/><U24/><AGARI ba="1,2" hai="15,16,19,20,21,24,28,30,80,84,91" m="59415" machi="24" ten="30,4000,0" yaku="5,1,8,1,54,1" doraHai="128" who="1" fromWho="1" sc="326,-11,288,63,222,-11,144,-21" owari="315,11.5,351,45.1,211,-18.9,123,-37.7" /></mjloggm>