<mjloggm ver="2.3"><GO type="225" lobby="0"/><UN n0="%E3%81%95%E3%81%8D%E3%81%9F%E3%81%BE%E6%9E%97%E6%AA%8E" n1="%E3%83%81%E3%83%83%E3%82%BF%E3%82%BD%E3%83%BC" n2="%E7%8D%85%E5%AD%90%E5%BA%A7%E3%81%8B%E3%81%A3%E3%81%B4%E3%83%BC" n3="%E7%99%BD%E5%80%89%E5%AF%9B%E4%B9%8B" dan="16,16,16,16" rate="2104.64,2215.03,2109.94,2169.20" sx="M,F,M,M"/><TAIKYOKU oya="0"/><INIT seed="0,0,0,3,2,111" ten="250,250,250,250" oya="0" hai0="87,49,116,54,131,50,7,81,22,98,93,55,118" hai1="41,40,11,46,114,71,9,17,63,25,133,104,18" hai2="23,14,120,31,10,115,52,122,132,4,38,53,32" hai3="76,75,74,45,80,42,67,135,79,43,65,78,128"/><T30/><D131/><U85/><E104/><V70/><F70/><W1/><G128/><T19/><D7/><U107/><E107/><V84/><F38/><W105/><G105/><T36/><D36/><U13/><E133/><V124/><F132/><W0/><G135/><T20/><D30/><U21/><E114/><V121/><F124/><W44/><G78/><N who="0" m="46519" /><D118/><U100/><E100/><V57/><F115/><W6/><G80/><T125/><D125/><U134/><E134/><V28/><F32/><W15/><G6/><T56/><D116/><U109/><E109/><V39/><F39/><W129/><G129/><T89/><D19/><U37/><E40/><V61/><F84/><W123/><REACH who="3" step="1"/><G15/><REACH who="3" ten="250,250,250,240" step="2"/><T77/><D77/><U33/><E13/><V106/><F106/><W108/><G108/><T112/><D112/><U26/><E25/><V95/><F95/><W29/><G29/><T119/><D119/><U62/><E26/><V130/><F130/><W117/><G117/><T47/><AGARI ba="0,1" hai="20,22,47,49,50,54,55,56,89,93,98" m="46519" machi="47" ten="30,1500,0" yaku="8,1" doraHai="111" who="0" fromWho="0" sc="250,25,250,-5,250,-5,240,-5" /><INIT seed="0,1,0,3,4,115" ten="275,245,245,235" oya="0" hai0="82,124,61,63,59,54,51,116,110,93,78,56,109" hai1="87,72,64,24,131,4,81,9,73,92,25,1,91" hai2="0,129,69,100,123,111,126,119,13,53,130,122,27" hai3="75,7,71,11,90,113,8,66,65,10,34,44,76"/><T28/><D28/><U41/><E131/><N who="2" m="50187" /><F100/><W12/><G34/><T128/><D93/><U121/><E121/><N who="2" m="46091" /><F69/><W105/><G113/><T68/><D128/><U45/><E64/><V42/><F42/><W89/><G105/><T32/><D32/><U22/><E81/><V114/><F53/><W33/><G33/><T97/><D97/><U50/><REACH who="1" step="1"/><E24/><REACH who="1" ten="275,235,245,235" step="2"/><V85/><F114/><W102/><G66/><N who="0" m="39207" /><D110/><U77/><E77/><V79/><F27/><W31/><G76/><T88/><D109/><U80/><E80/><N who="2" m="47263" /><F111/><W117/><G65/><T23/><D78/><U52/><E52/><V40/><F40/><W99/><G71/><T19/><D54/><U46/><E46/><V16/><F0/><W35/><G44/><T62/><D68/><U95/><E95/><V103/><F103/><W14/><G102/><T106/><D106/><U29/><AGARI ba="1,1" hai="1,4,9,22,25,29,41,45,50,72,73,87,91,92" machi="29" ten="20,2700,0" yaku="1,1,0,1,7,1,53,0" doraHai="115" doraHaiUra="30" who="1" fromWho="1" sc="275,-14,235,40,245,-8,235,-8" /><INIT seed="1,0,0,0,5,76" ten="261,275,237,227" oya="1" hai0="59,60,67,24,123,115,91,68,95,5,1,21,96" hai1="88,106,103,74,86,8,46,110,30,63,29,10,73" hai2="94,120,70,32,20,87,45,121,126,17,132,133,7" hai3="28,82,36,119,52,125,112,83,127,33,113,114,49"/><U72/><E110/><V130/><F70/><W92/><G36/><T117/><D115/><U55/><E103/><V99/><F32/><W58/><G119/><T75/><D117/><U93/><E106/><V41/><F7/><W69/><G69/><T16/><D75/><U43/><E55/><V98/><F126/><N who="3" m="48139" /><G92/><T44/><D123/><U100/><E100/><V135/><F130/><W0/><G0/><T62/><D1/><U108/><E63/><V77/><F87/><W90/><G90/><T109/><D109/><U22/><E108/><V37/><F77/><W42/><G42/><T54/><D44/><U9/><REACH who="1" step="1"/><E22/><REACH who="1" ten="261,265,237,227" step="2"/><V104/><F104/><W124/><G124/><T34/><D34/><U122/><E122/><N who="2" m="47211" /><F94/><W31/><G33/><T101/><D101/><U129/><E129/><V12/><AGARI ba="0,1" hai="12,17,20,37,41,45,98,99,132,133,135" m="47211" machi="12" ten="40,1500,0" yaku="20,1" doraHai="76" who="2" fromWho="2" sc="261,-4,265,-7,237,25,227,-4" /><INIT seed="2,0,0,0,5,37" ten="257,258,262,223" oya="2" hai0="33,126,71,31,74,119,94,132,113,129,88,4,68" hai1="0,81,111,84,124,50,73,112,22,49,34,92,99" hai2="56,15,30,44,52,66,57,116,72,77,6,117,123" hai3="86,110,134,53,24,131,58,64,97,103,121,8,89"/><V48/><F72/><W25/><G121/><T38/><RYUUKYOKU type="yao9" ba="0,0" sc="257,0,258,0,262,0,223,0" hai0="4,31,33,38,68,71,74,88,94,113,119,126,129,132" /><INIT seed="2,1,0,3,0,41" ten="257,258,262,223" oya="2" hai0="104,15,109,54,135,70,119,29,66,127,47,62,85" hai1="36,43,57,7,61,124,111,64,14,110,39,40,27" hai2="21,53,51,81,74,37,26,112,11,130,120,83,4" hai3="118,8,108,84,10,48,123,90,50,24,102,63,13"/><V72/><F120/><W67/><G123/><T97/><D119/><U82/><E27/><V103/><F112/><W117/><G108/><N who="1" m="41514" /><E82/><V134/><F134/><W33/><G102/><T76/><D109/><U91/><E91/><V116/><F116/><W79/><G79/><T89/><D135/><U94/><E94/><V92/><F130/><W31/><G118/><T1/><D1/><U71/><E14/><N who="2" m="5479" /><F37/><N who="1" m="14409" /><E7/><V122/><F122/><W16/><G10/><T98/><D76/><U60/><E124/><V19/><F72/><W93/><REACH who="3" step="1"/><G117/><REACH who="3" ten="257,258,262,213" step="2"/><T22/><D127/><U45/><E71/><AGARI ba="1,1" hai="8,13,16,24,31,33,48,50,63,67,71,84,90,93" machi="71" ten="30,12000,2" yaku="1,1,2,1,7,1,54,1,53,2" doraHai="41" doraHaiUra="44" who="3" fromWho="1" sc="257,0,258,-123,262,0,213,133" /><INIT seed="3,0,0,5,1,97" ten="257,135,262,346" oya="3" hai0="101,41,133,88,31,54,4,87,85,72,78,36,47" hai1="130,26,18,27,96,80,64,58,23,13,49,75,66" hai2="46,37,114,105,132,73,107,11,109,53,94,74,14" hai3="34,119,111,57,128,19,71,15,79,32,43,131,51"/><W35/><G71/><T29/><D72/><U83/><E130/><N who="3" m="49706" /><G119/><T76/><D4/><U3/><E3/><V103/><F114/><W65/><G111/><T123/><D123/><U6/><E75/><V1/><F132/><W108/><G108/><T12/><D133/><U118/><E118/><V2/><F109/><W50/><G43/><T100/><D54/><U8/><E27/><V127/><F127/><W70/><G70/><T48/><D36/><U63/><E66/><V38/><F53/><W104/><G104/><T124/><D124/><U116/><E116/><V122/><F122/><W102/><G102/><N who="0" m="39531" /><D85/><U25/><E96/><V91/><F103/><W126/><G126/><T117/><D117/><U33/><E33/><V68/><F68/><W20/><G79/><N who="0" m="30251" /><D12/><U67/><E67/><V52/><F73/><W121/><G121/><T16/><D16/><U113/><E113/><V39/><F74/><W60/><AGARI ba="0,0" hai="15,19,20,32,34,35,50,51,57,60,65" m="49706" machi="60" ten="40,2100,0" yaku="19,1" doraHai="97" who="3" fromWho="3" sc="257,-7,135,-7,262,-7,346,21" owari="250,-15.0,128,-37.2,255,5.5,367,46.7" /></mjloggm>