<mjloggm ver="2.3"><GO type="225" lobby="0"/><UN n0="%E9%A6%AC%E5%BC%95%E7%81%AB%33" n1="%73%68%75%6D%70" n2="%E3%81%8B%E3%82%8F%E3%81%A1%E3%82%83%E3%82%93%35%38" n3="%E3%82%A4%E3%83%BC%E3%82%B1%E3%83%97%E3%83%A9" dan="17,16,16,17" rate="2189.25,2132.54,2129.23,2230.96" sx="M,M,M,M"/><TAIKYOKU oya="0"/><INIT seed="0,0,0,2,5,45" ten="250,250,250,250" oya="0" hai0="53,87,42,64,75,13,34,119,101,116,131,8,57" hai1="84,3,133,50,82,5,106,129,16,29,10,118,18" hai2="132,32,74,39,135,59,66,19,94,1,114,52,81" hai3="123,102,93,68,37,7,40,134,51,14,97,35,115"/><T120/><D120/><U113/><E118/><V98/><F114/><W0/><G115/><T17/><D75/><U112/><E106/><V76/><F32/><W58/><G35/><T111/><D34/><U79/><E29/><V107/><F39/><W73/><G0/><T20/><D64/><U38/><E38/><V78/><F1/><W127/><G73/><T65/><D65/><U85/><E129/><V109/><F109/><W12/><G68/><T86/><D42/><U130/><E130/><V46/><F107/><W56/><G37/><T96/><D131/><U83/><E133/><N who="2" m="51275" /><F19/><W125/><G134/><T54/><D111/><U31/><E31/><V126/><F126/><N who="3" m="48139" /><G123/><T55/><D57/><N who="3" m="22121" /><G7/><T24/><D119/><U60/><E60/><N who="2" m="38175" /><F78/><W88/><G102/><T70/><D70/><U121/><E121/><V122/><F122/><W23/><G23/><T69/><D69/><U2/><E2/><V41/><F41/><W4/><G4/><N who="0" m="3207" /><D116/><U21/><E18/><V91/><F52/><W49/><G40/><T80/><D80/><U43/><E21/><V22/><F22/><W92/><G92/><AGARI ba="0,0" hai="17,20,24,53,54,55,86,87,92,96,101" m="3207" machi="92" ten="30,1500,0" yaku="8,1" doraHai="45" who="0" fromWho="3" sc="250,15,250,0,250,0,250,-15" /><INIT seed="0,1,0,3,3,76" ten="265,250,250,235" oya="0" hai0="80,81,63,72,126,23,53,35,55,135,22,68,34" hai1="73,131,122,40,116,28,92,89,51,50,45,62,125" hai2="58,31,121,96,118,56,52,77,26,25,97,69,29" hai3="124,87,105,46,0,127,10,39,18,103,91,43,88"/><T49/><D72/><U133/><E73/><V67/><F69/><W128/><G128/><T110/><D68/><U85/><E125/><N who="3" m="48202" /><G0/><T33/><D126/><U15/><E133/><V42/><F121/><W54/><G54/><N who="0" m="20491" /><D49/><U86/><E131/><V11/><F118/><W129/><G129/><T134/><D63/><U90/><E122/><V106/><F106/><W75/><G75/><T114/><D114/><U132/><E132/><N who="0" m="50729" /><D110/><U104/><E104/><V102/><F52/><W70/><G70/><T84/><D84/><U30/><E62/><V64/><F42/><W120/><G120/><T99/><D99/><U123/><E116/><V109/><F109/><W1/><G87/><T78/><D78/><U6/><E51/><V17/><F77/><W117/><G117/><T95/><D95/><U32/><E32/><V60/><F60/><W93/><G105/><T101/><D101/><U14/><E123/><V100/><REACH who="2" step="1"/><F11/><REACH who="2" ten="265,250,240,235" step="2"/><W61/><G61/><T59/><D59/><U48/><E40/><V7/><F7/><W57/><G57/><T36/><D36/><U79/><E79/><V47/><F47/><W119/><G119/><T107/><D107/><U71/><E71/><V24/><F24/><W21/><G46/><T8/><D8/><U12/><E6/><V83/><F83/><AGARI ba="1,1" hai="22,23,33,34,35,80,81,83" m="50729,20491" machi="83" ten="40,18000,2" yaku="28,2,20,1,52,3" doraHai="76" who="0" fromWho="2" sc="265,193,250,0,240,-183,235,0" /><INIT seed="0,2,0,1,2,30" ten="458,250,57,235" oya="0" hai0="27,73,54,94,99,15,56,60,26,120,84,16,79" hai1="46,7,67,71,108,114,37,83,134,63,90,122,126" hai2="103,33,25,106,69,131,36,91,42,81,132,12,21" hai3="80,34,95,66,111,77,101,52,125,133,51,130,96"/><T13/><D120/><U19/><E7/><V135/><F69/><W39/><G39/><T2/><D2/><U1/><E1/><V119/><F42/><W118/><G118/><T43/><D73/><U32/><E19/><N who="2" m="10471" /><F36/><W11/><G111/><T18/><D43/><N who="1" m="22895" /><E90/><V20/><F91/><W121/><G121/><T35/><D35/><U49/><E83/><V87/><F87/><W98/><G133/><N who="2" m="51273" /><F81/><W23/><G130/><T74/><D74/><U4/><E4/><V6/><F103/><W127/><G34/><T14/><D84/><U72/><E72/><V102/><F102/><W55/><G66/><T9/><D79/><U123/><E108/><V40/><F40/><W86/><G11/><N who="0" m="6207" /><D14/><U50/><E134/><V62/><F62/><W128/><G128/><T48/><D48/><U28/><E50/><V65/><F65/><W57/><G23/><T61/><D61/><U70/><E49/><V3/><F106/><W59/><G98/><T17/><D17/><U64/><E64/><V75/><F75/><W44/><REACH who="3" step="1"/><G55/><REACH who="3" ten="458,250,57,225" step="2"/><T104/><D54/><U76/><E70/><V0/><F131/><W97/><G97/><T47/><D9/><U109/><E123/><V58/><F119/><W124/><AGARI ba="2,1" hai="44,51,52,57,59,77,80,86,95,96,101,124,125,127" machi="124" ten="30,7900,0" yaku="1,1,0,1,18,1,54,1,53,0" doraHai="30" doraHaiUra="8" who="3" fromWho="3" sc="458,-41,250,-22,57,-22,225,95" /><INIT seed="1,0,0,3,2,3" ten="417,228,35,320" oya="1" hai0="106,100,48,99,8,119,0,133,134,86,60,135,105" hai1="115,58,5,96,45,89,47,25,130,27,51,30,13" hai2="110,84,80,6,125,73,4,97,77,10,2,114,11" hai3="78,113,64,76,59,102,43,39,132,63,79,36,53"/><U67/><E130/><V35/><F110/><W32/><G113/><T14/><D119/><U15/><E115/><V61/><F125/><W70/><G32/><T55/><D0/><U107/><E47/><V123/><F114/><W74/><G132/><T20/><D20/><U31/><E67/><V112/><F112/><W22/><G74/><T49/><D106/><U118/><E58/><V28/><F123/><W122/><G122/><T128/><D128/><U127/><E127/><V92/><F35/><W37/><G102/><T65/><D86/><U1/><E1/><V121/><F28/><N who="1" m="10793" /><E107/><V24/><F24/><N who="1" m="9289" /><E118/><V57/><F121/><W17/><G43/><T108/><D108/><U93/><E5/><N who="2" m="2155" /><F73/><W23/><REACH who="3" step="1"/><G17/><REACH who="3" ten="417,228,35,310" step="2"/><N who="0" m="8391" /><D55/><AGARI ba="0,1" hai="13,15,45,51,55,89,93,96" m="9289,10793" machi="55" ten="30,1500,0" yaku="8,1" doraHai="3" who="1" fromWho="0" sc="417,-15,228,25,35,0,310,0" /><INIT seed="1,1,0,0,4,53" ten="402,253,35,310" oya="1" hai0="65,7,130,57,92,28,26,116,78,63,118,93,61" hai1="122,80,102,94,20,36,30,84,82,88,69,66,128" hai2="106,89,98,3,38,76,99,9,52,83,4,27,129" hai3="77,64,40,16,109,15,34,18,70,33,87,44,62"/><U85/><E36/><V55/><F129/><W104/><G104/><T119/><D130/><U67/><E128/><V95/><F38/><W10/><G109/><T19/><D7/><U123/><E69/><V86/><F99/><W32/><G18/><T103/><D78/><U13/><E122/><V23/><REACH who="2" step="1"/><F106/><REACH who="2" ten="402,253,25,310" step="2"/><W126/><G126/><T96/><D96/><N who="1" m="59671" /><E123/><V56/><F56/><W112/><G112/><T133/><D57/><U22/><E30/><AGARI ba="1,1" hai="3,4,9,23,27,30,52,55,76,83,86,89,95,98" machi="30" ten="30,7700,0" yaku="1,1,7,1,54,1,53,1" doraHai="53" doraHaiUra="25" who="2" fromWho="1" sc="402,0,253,-80,25,90,310,0" /><INIT seed="2,0,0,3,2,27" ten="402,173,115,310" oya="2" hai0="17,131,65,67,120,59,3,54,49,32,57,133,116" hai1="126,11,15,33,106,20,47,98,87,107,75,1,18" hai2="123,37,125,64,22,30,90,84,7,117,127,56,104" hai3="36,99,97,130,122,89,48,102,44,60,68,24,111"/><V12/><F117/><W10/><G122/><T114/><D114/><U72/><E126/><N who="2" m="48139" /><F123/><W135/><G111/><T8/><D32/><U45/><E33/><V73/><F73/><W53/><G130/><T94/><D120/><U6/><E75/><V34/><F104/><W74/><G74/><T77/><D77/><U132/><E72/><V113/><F113/><W128/><G128/><T14/><D131/><U62/><E132/><V63/><F37/><W100/><G135/><T26/><D26/><U109/><E109/><V134/><F134/><W52/><G36/><T79/><D79/><U124/><E107/><V2/><F34/><W41/><G10/><T61/><D133/><U115/><E115/><V96/><F2/><W4/><G4/><T29/><D29/><U42/><E42/><V25/><F96/><W58/><G68/><T119/><D3/><U43/><E43/><V40/><F40/><W91/><G41/><T82/><D82/><U81/><E124/><V39/><F39/><W23/><G99/><T78/><D78/><U9/><E98/><V105/><F105/><W28/><G102/><T118/><D94/><AGARI ba="0,0" hai="23,24,28,44,48,52,53,58,60,89,91,94,97,100" machi="94" ten="30,7700,0" yaku="7,1,8,1,52,1,54,1" doraHai="27" who="3" fromWho="0" sc="402,-77,173,0,115,0,310,77" /><INIT seed="3,0,0,0,4,105" ten="325,173,115,387" oya="3" hai0="118,3,22,83,69,21,96,130,12,106,61,103,31" hai1="56,46,113,110,86,85,125,95,39,13,41,18,120" hai2="66,82,109,126,19,68,102,36,38,76,44,111,98" hai3="64,71,54,72,70,116,27,59,132,119,84,17,2"/><W8/><G72/><T26/><D130/><U74/><E74/><N who="2" m="43287" /><F19/><W6/><G132/><T20/><D118/><U1/><E113/><V122/><F44/><W58/><G58/><T35/><D3/><U47/><E1/><V24/><F24/><W15/><G84/><T10/><D83/><U115/><E115/><V131/><F66/><W127/><G127/><T80/><D80/><U55/><E125/><V108/><F126/><W91/><G91/><T75/><D75/><U62/><E46/><V134/><F68/><W92/><G92/><T129/><D129/><U57/><E120/><V45/><F45/><W107/><G107/><T104/><D104/><U7/><E7/><V23/><F23/><W53/><G53/><T133/><D133/><U89/><E57/><V51/><F51/><W32/><G64/><T67/><REACH who="0" step="1"/><D22/><REACH who="0" ten="315,173,115,387" step="2"/><U87/><E110/><N who="2" m="28163" /><V117/><DORA hai="81" /><F131/><W77/><G119/><T30/><D30/><U135/><E135/><V90/><F117/><W78/><G116/><T42/><D42/><U37/><E37/><N who="2" m="14443" /><F134/><W97/><G78/><T88/><D88/><U101/><E101/><V123/><F90/><W50/><G77/><T93/><D93/><U40/><E40/><V16/><F16/><AGARI ba="0,1" hai="10,12,16,20,21,26,31,35,61,67,69,96,103,106" machi="16" ten="30,12000,2" yaku="1,1,7,1,25,2,54,1,53,1" doraHai="105,81" doraHaiUra="65,112" who="0" fromWho="2" sc="315,130,173,0,115,-120,387,0" owari="445,54.5,173,-22.7,-5,-50.5,387,18.7" /></mjloggm>