<mjloggm ver="2.3"><GO type="225" lobby="0"/><UN n0="%E3%81%8B%E3%82%8F%E3%81%A1%E3%82%83%E3%82%93%35%38" n1="%E7%99%BD%E5%92%B2%E8%8A%B1%E3%81%A1%E3%82%83%E3%82%93" n2="%E3%81%BF%E3%81%BF%E3%81%9A" n3="%E3%83%81%E3%83%83%E3%82%BF%E3%82%BD%E3%83%BC" dan="16,16,17,16" rate="2145.45,2158.34,2188.65,2120.22" sx="M,F,M,F"/><TAIKYOKU oya="0"/><INIT seed="0,0,0,5,2,128" ten="250,250,250,250" oya="0" hai0="99,29,78,86,43,35,49,77,108,52,31,113,98" hai1="27,97,134,26,93,104,106,79,36,116,64,102,61" hai2="7,19,0,68,130,62,30,2,91,75,67,54,51" hai3="100,92,41,129,45,22,121,18,37,4,135,89,72"/><T1/><D1/><U114/><E114/><V5/><F130/><W125/><G129/><T56/><D113/><U88/><E116/><V53/><F30/><N who="0" m="11274" /><D35/><U55/><E36/><V111/><F75/><W66/><G125/><T16/><D108/><U17/><E79/><N who="0" m="30217" /><D43/><U50/><E17/><V112/><F112/><W24/><G121/><T60/><D86/><U132/><E106/><V8/><F111/><W10/><G72/><T87/><D87/><U115/><E115/><V21/><F91/><W28/><G100/><T47/><D16/><U80/><E102/><V96/><F96/><N who="0" m="36906" /><D60/><U65/><E104/><V83/><F83/><W38/><G37/><T13/><D13/><U9/><E80/><V12/><REACH who="2" step="1"/><F51/><REACH who="2" ten="250,250,240,250" step="2"/><W11/><G38/><T32/><D32/><U70/><E50/><V103/><F103/><W126/><G89/><T59/><AGARI ba="0,1" hai="47,49,52,56,59" m="36906,30217,11274" machi="59" ten="30,3000,0" yaku="8,1,54,1" doraHai="128" who="0" fromWho="0" sc="250,40,250,-10,240,-10,250,-10" /><INIT seed="0,1,0,0,2,77" ten="290,240,230,240" oya="0" hai0="25,94,110,45,87,20,2,76,44,132,21,17,35" hai1="78,128,28,71,108,50,80,86,6,67,34,82,79" hai2="103,124,91,114,23,42,100,7,97,29,58,127,48" hai3="1,101,93,104,4,63,55,134,65,89,19,43,126"/><T83/><D132/><U26/><E108/><V53/><F114/><W18/><G126/><N who="2" m="48169" /><F7/><W60/><G134/><T30/><D2/><U69/><E128/><V131/><F131/><W106/><G43/><T81/><D110/><U13/><E67/><V15/><F42/><W51/><G4/><T49/><D35/><U116/><E116/><V105/><F103/><W40/><G1/><T12/><D49/><U118/><E118/><V61/><F91/><W39/><G40/><T72/><REACH who="0" step="1"/><D94/><REACH who="0" ten="280,240,230,240" step="2"/><U107/><E50/><V95/><F48/><W8/><G39/><T68/><D68/><U24/><E107/><V74/><F105/><W112/><G106/><T27/><D27/><U102/><E26/><N who="2" m="16607" /><F15/><W75/><G104/><T9/><D9/><U129/><E129/><V11/><F11/><W47/><G8/><T125/><D125/><U121/><E13/><V5/><F5/><W111/><G111/><T113/><D113/><U59/><E6/><V122/><F122/><W10/><G112/><T109/><D109/><U66/><E121/><V32/><F32/><W123/><G10/><T56/><D56/><U31/><E59/><V115/><F115/><W117/><G123/><T41/><D41/><U22/><E69/><V38/><F38/><W73/><G117/><T99/><D99/><U84/><E71/><V46/><F46/><W3/><G47/><T16/><D16/><N who="1" m="12359" /><E34/><V85/><F74/><W98/><G75/><T70/><D70/><U133/><E133/><V54/><F85/><W120/><G73/><T37/><D37/><U135/><E135/><V64/><AGARI ba="1,1" hai="53,54,58,61,64,95,97,100" m="16607,48169" machi="64" ten="30,4000,0" yaku="5,1,25,1,18,1" doraHai="77" who="2" fromWho="2" sc="280,-21,240,-11,230,53,240,-11" /><INIT seed="1,0,0,1,0,53" ten="259,229,283,229" oya="1" hai0="45,82,5,50,122,7,110,128,123,40,33,39,97" hai1="62,61,56,118,105,30,22,86,81,65,34,70,0" hai2="71,32,133,41,74,49,104,44,115,96,107,43,93" hai3="102,6,78,20,113,98,79,17,52,10,67,11,35"/><U114/><E114/><V3/><F3/><W57/><G113/><T124/><D33/><U25/><E118/><V101/><F115/><W103/><G35/><T59/><D110/><U73/><E105/><V77/><F133/><W83/><G67/><T69/><D128/><U126/><E126/><V72/><F71/><W84/><G78/><T90/><D69/><U116/><E116/><V48/><F32/><W131/><G131/><T120/><D124/><U121/><E121/><V92/><F92/><N who="3" m="58695" /><G6/><T95/><REACH who="0" step="1"/><D82/><REACH who="0" ten="249,229,283,229" step="2"/><U21/><E73/><V51/><F74/><W54/><G103/><T16/><D16/><U42/><E42/><V58/><F41/><W100/><G100/><T91/><D91/><U63/><E70/><V108/><F108/><W36/><G36/><T112/><D112/><U66/><E0/><V87/><F72/><W27/><G54/><AGARI ba="0,1" hai="5,7,39,40,45,50,54,59,90,95,97,120,122,123" machi="54" ten="40,5200,0" yaku="1,1,13,1,52,1,53,0" doraHai="53" doraHaiUra="15" who="0" fromWho="3" sc="249,62,229,0,283,0,229,-52" /><INIT seed="2,0,0,1,2,92" ten="311,229,283,177" oya="2" hai0="128,83,127,112,76,37,75,73,121,24,106,27,57" hai1="110,40,1,135,108,74,46,99,72,103,84,130,89" hai2="51,36,26,116,49,80,56,34,10,0,67,35,120" hai3="129,32,61,118,63,15,54,7,107,122,85,77,131"/><V17/><F116/><W45/><G107/><T70/><D70/><U3/><E130/><N who="3" m="49674" /><G32/><T22/><D106/><U30/><E135/><V71/><F120/><W53/><G118/><T5/><D37/><U126/><E126/><V98/><F36/><W42/><G122/><T91/><D75/><U2/><E30/><V87/><F71/><W12/><G85/><T65/><D5/><U43/><E84/><V123/><F123/><W41/><G77/><T47/><D47/><U133/><E89/><V132/><F132/><W104/><G104/><T9/><D9/><U113/><E113/><V59/><F0/><W28/><G28/><T115/><D24/><U117/><E117/><V44/><F34/><W124/><G124/><T20/><D20/><U16/><E16/><V69/><F69/><W18/><G7/><T48/><D121/><U134/><E134/><V25/><F35/><W14/><G18/><N who="0" m="12759" /><D127/><U97/><E133/><V86/><F17/><W39/><G45/><T88/><D128/><U31/><E31/><V29/><F29/><W101/><G101/><T111/><D111/><N who="1" m="42539" /><E103/><V100/><F100/><W58/><G39/><T109/><D109/><U8/><E8/><V33/><F10/><W96/><G96/><N who="1" m="36938" /><E46/><V38/><F98/><W52/><G58/><T79/><D79/><U50/><E50/><V81/><F44/><W64/><G64/><T125/><D125/><U55/><E55/><V119/><F38/><W93/><G93/><T19/><D19/><U23/><E23/><V66/><F119/><W6/><G6/><T78/><D78/><U60/><E60/><AGARI ba="0,0" hai="12,14,15,41,42,52,53,54,60,61,63" m="49674" machi="60" ten="40,8000,1" yaku="6,1,28,2,19,1,54,1" doraHai="92" who="3" fromWho="1" sc="311,0,229,-80,283,0,177,80" /><INIT seed="3,0,0,5,2,101" ten="311,149,283,257" oya="3" hai0="56,31,3,82,107,62,6,27,88,113,76,1,130" hai1="11,93,15,98,49,108,18,77,124,117,120,104,90" hai2="125,109,57,89,51,46,28,103,127,118,17,119,50" hai3="43,110,58,106,2,66,69,67,38,52,30,83,65"/><W21/><G106/><T75/><D107/><U61/><E108/><V91/><F28/><W102/><G2/><T36/><D36/><U13/><E124/><N who="2" m="47691" /><F109/><W135/><G135/><T32/><D6/><U33/><E117/><N who="2" m="44555" /><F17/><W55/><G110/><T41/><D41/><U94/><E120/><V123/><F103/><W131/><G131/><T16/><D130/><U22/><E33/><V92/><F123/><W63/><G102/><T122/><D122/><U5/><E77/><V133/><F92/><W54/><G83/><T126/><D126/><U105/><E61/><V70/><F70/><W116/><G116/><T42/><D42/><U95/><E95/><V34/><F34/><W134/><G134/><T86/><D16/><U112/><E112/><V80/><F80/><W87/><G87/><T47/><D47/><U20/><E94/><V19/><F19/><W74/><G74/><T44/><D44/><U100/><E100/><V79/><F79/><W12/><G69/><T8/><D8/><U45/><REACH who="1" step="1"/><E22/><REACH who="1" ten="311,139,283,257" step="2"/><V39/><F133/><W14/><G21/><T72/><D113/><U60/><E60/><V115/><F115/><W68/><G68/><T64/><D75/><U73/><E73/><V37/><F91/><W111/><G111/><T114/><D114/><U71/><E71/><V132/><F89/><W48/><G63/><T85/><D72/><U4/><E4/><V25/><F132/><W78/><G78/><T99/><D99/><U10/><E10/><V0/><F0/><N who="0" m="74" /><D85/><U84/><E84/><V24/><F37/><W97/><G38/><T121/><D121/><RYUUKYOKU ba="0,1" sc="311,15,139,15,283,-15,257,-15" hai0="27,31,32,56,62,64,76,82,86,88" hai1="5,11,13,15,18,20,45,49,90,93,98,104,105" owari="336,43.6,154,-34.6,268,6.8,242,-15.8" /></mjloggm>