<mjloggm ver="2.3"><GO type="225" lobby="0"/><UN n0="%E3%81%BF%E3%81%BF%E3%81%9A" n1="%E3%80%93%E3%81%97%E3%83%BC%E3%82%89%E3%80%93" n2="%4B%2E%32%2E%4B%2E" n3="%E3%81%BE%E3%81%A8%E3%81%9F" dan="18,17,17,16" rate="2258.67,2156.34,2180.97,2141.36" sx="M,M,M,M"/><TAIKYOKU oya="0"/><INIT seed="0,0,0,0,5,96" ten="250,250,250,250" oya="0" hai0="103,95,94,107,88,7,73,27,6,92,69,100,31" hai1="125,59,93,134,123,87,42,86,14,98,91,19,37" hai2="13,55,52,63,15,25,71,112,101,10,85,48,81" hai3="102,130,105,77,118,67,83,60,33,108,40,111,97"/><T90/><D73/><U78/><E123/><V82/><F112/><W5/><G118/><T135/><D69/><U104/><E134/><V74/><F74/><N who="3" m="43447" /><G130/><T99/><D135/><U124/><E37/><V29/><F101/><N who="0" m="38986" /><D107/><U28/><E42/><V30/><F15/><W106/><G5/><N who="0" m="1547" /><D99/><U129/><E129/><V11/><F81/><W16/><G40/><T22/><AGARI ba="0,0" hai="22,27,31,88,90,92,94,95" m="1547,38986" machi="22" ten="30,12000,1" yaku="8,1,52,3,54,1" doraHai="96" who="0" fromWho="0" sc="250,120,250,-40,250,-40,250,-40" /><INIT seed="0,1,0,0,3,125" ten="370,210,210,210" oya="0" hai0="50,86,7,81,75,128,108,77,33,116,29,113,48" hai1="28,4,62,11,124,79,120,1,129,45,78,83,46" hai2="5,89,130,69,112,38,15,88,111,27,55,74,131" hai3="30,65,118,24,14,22,9,103,60,37,41,54,117"/><T135/><D113/><U43/><E124/><V133/><F112/><W6/><G103/><T21/><D116/><U134/><E120/><V32/><F74/><W106/><G106/><T53/><D33/><U80/><E134/><V0/><F0/><W3/><G54/><T101/><D135/><U51/><E28/><N who="2" m="19487" /><F38/><W98/><G98/><T23/><D7/><U36/><E62/><V121/><F69/><W122/><G122/><T13/><D101/><U96/><E96/><V31/><F121/><W35/><G41/><T8/><D75/><N who="1" m="43103" /><E83/><V94/><F133/><W119/><G37/><T110/><D50/><U67/><E79/><V126/><F111/><N who="0" m="42538" /><D29/><U114/><E67/><V66/><F66/><W2/><REACH who="3" step="1"/><G35/><REACH who="3" ten="370,210,210,200" step="2"/><T12/><D53/><N who="1" m="29935" /><E114/><V91/><F55/><W92/><G92/><T93/><D93/><U71/><E71/><AGARI ba="1,1" hai="2,3,6,9,14,22,24,30,60,65,71,117,118,119" machi="71" ten="40,1300,0" yaku="1,1,53,0" doraHai="125" doraHaiUra="90" who="3" fromWho="1" sc="370,0,210,-16,210,0,200,26" /><INIT seed="1,0,0,2,2,66" ten="370,194,210,226" oya="1" hai0="92,43,48,0,37,46,7,79,73,64,132,10,96" hai1="93,27,81,87,62,88,61,90,130,77,135,108,99" hai2="115,65,116,57,21,22,75,111,76,60,32,97,89" hai3="26,110,131,41,59,127,94,119,121,3,112,30,78"/><U86/><E135/><V23/><F116/><W117/><G112/><T11/><D132/><U6/><E130/><V134/><F134/><W126/><G121/><T91/><D11/><U104/><E108/><V101/><F111/><W38/><G3/><T98/><D64/><U31/><E6/><V28/><F115/><W100/><G131/><T80/><D48/><U42/><E42/><V120/><F120/><W34/><G78/><T36/><D36/><U25/><E104/><V44/><F89/><W128/><G128/><T122/><D122/><U56/><E56/><V16/><F44/><N who="3" m="23607" /><G59/><T5/><D5/><U102/><E102/><V103/><F32/><W95/><G110/><T71/><D71/><U4/><E4/><V133/><F28/><W47/><G47/><T68/><D68/><U17/><E17/><V35/><F35/><W14/><G14/><T55/><D55/><U12/><E12/><V125/><F76/><W69/><G69/><T129/><BYE who="3" /><D129/><UN n3="%E3%81%BE%E3%81%A8%E3%81%9F" /><U70/><E70/><V106/><F75/><W107/><G107/><T54/><D54/><U124/><E124/><N who="3" m="47658" /><G100/><T84/><AGARI ba="0,0" hai="0,7,10,37,43,46,73,79,80,84,91,92,96,98" machi="84" ten="20,5200,0" yaku="0,1,7,1,25,2" doraHai="66" who="0" fromWho="0" sc="370,52,194,-26,210,-13,226,-13" /><INIT seed="2,0,0,5,5,54" ten="422,168,197,213" oya="2" hai0="34,42,67,91,102,25,106,48,70,76,10,17,30" hai1="55,15,111,104,93,2,18,6,38,87,3,44,36" hai2="81,120,46,66,109,57,24,1,64,125,123,114,119" hai3="88,85,4,90,95,94,0,134,75,116,43,110,51"/><V133/><F1/><W23/><G116/><T27/><D76/><U7/><E104/><V73/><F24/><W16/><G75/><T63/><D91/><U8/><E111/><V84/><F73/><W118/><G118/><T53/><D42/><U74/><E74/><V112/><F119/><W124/><G124/><T21/><D10/><U13/><E93/><V41/><F81/><W19/><G110/><T5/><D5/><U108/><E87/><V33/><F33/><W78/><G78/><T79/><D79/><U68/><E68/><V35/><F35/><W82/><G134/><T71/><D71/><U59/><E108/><V26/><F26/><W131/><G131/><T47/><D102/><U86/><E86/><V103/><F84/><W107/><G107/><T97/><D97/><U132/><E132/><V58/><F103/><W49/><G90/><T96/><D96/><U60/><E7/><V32/><F32/><W89/><G89/><T100/><D106/><U122/><E122/><N who="2" m="46635" /><F109/><W11/><G19/><T99/><D99/><U9/><REACH who="1" step="1"/><E44/><REACH who="1" ten="422,158,197,213" step="2"/><V20/><F133/><W105/><G105/><T62/><D100/><U65/><E65/><V40/><F46/><N who="3" m="25823" /><G95/><T50/><REACH who="0" step="1"/><D47/><REACH who="0" ten="412,158,197,213" step="2"/><U29/><E29/><V37/><F114/><W72/><G94/><T61/><D61/><U115/><E115/><V39/><F112/><W113/><G113/><T28/><D28/><U128/><E128/><V83/><F83/><W77/><G82/><T101/><D101/><U127/><E127/><V130/><F125/><W126/><G126/><T56/><AGARI ba="0,2" hai="17,21,25,27,30,34,48,50,53,56,62,63,67,70" machi="56" ten="30,7900,0" yaku="1,1,0,1,52,1,53,1" doraHai="54" doraHaiUra="14" who="0" fromWho="0" sc="412,99,158,-20,197,-39,213,-20" /><INIT seed="3,0,0,2,2,105" ten="511,138,158,193" oya="3" hai0="74,57,131,92,44,16,77,47,0,11,30,49,126" hai1="34,82,129,28,95,135,42,63,29,71,8,123,134" hai2="7,122,109,48,96,124,10,46,100,35,90,56,37" hai3="87,79,26,81,84,45,2,53,107,6,40,27,108"/><W89/><G107/><T112/><D30/><U119/><E123/><V3/><F35/><W111/><G53/><T86/><D57/><U9/><E129/><V12/><F122/><W68/><G68/><T110/><D16/><U106/><E106/><V133/><F109/><W115/><G115/><T98/><D11/><N who="1" m="4171" /><E42/><V88/><F133/><N who="1" m="50697" /><E34/><V120/><F120/><W17/><G17/><T76/><D74/><U43/><E43/><V64/><F124/><W36/><G6/><T55/><D77/><U33/><E33/><V116/><F116/><W24/><G2/><T93/><D93/><U117/><E95/><N who="2" m="58399" /><F37/><W23/><G111/><T65/><D49/><U38/><E38/><V21/><F21/><W114/><G23/><T69/><D86/><U4/><E4/><V41/><F3/><W99/><G87/><T70/><D65/><N who="1" m="41407" /><E82/><V60/><AGARI ba="0,0" hai="7,10,12,41,46,48,56,60,64,88,90" m="58399" machi="60" ten="30,2000,0" yaku="8,1,54,1" doraHai="105" who="2" fromWho="2" sc="511,-5,138,-5,158,20,193,-10" owari="506,60.6,133,-36.7,178,-22.2,183,-1.7" /></mjloggm>