<mjloggm ver="2.3"><GO type="225" lobby="0"/><UN n0="%E4%BF%BA%E3%81%A8%E5%A6%96%E5%A4%A2" n1="%70%68%65%6E%6F%6D%65" n2="%E3%81%99%E3%81%84%E3%81%BE%E3%81%9B%E3%83%BC%E3%82%93" n3="%E3%81%8B%E3%82%8F%E3%81%A1%E3%82%83%E3%82%93%35%38" dan="16,16,18,16" rate="2246.69,2085.12,2159.52,2147.41" sx="F,M,M,M"/><TAIKYOKU oya="0"/><INIT seed="0,0,0,4,1,27" ten="250,250,250,250" oya="0" hai0="19,99,109,107,40,105,61,100,25,20,63,67,121" hai1="30,59,43,132,126,79,111,47,60,127,51,23,37" hai2="70,15,116,28,87,57,52,9,125,10,131,118,75" hai3="103,54,80,133,77,48,90,46,94,76,17,58,11"/><T128/><D121/><U56/><E79/><V12/><F75/><W2/><G133/><T130/><D109/><U22/><E132/><V66/><F131/><N who="0" m="50218" /><D40/><U53/><E111/><V112/><F112/><W44/><G103/><T7/><D7/><U102/><E102/><V106/><F106/><N who="0" m="40458" /><D67/><U49/><E37/><V115/><F115/><W84/><G77/><T0/><D0/><U89/><E89/><V96/><F96/><W33/><G33/><T24/><D24/><U21/><REACH who="1" step="1"/><E30/><REACH who="1" ten="250,240,250,250" step="2"/><V91/><F28/><W86/><G2/><T119/><D119/><U110/><E110/><V82/><F118/><W68/><G68/><T31/><D31/><U120/><E120/><V1/><F116/><W65/><G65/><AGARI ba="0,1" hai="21,22,23,43,47,49,51,53,56,59,60,65,126,127" machi="65" ten="40,1300,0" yaku="1,1,53,0" doraHai="27" doraHaiUra="5" who="1" fromWho="3" sc="250,0,240,23,250,0,250,-13" /><INIT seed="1,0,0,4,0,107" ten="250,263,250,237" oya="1" hai0="15,30,90,102,104,47,117,127,35,36,17,26,111" hai1="82,75,49,76,109,122,70,79,27,65,52,24,135" hai2="114,50,45,69,1,66,9,71,123,68,72,60,61" hai3="2,125,14,124,46,103,37,93,134,62,106,92,97"/><U113/><E113/><V64/><F72/><W83/><G2/><T12/><D117/><U53/><E122/><V96/><F1/><W105/><G62/><N who="2" m="24169" /><F96/><N who="3" m="59783" /><G14/><T28/><D111/><U51/><E70/><V129/><F9/><W115/><G46/><T67/><D67/><N who="2" m="25642" /><F114/><W59/><G59/><T98/><D127/><N who="3" m="48713" /><G37/><T56/><D56/><U128/><E65/><V126/><F126/><W118/><G115/><T21/><D30/><U112/><E112/><V41/><F129/><W95/><G118/><T3/><D3/><U19/><E128/><V39/><F123/><W94/><G134/><T63/><D63/><U23/><E135/><V32/><F32/><W31/><G31/><T132/><D132/><U18/><E109/><V100/><F100/><N who="3" m="62607" /><G106/><T130/><D130/><U121/><E121/><V87/><F87/><W43/><G43/><T25/><D36/><AGARI ba="0,0" hai="36,39,41,45,50,68,69,71" m="25642,24169" machi="36" ten="40,8000,1" yaku="35,5" doraHai="107" who="2" fromWho="0" sc="250,-80,263,0,250,80,237,0" /><INIT seed="2,0,0,1,5,13" ten="170,263,330,237" oya="2" hai0="62,61,78,50,89,66,25,94,76,119,130,80,105" hai1="127,79,97,63,15,54,29,1,17,126,5,57,111" hai2="53,22,33,131,3,133,91,83,85,35,51,65,114" hai3="84,47,26,98,44,16,86,82,93,95,110,74,101"/><V132/><F114/><W23/><G110/><T24/><D105/><U55/><E111/><V124/><F131/><W20/><G74/><T81/><D130/><U77/><E29/><V112/><F3/><W34/><G34/><T28/><D119/><U125/><E5/><V59/><F124/><W71/><G71/><T121/><D121/><U9/><E1/><V104/><F104/><W92/><G86/><T99/><D50/><U58/><REACH who="1" step="1"/><E97/><REACH who="1" ten="170,253,330,237" step="2"/><V8/><F112/><W118/><G118/><T56/><D28/><U96/><E96/><V90/><F35/><W19/><G98/><T64/><D78/><U75/><E75/><V100/><F33/><W103/><G101/><T120/><D120/><U30/><E30/><V40/><F100/><W14/><G103/><T27/><REACH who="0" step="1"/><D76/><AGARI ba="0,1" hai="14,16,19,20,23,26,44,47,76,82,84,92,93,95" machi="76" ten="40,8000,1" yaku="8,1,52,2,54,1" doraHai="13" who="3" fromWho="0" sc="170,-80,253,0,330,0,237,90" /><INIT seed="3,0,0,3,4,54" ten="90,253,330,327" oya="3" hai0="55,25,63,35,26,110,69,99,33,29,85,83,21" hai1="2,117,20,7,123,121,135,44,120,30,90,81,128" hai2="17,106,66,12,19,94,92,46,58,107,53,47,114" hai3="18,8,0,122,41,86,78,68,79,89,115,6,22"/><W93/><G115/><T100/><D110/><U127/><E90/><V4/><F114/><W82/><G122/><T71/><D71/><U5/><E81/><V116/><F116/><W97/><G68/><T14/><D14/><U48/><E48/><V113/><F113/><W133/><G133/><T80/><D80/><U31/><E44/><N who="2" m="16939" /><F107/><W51/><G51/><T40/><D40/><U101/><E101/><V11/><F66/><W103/><G41/><T72/><D72/><U131/><E135/><V64/><F64/><W129/><G129/><N who="1" m="49738" /><E117/><V73/><F106/><W102/><G102/><T38/><D38/><U67/><E67/><V52/><F53/><W74/><G74/><T91/><D69/><U87/><E87/><V57/><F58/><W98/><G98/><T43/><D43/><U62/><E62/><N who="2" m="36135" /><F73/><W130/><G130/><T59/><D35/><U34/><E2/><V109/><F109/><W111/><G111/><T60/><D60/><U1/><E1/><V32/><F32/><W27/><AGARI ba="0,0" hai="0,6,8,18,22,27,78,79,82,86,89,93,97,103" machi="27" ten="20,2100,0" yaku="0,1,7,1" doraHai="54" who="3" fromWho="3" sc="90,-7,253,-7,330,-7,327,21" owari="83,-41.7,246,-15.4,323,12.3,348,44.8" /></mjloggm>