<mjloggm ver="2.3"><GO type="225" lobby="0"/><UN n0="%E8%81%B7%E6%A5%AD%E3%80%81%E9%A2%A8%32" n1="%E3%81%BF%E3%81%BF%E3%81%9A" n2="%E9%87%8E%E3%80%85%E5%AE%AE%E8%97%8D" n3="%E6%9C%88%E5%B3%B6%E5%9F%BA" dan="16,18,17,16" rate="2157.06,2250.47,2154.96,2089.34" sx="M,M,F,M"/><TAIKYOKU oya="0"/><INIT seed="0,0,0,2,4,21" ten="250,250,250,250" oya="0" hai0="54,2,103,129,79,67,84,62,1,99,98,60,106" hai1="97,118,47,33,93,46,43,12,80,15,125,113,91" hai2="14,48,109,115,19,3,128,100,58,132,16,123,114" hai3="111,7,34,53,39,55,74,107,65,120,56,85,88"/><T24/><D129/><U122/><E118/><V73/><F73/><W8/><G74/><T29/><D98/><U71/><E122/><V127/><F100/><W130/><G120/><T72/><D72/><U77/><E33/><V51/><F123/><W37/><G130/><T25/><D54/><U75/><E125/><V45/><F3/><W104/><G111/><T5/><D62/><U105/><E113/><V10/><F128/><W95/><G65/><T117/><D117/><U68/><E47/><V42/><F109/><W44/><G34/><T131/><D131/><U40/><E40/><V126/><F132/><W70/><G70/><T59/><D29/><U86/><E68/><V94/><F94/><W0/><G55/><T32/><D32/><U22/><E22/><V108/><F108/><W20/><G20/><T133/><D133/><U83/><E71/><V30/><F30/><W96/><G44/><T101/><D101/><N who="1" m="62639" /><E83/><V49/><F19/><W13/><G0/><T87/><D2/><U69/><E69/><V90/><F90/><W18/><G18/><T121/><D121/><U31/><E31/><V89/><F89/><W66/><G104/><T135/><D135/><U110/><E110/><V52/><REACH who="2" step="1"/><F51/><AGARI ba="0,0" hai="12,15,43,46,51,75,77,80,86,91,93" m="62639" machi="51" ten="30,1000,0" yaku="24,1" doraHai="21" who="1" fromWho="2" sc="250,0,250,10,250,-10,250,0" /><INIT seed="1,0,0,0,0,107" ten="250,260,240,250" oya="1" hai0="32,8,81,127,95,80,31,87,1,30,125,103,21" hai1="82,124,126,78,89,28,129,110,62,116,52,42,67" hai2="72,132,84,114,105,56,104,38,128,100,92,14,63" hai3="5,46,119,133,15,73,22,101,76,98,61,99,47"/><U36/><E116/><V37/><F72/><W43/><G119/><T49/><D32/><U91/><E129/><V96/><F128/><W26/><G133/><T50/><D81/><U93/><E28/><V121/><F121/><W44/><G61/><T64/><D64/><U11/><E11/><V12/><F132/><W24/><G43/><T134/><D134/><U118/><E118/><V4/><F114/><W74/><G76/><T58/><D8/><U90/><E110/><V19/><F4/><W79/><G79/><T122/><D1/><U35/><E35/><V131/><F131/><W115/><G115/><T70/><D70/><U40/><E93/><V71/><F71/><W9/><G98/><N who="0" m="59871" /><D122/><U34/><E34/><V108/><F12/><W23/><G24/><N who="0" m="16655" /><D58/><N who="1" m="35143" /><E67/><V111/><F38/><W65/><G65/><T0/><D0/><U53/><E53/><N who="2" m="34191" /><F37/><W16/><REACH who="3" step="1"/><G23/><REACH who="3" ten="250,260,240,240" step="2"/><T66/><D66/><U68/><E68/><V2/><F111/><W7/><G7/><T130/><D130/><U60/><E60/><V88/><F108/><W112/><G112/><T48/><D127/><N who="1" m="48683" /><E36/><V106/><F106/><AGARI ba="0,1" hai="5,9,15,16,22,26,44,46,47,73,74,99,101,106" machi="106" ten="40,8000,1" yaku="1,1,52,2,54,1,53,0" doraHai="107" doraHaiUra="135" who="3" fromWho="2" sc="250,0,260,0,240,-80,240,90" /><INIT seed="2,0,0,4,2,132" ten="250,260,160,330" oya="2" hai0="49,53,111,76,10,34,55,4,75,115,102,74,1" hai1="117,103,79,98,44,31,30,26,51,12,108,101,100" hai2="8,17,89,46,21,5,62,104,7,126,60,54,27" hai3="56,124,85,33,25,57,3,15,59,122,77,116,134"/><V113/><F113/><W118/><G122/><T96/><D115/><U121/><E117/><V37/><F104/><W94/><G3/><T47/><D34/><U9/><E121/><V13/><F126/><W11/><G134/><T81/><D111/><U64/><E108/><V32/><F32/><W78/><G124/><T128/><D128/><U73/><E64/><V131/><F131/><W133/><G133/><T61/><D61/><U63/><E63/><V45/><F5/><W107/><G107/><T87/><REACH who="0" step="1"/><D55/><REACH who="0" ten="240,260,160,330" step="2"/><U50/><E50/><V38/><F38/><W2/><G33/><T99/><D99/><U106/><E98/><V112/><F112/><W110/><G110/><T35/><D35/><U43/><E106/><AGARI ba="0,1" hai="1,4,10,47,49,53,74,75,76,81,87,96,102,106" machi="106" ten="30,2000,0" yaku="1,1,7,1,53,0" doraHai="132" doraHaiUra="120" who="0" fromWho="1" sc="240,30,260,-20,160,0,330,0" /><INIT seed="3,0,0,2,3,45" ten="270,240,160,330" oya="3" hai0="60,0,52,35,44,79,135,13,99,115,96,14,19" hai1="33,122,20,46,125,32,57,106,27,59,101,114,65" hai2="43,129,111,124,77,86,28,58,84,18,72,40,51" hai3="24,133,53,7,11,71,69,47,81,25,49,75,127"/><W55/><G127/><T112/><D0/><U64/><E122/><V2/><F72/><W105/><G105/><T73/><D35/><U26/><E114/><N who="0" m="43561" /><D135/><U116/><E125/><V34/><F2/><W56/><G133/><T132/><D132/><U6/><E6/><V16/><F124/><W9/><G71/><T68/><D79/><U80/><E46/><V93/><F111/><W83/><G69/><T12/><D73/><U82/><E101/><V94/><F129/><W110/><G75/><T121/><D121/><U39/><E20/><V76/><F34/><W87/><G81/><T3/><D3/><U113/><E113/><V130/><F130/><W119/><G119/><T36/><D19/><U120/><E120/><V61/><F61/><N who="3" m="35983" /><G7/><T109/><D109/><U123/><E123/><V95/><F28/><W117/><G117/><T104/><D104/><U37/><REACH who="1" step="1"/><E116/><REACH who="1" ten="270,230,160,330" step="2"/><V5/><F5/><W74/><G110/><T1/><D1/><U38/><E38/><V23/><F23/><W70/><G11/><T88/><D36/><U85/><E85/><N who="2" m="32875" /><F58/><W128/><G70/><T29/><D44/><U126/><E126/><V97/><F97/><W78/><G9/><T131/><D99/><U107/><AGARI ba="0,1" hai="26,27,32,33,37,39,57,59,64,65,80,82,106,107" machi="107" ten="25,12000,2" yaku="1,1,0,1,22,2,53,2" doraHai="45" doraHaiUra="21" who="1" fromWho="1" sc="270,-30,230,130,160,-30,330,-60" owari="240,-16.0,360,46.0,130,-37.0,270,7.0" /></mjloggm>