<mjloggm ver="2.3"><GO type="225" lobby="0"/><UN n0="%E3%83%A9%E3%82%A4%E3%83%B3%E3%81%AE%E8%99%8E" n1="%E4%BF%BA%E3%81%A8%E5%A6%96%E5%A4%A2" n2="%E3%81%99%E3%81%84%E3%81%BE%E3%81%9B%E3%83%BC%E3%82%93" n3="%E3%80%90%E3%83%88%E3%83%AA%E3%83%A5%E3%83%95%E3%80%91" dan="16,16,18,16" rate="2144.49,2139.58,2176.48,2119.76" sx="M,F,M,M"/><TAIKYOKU oya="0"/><INIT seed="0,0,0,4,3,48" ten="250,250,250,250" oya="0" hai0="84,20,51,50,69,134,41,128,43,24,1,80,16" hai1="36,117,54,34,121,6,38,109,91,120,7,67,25" hai2="102,18,123,22,92,132,64,55,3,119,130,107,27" hai3="89,28,87,127,122,0,21,32,72,30,78,93,110"/><T29/><D128/><U70/><E117/><V42/><F123/><W47/><G0/><T35/><D134/><U12/><E91/><V58/><F130/><W53/><G110/><T124/><D124/><U5/><E109/><V8/><F132/><W83/><G122/><T76/><D69/><U56/><E120/><V52/><F107/><W79/><G127/><T105/><D105/><U113/><E113/><V82/><F42/><W108/><G79/><T11/><D50/><U61/><E121/><V66/><F119/><W73/><G108/><T45/><D41/><U62/><REACH who="1" step="1"/><E12/><REACH who="1" ten="250,240,250,250" step="2"/><N who="2" m="7431" /><F3/><W15/><G15/><N who="0" m="7295" /><D1/><U95/><E95/><V57/><F82/><W100/><G83/><T135/><D135/><U131/><E131/><V86/><F92/><W71/><G93/><T19/><D35/><U37/><E37/><V125/><F125/><W97/><G32/><T133/><D133/><U103/><E103/><V65/><F102/><W99/><G100/><T116/><D116/><U101/><E101/><V63/><F86/><W23/><G87/><T60/><D60/><U68/><E68/><V59/><F63/><W13/><G13/><T88/><D76/><U129/><E129/><V112/><F112/><W104/><G71/><T9/><D9/><U4/><N who="1" m="1024" /><DORA hai="90" /><U17/><E17/><AGARI ba="0,1" hai="17,22,27,52,55,57,58,59,64,65,66" m="7431" machi="17" ten="30,7700,0" yaku="8,1,52,2,54,1" doraHai="48,90" who="2" fromWho="1" sc="250,0,240,-77,250,87,250,0" /><AGARI ba="0,0" hai="17,19,20,24,29,43,45,51,80,84,88" m="7295" machi="17" ten="30,5800,0" yaku="8,1,54,2" doraHai="48,90" who="0" fromWho="1" sc="250,58,163,-58,337,0,250,0" /><INIT seed="0,1,0,4,1,14" ten="308,105,337,250" oya="0" hai0="79,116,98,75,55,118,35,64,6,48,68,46,20" hai1="10,129,93,22,39,71,2,23,13,5,110,36,41" hai2="74,88,114,25,122,27,102,57,17,91,84,1,33" hai3="78,133,54,60,63,26,9,128,108,67,121,100,131"/><T83/><D35/><U103/><E71/><V109/><F122/><W38/><G38/><T4/><D68/><U65/><E65/><V42/><F74/><W47/><G78/><T59/><D98/><U45/><E110/><V80/><F1/><W58/><G100/><T37/><D20/><U7/><E129/><N who="3" m="49738" /><G9/><T135/><D135/><U104/><E104/><V24/><F114/><W43/><G26/><T85/><D75/><U127/><E127/><V95/><F109/><W107/><G107/><T11/><D4/><U125/><E125/><V81/><F102/><W99/><G99/><T66/><D37/><U94/><E36/><V115/><F115/><W16/><G108/><T126/><D126/><U119/><E119/><V117/><F117/><W86/><G86/><T92/><D92/><U62/><E62/><V106/><F106/><W51/><G133/><T3/><D118/><U96/><E93/><V28/><F81/><W30/><G30/><T82/><D116/><U21/><REACH who="1" step="1"/><E5/><REACH who="1" ten="308,95,337,250" step="2"/><V31/><F31/><W112/><G112/><T0/><D6/><U49/><E49/><V53/><F28/><W40/><G121/><T101/><D48/><U134/><E134/><V8/><F95/><W89/><G63/><T90/><D66/><U73/><E73/><V69/><F69/><W123/><G123/><T70/><D64/><U130/><E130/><V15/><F33/><W52/><G67/><T29/><D70/><U50/><E50/><N who="2" m="30903" /><F42/><W76/><G43/><T120/><D120/><U32/><E32/><V124/><F124/><W105/><G40/><T18/><D82/><RYUUKYOKU ba="1,1" sc="308,-15,95,15,337,15,250,-15" hai1="2,7,10,13,21,22,23,39,41,45,94,96,103" hai2="8,15,17,24,25,27,80,84,88,91" /><INIT seed="1,2,1,4,3,86" ten="293,110,352,235" oya="1" hai0="50,49,18,91,38,88,62,100,131,118,98,133,26" hai1="27,6,0,121,87,112,105,64,124,75,60,126,13" hai2="23,1,16,79,127,92,47,122,58,31,102,81,129" hai3="61,135,97,84,125,89,95,32,78,71,37,73,36"/><U22/><E75/><V45/><F122/><W7/><G32/><T19/><D38/><U46/><E121/><V14/><F127/><N who="1" m="48681" /><E112/><V132/><F129/><W107/><G125/><T76/><D118/><U69/><E105/><V33/><F132/><W116/><G7/><T11/><D131/><U82/><E0/><V80/><F1/><W51/><G51/><N who="0" m="19467" /><D133/><U128/><E128/><V40/><F58/><W120/><G120/><T90/><D76/><N who="1" m="46535" /><E6/><V57/><F79/><W12/><G135/><T66/><D26/><U35/><E13/><V48/><F14/><W72/><G72/><T134/><D134/><U44/><E35/><V5/><F33/><W85/><G116/><T70/><D70/><U123/><E123/><V111/><F5/><W34/><G34/><T110/><D110/><U96/><E96/><V15/><F111/><W83/><G84/><T56/><D11/><U94/><E94/><AGARI ba="2,1" hai="18,19,56,62,66,88,90,91,94,98,100" m="19467" machi="94" ten="30,8000,1" yaku="8,1,52,3,54,1" doraHai="86" who="0" fromWho="1" sc="293,96,110,-86,352,0,235,0" /><INIT seed="2,0,0,1,2,19" ten="389,24,352,235" oya="2" hai0="66,76,20,81,9,95,44,96,43,89,113,60,13" hai1="92,7,34,63,24,109,115,27,55,29,116,15,75" hai2="17,36,64,23,93,45,108,132,77,88,16,4,38" hai3="79,102,133,94,59,10,126,53,97,85,52,103,31"/><V118/><F118/><W54/><G133/><T5/><D113/><U134/><E115/><V40/><F132/><W83/><G126/><T131/><D131/><U28/><E134/><V127/><F127/><W32/><G10/><T119/><D119/><U61/><E116/><V69/><F108/><W18/><G18/><T14/><D14/><U70/><E75/><V99/><F4/><W26/><REACH who="3" step="1"/><G103/><REACH who="3" ten="389,24,352,225" step="2"/><T125/><D125/><U50/><E109/><V71/><F17/><W47/><G47/><T114/><D114/><U37/><E37/><V48/><F38/><W67/><G67/><T12/><D9/><U78/><E7/><V105/><F64/><W11/><G11/><T107/><D44/><U33/><E15/><V120/><F36/><W25/><G25/><T80/><D12/><U111/><E111/><V51/><F45/><W129/><G129/><T65/><D13/><U1/><E1/><V84/><F16/><W104/><G104/><T135/><D107/><U101/><E70/><V100/><F71/><W49/><AGARI ba="0,1" hai="26,31,32,49,52,53,54,59,79,83,85,94,97,102" machi="49" ten="20,5200,0" yaku="1,1,0,1,7,1,54,1,53,0" doraHai="19" doraHaiUra="130" who="3" fromWho="3" sc="389,-13,24,-13,352,-26,225,62" /><INIT seed="3,0,0,0,4,95" ten="376,11,326,287" oya="3" hai0="35,54,74,58,14,112,81,33,48,131,32,40,75" hai1="120,77,102,63,23,94,129,115,67,59,84,18,134" hai2="117,16,38,79,123,53,31,80,83,39,82,103,109" hai3="49,126,4,60,25,8,45,42,28,105,55,13,87"/><W113/><G113/><T122/><D122/><U56/><E120/><V37/><F117/><W91/><G105/><T29/><D112/><U19/><E115/><V121/><F109/><W34/><G126/><T62/><D131/><U9/><E129/><V78/><F31/><W70/><G70/><T46/><D29/><U125/><E125/><V127/><F127/><W64/><G64/><T101/><D101/><U22/><E134/><V12/><F103/><W2/><G60/><T73/><REACH who="0" step="1"/><D14/><REACH who="0" ten="366,11,326,287" step="2"/><U0/><E0/><V128/><F128/><W20/><G91/><T65/><D65/><U68/><E102/><V10/><F123/><W76/><G76/><AGARI ba="0,1" hai="32,33,35,40,46,48,54,58,62,73,74,75,76,81" machi="76" ten="40,1300,0" yaku="1,1,53,0" doraHai="95" doraHaiUra="96" who="0" fromWho="3" sc="366,23,11,0,326,0,287,-13" owari="389,48.9,11,-48.9,326,12.6,274,-12.6" /></mjloggm>