<mjloggm ver="2.3"><GO type="225" lobby="0"/><UN n0="%E7%B4%94%E6%BD%94%E3%83%94%E3%83%A9%E3%83%8B%E3%82%A2" n1="%E3%81%99%E3%81%84%E3%81%BE%E3%81%9B%E3%83%BC%E3%82%93" n2="%E6%B8%A9%E2%98%85%E6%83%85%E2%98%85%E6%8E%AA%E2%98%85%E7%BD%AE" n3="%E6%A5%93%E4%BB%8B" dan="17,18,17,16" rate="2181.17,2174.18,2169.95,2092.03" sx="M,M,M,M"/><TAIKYOKU oya="0"/><BYE who="0" /><INIT seed="0,0,0,4,4,124" ten="250,250,250,250" oya="0" hai0="109,115,98,55,44,97,36,82,38,35,57,107,92" hai1="5,66,48,117,37,81,125,112,106,30,10,89,42" hai2="31,69,118,28,84,20,70,24,111,41,9,128,126" hai3="54,18,32,27,49,40,105,114,39,0,2,102,46"/><T15/><D15/><UN n0="%E7%B4%94%E6%BD%94%E3%83%94%E3%83%A9%E3%83%8B%E3%82%A2" /><U108/><E117/><V62/><F126/><W61/><G114/><T21/><D35/><U75/><E125/><V90/><F118/><W53/><G105/><T103/><D115/><U134/><E112/><V131/><F111/><W29/><G102/><T87/><D21/><U94/><E106/><V77/><F77/><W101/><G101/><T16/><D44/><U80/><E37/><V132/><F132/><W23/><G61/><T59/><D59/><U60/><E108/><V47/><F9/><W4/><G39/><T58/><D57/><U116/><E30/><V64/><F31/><W8/><REACH who="3" step="1"/><G0/><REACH who="3" ten="250,250,250,240" step="2"/><T22/><D109/><U52/><E116/><V67/><F70/><W110/><G110/><T83/><D38/><U133/><E133/><V88/><F67/><W33/><G33/><T100/><D36/><U19/><E66/><V3/><F3/><W25/><AGARI ba="0,1" hai="2,4,8,18,23,25,27,29,32,40,46,49,53,54" machi="25" ten="20,5200,0" yaku="1,1,0,1,7,1,53,1" doraHai="124" doraHaiUra="14" who="3" fromWho="3" sc="250,-26,250,-13,250,-13,240,62" /><INIT seed="1,0,0,1,0,55" ten="224,237,237,302" oya="1" hai0="127,93,39,18,9,13,66,123,87,67,6,129,44" hai1="115,3,58,106,101,33,29,121,31,4,10,84,103" hai2="46,95,19,104,91,94,97,45,42,36,24,25,8" hai3="75,131,108,126,21,57,111,37,116,73,15,113,0"/><U134/><E115/><V34/><F104/><W70/><RYUUKYOKU type="yao9" ba="0,0" sc="224,0,237,0,237,0,302,0" hai3="0,15,21,37,57,70,73,75,108,111,113,116,126,131" /><INIT seed="1,1,0,0,4,92" ten="224,237,237,302" oya="1" hai0="124,3,113,15,118,62,135,63,132,59,102,12,89" hai1="6,65,120,22,101,54,52,131,119,32,20,2,68" hai2="25,128,9,107,73,123,14,69,33,39,46,93,82" hai3="106,97,18,53,11,126,5,27,26,16,79,96,47"/><U71/><E119/><V21/><F123/><W74/><G106/><T17/><D3/><U86/><E120/><V133/><F107/><W122/><G122/><T94/><D102/><U99/><E32/><V116/><F69/><W31/><G74/><T13/><D118/><U129/><E86/><V81/><F33/><W103/><G103/><T57/><D113/><U87/><E87/><V75/><F116/><W100/><G100/><T44/><D44/><U111/><E111/><V51/><F39/><W105/><G79/><T45/><D45/><U30/><E6/><V76/><F133/><N who="0" m="51274" /><D17/><N who="3" m="6761" /><G126/><T58/><D124/><U37/><E2/><V134/><F134/><W98/><G105/><T50/><D50/><U80/><E37/><V121/><F121/><W38/><G38/><T115/><D115/><U0/><E0/><V85/><F128/><N who="1" m="49225" /><E80/><V72/><F82/><W60/><G31/><T56/><N who="0" m="14336" /><DORA hai="117" /><T90/><D94/><N who="1" m="58615" /><E30/><V1/><F1/><W8/><G60/><AGARI ba="1,0" hai="12,13,15,60,62,63,89,90" m="14336,51274" machi="60" ten="50,6400,0" yaku="28,2,20,1" doraHai="92,117" who="0" fromWho="3" sc="224,67,237,0,237,0,302,-67" /><INIT seed="2,0,0,3,1,51" ten="291,237,237,235" oya="2" hai0="4,79,111,70,28,15,125,62,6,116,3,32,53" hai1="101,123,113,37,14,110,72,89,38,66,21,78,50" hai2="108,133,58,114,90,81,55,126,112,20,2,19,93" hai3="13,88,119,127,64,42,135,35,130,76,11,57,26"/><V131/><F2/><W68/><G119/><T91/><D116/><U100/><E113/><V41/><F133/><W128/><G76/><T80/><D3/><U65/><E110/><V87/><F108/><W63/><G42/><T129/><D125/><U104/><E123/><V99/><F126/><W82/><G135/><T7/><D129/><N who="3" m="49769" /><G35/><T31/><D70/><U56/><E78/><V29/><F41/><W52/><G26/><T49/><D62/><U0/><E0/><V23/><F131/><W30/><G30/><N who="0" m="11307" /><D32/><U43/><E72/><V103/><F29/><W36/><G36/><T17/><D79/><U47/><E104/><V117/><F117/><W67/><G68/><T77/><D77/><U107/><E107/><V122/><F122/><W120/><G120/><T18/><D15/><U95/><E38/><V98/><F98/><W85/><G127/><T69/><D69/><U115/><E115/><V124/><F124/><W10/><G10/><T74/><D74/><U1/><E1/><V34/><F34/><W60/><G63/><T94/><D80/><U45/><E37/><V71/><F71/><W121/><G121/><T105/><D105/><U134/><E134/><V5/><F114/><W97/><G97/><N who="0" m="57567" /><D111/><U86/><E86/><V27/><F112/><W54/><G64/><T16/><D4/><AGARI ba="0,0" hai="4,11,13,52,54,57,60,67,82,85,88" m="49769" machi="4" ten="30,8000,1" yaku="19,1,52,2,54,2" doraHai="51" who="3" fromWho="0" sc="291,-80,237,0,237,0,235,80" /><INIT seed="3,0,0,4,1,73" ten="211,237,237,315" oya="3" hai0="52,25,5,107,37,135,9,45,88,94,112,61,31" hai1="51,7,128,6,118,85,24,21,131,84,122,120,14" hai2="12,111,103,16,125,83,40,17,65,100,23,22,82" hai3="11,39,8,108,97,132,71,69,77,59,50,53,62"/><W119/><G119/><T106/><D37/><U98/><E118/><V36/><F111/><W15/><G132/><T79/><D135/><U54/><E98/><V95/><F125/><W63/><G39/><T75/><D112/><U117/><E117/><V32/><F32/><W57/><G77/><T13/><D75/><U81/><E122/><V43/><F65/><W41/><G108/><T70/><D79/><U44/><E120/><V96/><F100/><W58/><G97/><T38/><D70/><U0/><E14/><N who="2" m="9495" /><F36/><W66/><G11/><T105/><D38/><U56/><E56/><N who="3" m="21610" /><G15/><T99/><D61/><U48/><E51/><V87/><F83/><W114/><G8/><T91/><D91/><AGARI ba="0,0" hai="12,17,23,40,43,82,87,91,95,96,103" m="9495" machi="91" ten="30,2000,0" yaku="8,1,54,1" doraHai="73" who="2" fromWho="0" sc="211,-20,237,0,237,20,315,0" owari="191,-30.9,237,-16.3,257,5.7,315,41.5" /></mjloggm>