<mjloggm ver="2.3"><GO type="225" lobby="0"/><UN n0="%E4%BF%BA%E3%81%A8%E5%A6%96%E5%A4%A2" n1="%75%72%6A%61%63%6B" n2="%E3%81%BF%E3%81%BF%E3%81%9A" n3="%72%69%6F%75%63%68%61%6E" dan="16,17,18,16" rate="2127.94,2101.65,2253.38,2180.66" sx="F,M,M,M"/><TAIKYOKU oya="0"/><INIT seed="0,0,0,2,3,103" ten="250,250,250,250" oya="0" hai0="52,36,129,111,45,128,72,115,114,132,65,77,61" hai1="57,92,41,97,125,74,32,22,25,62,119,88,117" hai2="133,26,56,63,42,19,12,39,84,126,58,122,43" hai3="82,85,116,127,95,18,40,35,112,118,60,15,4"/><T7/><D72/><U124/><E32/><V75/><F122/><W71/><G112/><N who="0" m="43051" /><D77/><U48/><E74/><V27/><F75/><W55/><G127/><N who="1" m="48714" /><E48/><V16/><F126/><W38/><G35/><T23/><D23/><U83/><E83/><V113/><F113/><W11/><G95/><T120/><D7/><U78/><E41/><N who="2" m="15371" /><F39/><W50/><G40/><N who="0" m="22663" /><D120/><U107/><E78/><V66/><F133/><W94/><G94/><T20/><D20/><U135/><E135/><V105/><F105/><W46/><G38/><T33/><D33/><U13/><E13/><V87/><F58/><W44/><G44/><T73/><D73/><U54/><E107/><V51/><F51/><W100/><G100/><T30/><D30/><AGARI ba="0,0" hai="22,25,30,54,57,62,88,92,97,117,119" m="48714" machi="30" ten="30,2000,0" yaku="18,1,54,1" doraHai="103" who="1" fromWho="0" sc="250,-20,250,20,250,0,250,0" /><INIT seed="1,0,0,5,5,22" ten="230,270,250,250" oya="1" hai0="30,12,4,119,61,0,46,24,21,40,120,66,103" hai1="109,106,88,15,80,45,72,6,9,93,91,47,124" hai2="63,79,81,99,75,64,68,129,121,1,108,55,123" hai3="31,65,7,104,70,113,111,110,67,44,13,41,86"/><U92/><E124/><V35/><F108/><N who="3" m="41515" /><G113/><T87/><D119/><U100/><E109/><V112/><F129/><W27/><G104/><T54/><D120/><U51/><E106/><V38/><F112/><W42/><G70/><T37/><D0/><U39/><E39/><V56/><F1/><W53/><G53/><T102/><D54/><U82/><E100/><V133/><F133/><W34/><G86/><T33/><D87/><N who="1" m="52255" /><E72/><V19/><F35/><W122/><G122/><T59/><REACH who="0" step="1"/><D33/><REACH who="0" ten="220,270,250,250" step="2"/><U84/><E47/><V10/><F121/><W115/><G115/><T71/><D71/><U83/><E83/><V8/><F123/><W94/><G41/><AGARI ba="0,1" hai="6,9,15,41,45,51,80,82,84,91,93" m="52255" machi="41" ten="30,2900,0" yaku="8,1,54,1" doraHai="22" who="1" fromWho="3" sc="220,0,270,39,250,0,250,-29" /><INIT seed="1,1,0,0,0,30" ten="220,309,250,221" oya="1" hai0="52,100,8,131,4,51,123,2,69,11,90,93,116" hai1="14,77,103,25,91,50,92,37,94,80,113,79,102" hai2="71,101,1,33,105,61,38,97,75,41,48,23,76" hai3="119,22,58,15,125,72,47,16,70,82,112,84,40"/><U64/><E37/><V68/><F23/><W95/><G112/><T73/><D116/><U46/><E113/><V0/><F48/><W134/><G119/><T19/><D69/><N who="2" m="26698" /><F61/><W12/><G125/><T63/><D73/><U126/><E126/><V45/><F33/><W24/><G134/><T59/><D123/><U42/><E64/><V114/><F114/><W56/><G70/><T60/><D100/><N who="1" m="38443" /><E25/><V31/><F31/><W66/><G72/><T132/><D131/><U124/><E124/><V53/><F53/><W67/><G95/><N who="1" m="36394" /><E14/><N who="3" m="5162" /><G67/><T36/><D36/><U109/><E109/><V65/><F65/><W32/><G32/><T98/><D132/><U74/><E74/><V20/><F20/><W83/><G66/><T120/><D120/><U127/><E127/><V29/><F29/><W54/><G54/><T121/><D121/><U133/><E133/><V115/><F115/><W18/><G18/><T88/><D8/><U3/><E3/><V86/><F86/><AGARI ba="1,0" hai="42,46,50,77,79,80,86,91" m="36394,38443" machi="86" ten="30,1500,0" yaku="8,1" doraHai="30" who="1" fromWho="2" sc="220,0,309,18,250,-18,221,0" /><INIT seed="1,2,0,2,5,78" ten="220,327,232,221" oya="1" hai0="114,15,40,50,53,97,122,128,55,54,21,125,30" hai1="72,126,51,1,66,124,98,119,37,36,94,121,77" hai2="46,69,25,117,19,110,104,111,130,116,109,56,132" hai3="13,118,2,70,35,47,105,58,107,24,95,60,0"/><U8/><E119/><V10/><F69/><W120/><G120/><T96/><D114/><U123/><E66/><V63/><F130/><W80/><G118/><T42/><D128/><U57/><E1/><V135/><F104/><W7/><G95/><T23/><D122/><U44/><E8/><V62/><F62/><W127/><G127/><N who="1" m="48682" /><E57/><V65/><F25/><W6/><G70/><T61/><D125/><U134/><E134/><N who="2" m="51243" /><F19/><W75/><G47/><T85/><D61/><U103/><E36/><V33/><F33/><W73/><G13/><T28/><D50/><U106/><E37/><V129/><F129/><W81/><G60/><T82/><D30/><U43/><E106/><N who="3" m="40458" /><G58/><T4/><D28/><U99/><E99/><V32/><F32/><W12/><G35/><T59/><D97/><U29/><E29/><V64/><F64/><W41/><G24/><T87/><D96/><U26/><E26/><V20/><F20/><N who="0" m="7754" /><D59/><U84/><E72/><N who="3" m="27722" /><G12/><T3/><D3/><N who="3" m="1065" /><G41/><T113/><D42/><U17/><E43/><V83/><F10/><W76/><G76/><N who="0" m="46279" /><D40/><N who="1" m="24967" /><E17/><V102/><F46/><W131/><G131/><T79/><D55/><U5/><E121/><V91/><F102/><W11/><G11/><T90/><D15/><U71/><E71/><V38/><F38/><W27/><G27/><T31/><D4/><AGARI ba="2,0" hai="4,6,7,80,81" m="1065,27722,40458" machi="4" ten="40,8000,1" yaku="28,2,52,2" doraHai="78" who="3" fromWho="0" sc="220,-86,327,0,232,0,221,86" /><INIT seed="2,0,0,1,0,129" ten="134,327,232,307" oya="2" hai0="4,59,61,26,109,20,45,103,99,31,102,38,91" hai1="134,7,36,95,50,47,92,18,42,83,78,12,112" hai2="117,98,43,39,17,70,130,114,15,79,118,89,53" hai3="75,44,3,0,82,124,62,126,63,133,76,97,100"/><V64/><F114/><W111/><G133/><T74/><D109/><U35/><E112/><V84/><F130/><W22/><G111/><T127/><D74/><U1/><E134/><V90/><F79/><W104/><G22/><T14/><D127/><N who="3" m="48681" /><G44/><T51/><D38/><U27/><E36/><V28/><F28/><W37/><G37/><T119/><D119/><U68/><E68/><V115/><F115/><W66/><G62/><T69/><D69/><AGARI ba="0,0" hai="0,3,63,66,69,75,76,82,97,100,104" m="48681" machi="69" ten="30,2000,0" yaku="18,1,23,1" doraHai="129" who="3" fromWho="0" sc="134,-20,327,0,232,0,307,20" /><INIT seed="3,0,0,4,5,71" ten="114,327,232,327" oya="3" hai0="52,34,75,66,98,41,45,10,129,117,68,25,72" hai1="77,100,89,40,118,50,92,101,82,108,33,90,16" hai2="67,132,18,53,7,124,106,102,23,32,130,62,35" hai3="21,37,127,64,103,38,42,133,135,104,121,115,44"/><W8/><G127/><T47/><D117/><U5/><E33/><V39/><F124/><W114/><G121/><T122/><D122/><U84/><E108/><V107/><F130/><W56/><G37/><T125/><D125/><U49/><E118/><V126/><F126/><W31/><G8/><T12/><D129/><U88/><E5/><V48/><F132/><N who="3" m="50763" /><G103/><N who="1" m="39498" /><E40/><V111/><F111/><W74/><G74/><T36/><D98/><N who="1" m="57607" /><E16/><V43/><F7/><W0/><G0/><T61/><D12/><U99/><E89/><V11/><F11/><W134/><N who="3" m="50771" /><W24/><DORA hai="58" /><G104/><T1/><D10/><U91/><E90/><V63/><F32/><W97/><G97/><T2/><D2/><U60/><E60/><AGARI ba="0,0" hai="21,24,31,38,42,44,56,60,64,114,115" m="50771" machi="60" ten="40,7700,0" yaku="20,1,52,2" doraHai="71,58" who="3" fromWho="1" sc="114,0,327,-77,232,0,327,77" owari="114,-38.6,250,5.0,232,-16.8,404,50.4" /></mjloggm>