<mjloggm ver="2.3"><GO type="225" lobby="0"/><UN n0="%E3%83%B4%E3%83%A0%EF%BC%99%E3%81%A6" n1="%E3%81%B2%E3%81%AA%E3%81%AE%E3%82%8A%E3%81%8F" n2="%E6%A1%9C%E8%8A%B1%E9%96%83%E3%80%85" n3="%E9%9B%80%E6%A5%B5%E3%81%AE%E3%81%B8" dan="17,16,17,16" rate="2145.99,2113.96,2177.60,2132.86" sx="M,M,M,M"/><TAIKYOKU oya="0"/><INIT seed="0,0,0,3,3,114" ten="250,250,250,250" oya="0" hai0="49,23,37,59,84,60,22,28,69,50,43,10,91" hai1="117,90,30,33,80,67,93,120,105,73,75,14,9" hai2="112,25,106,72,79,103,29,32,76,64,83,42,104" hai3="125,108,85,36,40,35,27,109,135,7,5,46,12"/><T126/><D126/><U82/><E120/><V101/><F112/><W111/><G125/><T115/><D115/><U13/><E105/><V89/><F42/><W128/><G135/><T1/><D69/><U88/><E67/><V130/><F64/><W110/><N who="3" m="27648" /><DORA hai="18" /><W26/><G128/><T61/><D61/><U113/><E113/><V100/><F130/><W0/><G0/><T65/><D37/><U92/><E30/><V118/><F79/><W6/><G35/><T97/><D97/><U122/><E33/><V131/><F131/><W24/><REACH who="3" step="1"/><G85/><REACH who="3" ten="250,250,250,240" step="2"/><T52/><D28/><U20/><E122/><V134/><F134/><W17/><G17/><T57/><D1/><U119/><REACH who="1" step="1"/><E20/><REACH who="1" ten="250,240,250,240" step="2"/><V86/><F32/><W16/><G16/><T123/><D123/><U81/><E81/><V48/><F83/><W8/><AGARI ba="0,2" hai="5,6,7,8,12,24,26,27,36,40,46" m="27648" machi="8" ten="60,7900,0" yaku="1,1,0,1,14,1,53,0" doraHai="114,18" doraHaiUra="78,58" who="3" fromWho="3" sc="250,-39,240,-20,250,-20,240,99" /><INIT seed="1,0,0,3,0,87" ten="211,220,230,339" oya="1" hai0="119,53,14,43,116,78,110,34,66,69,1,130,94" hai1="56,41,67,104,96,101,84,71,35,36,123,13,45" hai2="57,86,88,100,73,52,77,125,29,21,47,39,108" hai3="7,99,24,40,90,19,133,80,95,11,48,135,46"/><U109/><E123/><V105/><F108/><W126/><G126/><T26/><D1/><U65/><E71/><V92/><F125/><W27/><G80/><T79/><D43/><U20/><E35/><V124/><F124/><W120/><G120/><T63/><D110/><U68/><E68/><V113/><F113/><W32/><G19/><T98/><D130/><U59/><E109/><V102/><F105/><W17/><G17/><T127/><D127/><U55/><E20/><V128/><F128/><W129/><G129/><T30/><D14/><U23/><E23/><V82/><F47/><W18/><G18/><T44/><D44/><U60/><E13/><V122/><F39/><W61/><G61/><T70/><D53/><U91/><REACH who="1" step="1"/><E59/><REACH who="1" ten="211,210,230,339" step="2"/><V62/><REACH who="2" step="1"/><F122/><REACH who="2" ten="211,210,220,339" step="2"/><W134/><G32/><T5/><D119/><U6/><E6/><V115/><F115/><W2/><AGARI ba="0,2" hai="2,7,11,24,27,40,46,48,90,95,99,133,134,135" machi="2" ten="30,4000,0" yaku="0,1,20,1,52,1" doraHai="87" who="3" fromWho="3" sc="211,-10,210,-20,220,-10,339,60" /><INIT seed="2,0,0,3,5,33" ten="201,190,210,399" oya="2" hai0="42,30,102,97,121,130,75,55,15,5,86,65,74" hai1="12,45,35,87,88,117,103,13,66,108,107,118,21" hai2="125,119,16,127,25,8,52,82,135,70,6,41,0" hai3="56,111,120,78,122,93,1,106,40,134,2,76,26"/><V110/><F119/><W116/><G106/><T29/><D121/><U101/><E35/><V112/><F112/><W89/><G116/><T72/><D130/><U81/><E108/><V105/><F105/><W59/><G40/><T133/><D133/><U43/><E66/><V98/><F135/><W64/><G134/><T19/><D5/><U39/><E13/><V77/><F110/><W80/><G111/><T99/><D65/><U84/><E84/><V17/><F41/><W114/><G114/><T9/><D42/><U36/><E36/><V46/><F98/><W109/><G109/><T3/><D3/><U92/><E107/><V73/><F70/><W37/><G37/><T32/><D32/><U57/><E57/><V91/><F91/><W14/><G14/><T7/><D7/><U20/><E20/><V44/><F25/><W124/><G26/><T48/><D86/><U53/><E53/><V51/><REACH who="2" step="1"/><F44/><REACH who="2" ten="201,190,200,399" step="2"/><W85/><G120/><T126/><D97/><N who="1" m="59559" /><E117/><V34/><F34/><W38/><G89/><T131/><D131/><U94/><E118/><V83/><F83/><W4/><G122/><T123/><D123/><U28/><E81/><V132/><F132/><W22/><G80/><T67/><D99/><U63/><E103/><V18/><AGARI ba="0,1" hai="0,6,8,16,17,18,46,51,52,73,77,82,125,127" machi="18" ten="30,12000,1" yaku="1,1,0,1,52,1,54,2,53,0" doraHai="33" doraHaiUra="95" who="2" fromWho="2" sc="201,-40,190,-40,200,130,399,-40" /><INIT seed="2,1,0,2,5,48" ten="161,150,330,359" oya="2" hai0="18,53,43,90,124,135,99,121,93,100,128,104,77" hai1="36,26,63,61,85,118,131,70,68,42,25,83,27" hai2="9,125,71,103,44,14,19,122,49,55,120,101,54" hai3="72,98,22,58,117,73,86,41,60,69,38,123,74"/><V45/><F125/><W35/><G35/><T82/><D121/><U95/><E131/><V94/><F71/><W39/><G123/><T59/><D124/><U46/><E118/><V129/><F129/><W64/><G117/><T133/><D128/><U6/><E6/><V92/><F120/><W75/><G75/><T16/><D43/><U4/><E4/><V28/><F28/><W134/><G134/><N who="0" m="51211" /><D100/><N who="2" m="38474" /><F122/><W84/><G98/><T108/><D104/><U0/><E0/><V23/><F23/><W67/><G22/><T111/><D111/><U119/><E119/><V65/><F65/><W62/><REACH who="3" step="1"/><G41/><REACH who="3" ten="161,150,330,349" step="2"/><T105/><D108/><U1/><E1/><V40/><F55/><W11/><G11/><T126/><D126/><U110/><E110/><V57/><F45/><W116/><G116/><T113/><D113/><U32/><E32/><V30/><F30/><W2/><G2/><T91/><D105/><U8/><E8/><V88/><F88/><W112/><G112/><T76/><D90/><U12/><E46/><V47/><F47/><W51/><G51/><AGARI ba="1,1" hai="9,14,19,40,44,49,51,54,57,92,94" m="38474" machi="51" ten="30,2900,0" yaku="8,1,52,1" doraHai="48" who="2" fromWho="3" sc="161,0,150,0,330,42,349,-32" /><INIT seed="2,2,0,1,3,128" ten="161,150,372,317" oya="2" hai0="31,4,34,63,84,10,97,9,35,64,42,18,112" hai1="134,123,47,76,101,54,113,78,92,12,61,57,87" hai2="60,99,122,71,58,91,5,89,131,55,85,65,94" hai3="81,21,73,66,53,100,15,75,45,39,102,93,115"/><V121/><F131/><W74/><G115/><T95/><D112/><U119/><E113/><V106/><F5/><W48/><G39/><T29/><D42/><U30/><E119/><V86/><F106/><W80/><G66/><T114/><D114/><U88/><E123/><V125/><F125/><W3/><G3/><T127/><D84/><U17/><E101/><V2/><F2/><W0/><G0/><T135/><D127/><U110/><E110/><V130/><F130/><W118/><G118/><T62/><D18/><U24/><E47/><V50/><REACH who="2" step="1"/><F99/><REACH who="2" ten="161,150,362,317" step="2"/><W43/><G73/><T8/><D97/><U111/><E111/><V52/><F52/><W107/><G107/><T49/><D4/><U129/><E129/><V23/><F23/><W22/><G74/><T7/><D7/><U27/><E134/><V44/><F44/><W120/><G75/><T40/><D34/><U51/><E61/><V105/><F105/><W20/><G120/><T32/><D32/><U124/><E124/><V96/><F96/><W108/><G108/><T104/><D35/><U83/><E54/><V11/><F11/><W37/><G15/><T98/><D104/><U1/><E12/><V69/><F69/><W38/><G53/><T133/><D135/><U117/><E1/><V6/><F6/><W25/><G20/><T72/><D133/><U16/><E117/><V132/><F132/><W126/><G21/><T109/><D109/><U79/><E30/><N who="0" m="11273" /><D72/><U26/><E51/><V46/><F46/><N who="3" m="25695" /><G126/><T77/><D63/><U19/><E57/><V82/><AGARI ba="2,1" hai="50,55,58,60,65,71,82,85,86,89,91,94,121,122" machi="82" ten="20,3900,0" yaku="1,1,0,1,7,1,53,0" doraHai="128" doraHaiUra="28" who="2" fromWho="2" sc="161,-15,150,-15,362,55,317,-15" /><INIT seed="2,3,0,3,3,78" ten="146,135,417,302" oya="2" hai0="121,33,120,97,118,111,114,34,18,30,77,17,19" hai1="124,86,66,73,43,1,113,80,32,134,122,135,131" hai2="4,52,38,7,27,126,127,95,76,110,14,64,36" hai3="40,55,59,71,10,83,48,57,109,72,81,41,88"/><V70/><F27/><W69/><G109/><T102/><D114/><U11/><E113/><V24/><F110/><W44/><G72/><T119/><D111/><U132/><E32/><N who="0" m="12393" /><D77/><N who="1" m="44079" /><E124/><N who="2" m="47659" /><F24/><W79/><G79/><T13/><D97/><U51/><E131/><V6/><F95/><W5/><G69/><T50/><D102/><U125/><E125/><V93/><F93/><W3/><G71/><T90/><D90/><U108/><E108/><V53/><F14/><N who="3" m="5455" /><G88/><T49/><D30/><U74/><E74/><V75/><F64/><W98/><G98/><T99/><D99/><U25/><E66/><V133/><F133/><W37/><G37/><N who="2" m="14441" /><F70/><W67/><G3/><T101/><D101/><U28/><E25/><V89/><F89/><W84/><G67/><T47/><D13/><U115/><E115/><V68/><F68/><W58/><G84/><T35/><D35/><U9/><E86/><V54/><F4/><W60/><G60/><T94/><D94/><U104/><E104/><V116/><F116/><N who="0" m="44586" /><D47/><N who="1" m="26111" /><E122/><AGARI ba="3,0" hai="17,18,19,49,50,120,121,122" m="44586,12393" machi="122" ten="40,5200,0" yaku="28,2,12,1" doraHai="78" who="0" fromWho="1" sc="146,61,135,-61,417,0,302,0" /><INIT seed="3,0,0,0,5,79" ten="207,74,417,302" oya="3" hai0="54,3,61,114,94,91,10,88,70,76,37,50,125" hai1="17,64,116,12,59,23,95,31,77,7,20,1,18" hai2="78,107,129,112,131,58,66,68,101,71,93,113,104" hai3="36,29,85,16,24,48,99,19,21,121,89,81,28"/><W5/><G121/><T98/><D37/><U49/><E116/><V53/><F78/><W41/><G36/><T14/><D125/><U44/><E31/><V74/><F74/><W126/><G126/><T60/><D114/><N who="2" m="44138" /><F93/><W9/><G29/><T84/><D3/><U72/><E1/><V38/><F38/><W56/><G99/><T32/><D76/><U82/><E7/><V8/><F8/><W0/><REACH who="3" step="1"/><G56/><REACH who="3" ten="207,74,417,292" step="2"/><T67/><D70/><N who="2" m="26666" /><F101/><W122/><G122/><T118/><D118/><U57/><E64/><V75/><F66/><W134/><G134/><T43/><D67/><U46/><E95/><V34/><F34/><W65/><G65/><T80/><D32/><U30/><E30/><V130/><F75/><W69/><G69/><T51/><D94/><U128/><E128/><V39/><F39/><W111/><G111/><T127/><D98/><U27/><REACH who="1" step="1"/><E46/><AGARI ba="0,1" hai="0,5,9,16,19,21,24,28,41,46,48,81,85,89" machi="46" ten="40,7700,0" yaku="1,1,52,1,54,1,53,0" doraHai="79" doraHaiUra="124" who="3" fromWho="1" sc="207,0,74,-77,417,0,292,87" owari="207,-19.3,-3,-50.3,417,51.7,379,17.9" /></mjloggm>