<mjloggm ver="2.3"><GO type="225" lobby="0"/><UN n0="%72%65%6E%6B%75%6E" n1="%E7%9A%AE%E3%80%85" n2="%E3%83%A9%E3%82%B9%E7%8E%87%EF%BC%93%E5%89%B2" n3="%46%65%6D%69%72%69%6E%73" dan="17,16,17,16" rate="2179.95,2174.11,2190.39,2139.77" sx="M,F,F,M"/><TAIKYOKU oya="0"/><INIT seed="0,0,0,5,2,3" ten="250,250,250,250" oya="0" hai0="125,127,128,50,90,28,81,35,55,25,97,134,48" hai1="45,82,63,20,31,121,13,61,46,14,49,87,9" hai2="104,36,99,47,52,42,15,129,120,18,39,110,130" hai3="27,23,70,71,93,65,30,66,60,105,112,62,64"/><T133/><D97/><U12/><E121/><V37/><F120/><W84/><G105/><T41/><D41/><U100/><E100/><V43/><F99/><W33/><G112/><T124/><D81/><U94/><E94/><V21/><F104/><W113/><G113/><T108/><D90/><U74/><E74/><V92/><F92/><W117/><G117/><T4/><D108/><U118/><E118/><V54/><F110/><W111/><G111/><T116/><D116/><U40/><E46/><V91/><F91/><W132/><G132/><N who="0" m="50795" /><D4/><N who="1" m="3111" /><E31/><V67/><F67/><W85/><G65/><T22/><D35/><U115/><E115/><V24/><F24/><W34/><G84/><T107/><D107/><U2/><E2/><V29/><F29/><W76/><G93/><T72/><D72/><U101/><E101/><V98/><F98/><W10/><G85/><T80/><D80/><U135/><E135/><V88/><F88/><W53/><G76/><T79/><D79/><N who="1" m="46559" /><E20/><V95/><F95/><W131/><G34/><T96/><D96/><U77/><E77/><V123/><F123/><W73/><G33/><T78/><D78/><U0/><E0/><V44/><REACH who="2" step="1"/><F39/><REACH who="2" ten="250,250,240,250" step="2"/><W1/><G66/><T102/><D102/><U57/><E63/><V6/><F6/><W11/><G62/><T32/><D32/><U26/><E26/><V59/><F59/><W38/><G60/><T75/><D75/><U126/><E126/><V119/><F119/><W56/><G73/><T122/><D122/><U69/><E69/><V17/><F17/><W109/><G70/><T51/><D128/><AGARI ba="0,1" hai="15,18,21,36,37,42,43,44,47,52,54,128,129,130" machi="128" ten="40,8000,1" yaku="1,1,6,1,9,1,19,1,54,1,53,0" doraHai="3" doraHaiUra="7" who="2" fromWho="0" sc="250,-80,250,0,240,90,250,0" /><INIT seed="1,0,0,1,2,64" ten="170,250,330,250" oya="1" hai0="28,101,99,24,95,80,97,135,121,53,38,128,37" hai1="52,75,30,43,51,124,61,109,83,49,122,16,117" hai2="94,47,62,15,98,73,60,72,116,0,79,63,35" hai3="125,8,77,55,23,20,58,91,119,88,46,87,1"/><U56/><E122/><V115/><F0/><W67/><G125/><T65/><D128/><U89/><E117/><V120/><F35/><W78/><G119/><T102/><D121/><U114/><E114/><V74/><F116/><W108/><G108/><T59/><D135/><U10/><E124/><V96/><F120/><W32/><G32/><T68/><D80/><U40/><E109/><V86/><F115/><W107/><G107/><T92/><D65/><U66/><E30/><V76/><F15/><W54/><G67/><T71/><D38/><U132/><E51/><V127/><F127/><W50/><G1/><T82/><D82/><U3/><E3/><V6/><F6/><W12/><G78/><T19/><D19/><U105/><E105/><V17/><F17/><N who="3" m="8327" /><G77/><T126/><D37/><U129/><E129/><V106/><F47/><W42/><G91/><T70/><D126/><U9/><E132/><V41/><F106/><W103/><G103/><T11/><D11/><U134/><E134/><V104/><F104/><W45/><G42/><N who="1" m="15914" /><E75/><V81/><F41/><W110/><G110/><T27/><D28/><U31/><E31/><V21/><F79/><W4/><G4/><T93/><D93/><U34/><E34/><V118/><F118/><W133/><G133/><T39/><D39/><U5/><E5/><V36/><F36/><W29/><G29/><T69/><N who="0" m="17408" /><DORA hai="111" /><T123/><D123/><U25/><E9/><V33/><F33/><W7/><G7/><T100/><D100/><U22/><E10/><V18/><F94/><N who="3" m="54559" /><G45/><T26/><D26/><U90/><E83/><RYUUKYOKU ba="0,0" sc="170,0,250,0,330,0,250,0" hai0="24,27,53,59,92,95,97,99,101,102" hai1="16,22,25,49,52,56,61,66,89,90" hai2="18,21,60,62,63,72,73,74,76,81,86,96,98" hai3="20,23,46,50,54,55,58" /><INIT seed="1,1,0,5,5,5" ten="170,250,330,250" oya="1" hai0="73,110,128,121,59,1,125,26,11,47,6,57,65" hai1="16,27,31,50,133,58,98,107,10,8,67,116,64" hai2="44,61,52,130,70,17,66,123,34,32,28,84,41" hai3="105,25,106,0,100,95,4,36,103,134,113,51,18"/><U9/><E116/><V49/><F123/><W33/><G36/><T115/><D115/><U109/><E133/><V102/><F130/><W82/><G82/><T90/><D73/><U30/><E109/><V46/><F102/><W79/><G79/><T24/><D110/><U63/><E107/><V89/><F28/><N who="1" m="10793" /><E98/><V75/><F75/><W40/><G33/><T21/><D128/><U12/><E50/><V83/><REACH who="2" step="1"/><F17/><REACH who="2" ten="170,250,320,250" step="2"/><W3/><G18/><T53/><D121/><U108/><E108/><V60/><F60/><W99/><G103/><T42/><D125/><U38/><E38/><AGARI ba="1,1" hai="32,34,38,41,44,46,49,52,61,66,70,83,84,89" machi="38" ten="30,3900,0" yaku="1,1,7,1,54,1,53,0" doraHai="5" doraHaiUra="94" who="2" fromWho="1" sc="170,0,250,-42,320,52,250,0" /><INIT seed="2,0,0,4,1,123" ten="170,208,372,250" oya="2" hai0="111,14,46,4,91,95,43,96,124,2,33,1,7" hai1="122,11,68,86,65,32,9,77,39,101,134,15,98" hai2="24,49,131,56,67,72,88,110,27,73,57,84,81" hai3="87,60,38,120,97,115,66,74,16,117,89,125,31"/><V130/><F110/><W90/><G117/><T69/><D69/><U42/><E32/><V108/><F108/><W59/><G120/><T126/><D33/><U100/><E122/><V13/><F13/><W40/><G74/><N who="2" m="28777" /><F49/><W70/><G115/><T20/><D111/><U44/><E134/><V135/><F135/><W106/><G31/><T112/><D112/><U30/><E30/><V102/><F102/><W8/><G70/><T83/><D83/><U54/><E100/><V47/><F47/><W119/><G119/><T128/><D128/><N who="2" m="49194" /><F67/><W45/><G66/><T37/><D7/><U92/><E65/><V76/><F76/><W64/><G64/><T26/><D14/><U63/><E68/><V25/><AGARI ba="0,0" hai="24,25,27,56,57,81,84,88" m="49194,28777" machi="25" ten="40,3900,0" yaku="19,1,54,1" doraHai="123" who="2" fromWho="2" sc="170,-13,208,-13,372,39,250,-13" /><INIT seed="2,1,0,5,4,90" ten="157,195,411,237" oya="2" hai0="50,127,18,128,80,19,27,88,118,53,41,72,54" hai1="52,106,43,100,39,21,57,123,60,73,115,6,9" hai2="20,116,105,108,33,98,3,59,49,11,74,46,87" hai3="30,68,23,71,10,8,0,89,102,93,111,86,26"/><V1/><F33/><W69/><G111/><T109/><D109/><U4/><E115/><V133/><F74/><W51/><G0/><T134/><D134/><U29/><E73/><V79/><F133/><W129/><G129/><T99/><D128/><U28/><E123/><V25/><F59/><W22/><G22/><T119/><D127/><U67/><E6/><V61/><F61/><W77/><G77/><T114/><D114/><U48/><E21/><V76/><F116/><N who="0" m="44586" /><D72/><U75/><E75/><V31/><F11/><W5/><G5/><T34/><D41/><U13/><E100/><V42/><F108/><W132/><G132/><T94/><D80/><U65/><E65/><V63/><F1/><W45/><REACH who="3" step="1"/><G102/><REACH who="3" ten="157,195,411,227" step="2"/><T83/><D83/><U16/><E4/><V70/><F3/><W84/><G84/><T44/><D54/><AGARI ba="1,1" hai="8,10,23,26,30,45,51,54,68,69,71,86,89,93" machi="54" ten="40,2600,0" yaku="1,1,52,1,53,0" doraHai="90" doraHaiUra="15" who="3" fromWho="0" sc="157,-29,195,0,411,0,227,39" /><INIT seed="3,0,0,2,0,63" ten="128,195,411,266" oya="3" hai0="39,83,93,118,49,24,33,68,106,4,109,112,17" hai1="14,16,54,57,12,3,123,121,32,111,23,91,127" hai2="48,135,96,108,76,134,99,88,122,53,101,15,45" hai3="126,80,98,130,94,110,46,20,61,125,43,11,69"/><W40/><G130/><T55/><D39/><U78/><E3/><V119/><F119/><W71/><G11/><T27/><D106/><U21/><E32/><V29/><F108/><W52/><G80/><T6/><D68/><N who="3" m="26185" /><G20/><T7/><D112/><U64/><E111/><V104/><F29/><W117/><G117/><T0/><D118/><U28/><E78/><V58/><F76/><W81/><G81/><T2/><D93/><U84/><E127/><N who="3" m="48650" /><G110/><T85/><D85/><U59/><E59/><V124/><F15/><W22/><G22/><N who="0" m="13391" /><D49/><U87/><E87/><V100/><F124/><W47/><G94/><T120/><D55/><U50/><E28/><V37/><F101/><W25/><G25/><T8/><D83/><U18/><E64/><V82/><F100/><W95/><G95/><AGARI ba="0,0" hai="12,14,16,18,21,23,50,54,57,84,91,95,121,123" machi="95" ten="30,8000,1" yaku="7,1,9,1,25,2,54,1" doraHai="63" who="1" fromWho="3" sc="128,0,195,80,411,0,266,-80" owari="128,-37.2,275,7.5,411,51.1,186,-21.4" /></mjloggm>