<mjloggm ver="2.3"><GO type="225" lobby="0"/><UN n0="%E3%83%A9%E3%83%BC%E3%83%A1%E3%83%B3%E4%BA%94%E9%83%8E" n1="%E9%BB%99%E8%81%B4%E3%81%AE%E3%81%99%E3%82%9D%E3%82%81" n2="%E3%81%AF%E3%82%88%E3%81%8A%E3%81%98%E3%81%95%E3%82%93" n3="%33%74%72%65%65" dan="16,16,17,17" rate="2134.37,2109.89,2133.35,2178.73" sx="M,M,M,F"/><TAIKYOKU oya="0"/><INIT seed="0,0,0,3,3,59" ten="250,250,250,250" oya="0" hai0="110,4,37,93,27,85,63,117,55,26,7,71,123" hai1="40,12,132,109,67,68,133,100,134,76,6,29,64" hai2="33,108,21,127,115,107,13,46,82,122,65,114,60" hai3="105,19,25,61,24,8,131,119,91,104,70,66,94"/><T103/><D117/><U106/><E109/><V32/><F122/><W83/><G119/><T18/><D123/><U47/><E29/><V69/><F107/><W1/><G131/><T126/><D37/><U97/><E76/><V38/><F108/><W11/><G83/><T111/><D126/><U130/><E130/><V2/><F2/><W51/><G51/><T39/><D39/><U31/><E31/><V48/><F38/><W78/><G78/><T96/><D111/><U23/><E68/><V95/><F127/><W128/><G128/><T79/><D110/><U75/><E75/><V15/><F82/><W77/><G77/><T80/><D71/><U44/><E44/><V9/><F95/><W98/><G1/><T17/><D4/><U118/><E118/><V10/><F21/><W90/><G8/><T113/><D7/><U53/><E53/><V54/><F10/><W35/><G90/><T89/><D113/><U120/><E120/><V125/><F15/><W57/><G70/><T87/><D26/><U72/><E72/><V42/><F42/><W28/><REACH who="3" step="1"/><G25/><REACH who="3" ten="250,250,250,240" step="2"/><T16/><D27/><U0/><E0/><V121/><F125/><W88/><G88/><T22/><D22/><U3/><E3/><V116/><F121/><W84/><G84/><T30/><D30/><U92/><E23/><V135/><F116/><W41/><G41/><T34/><D34/><N who="2" m="13418" /><F115/><W49/><G49/><T102/><D87/><U50/><E106/><V62/><F114/><W99/><G99/><T5/><D5/><U86/><E86/><V124/><F124/><W20/><G20/><RYUUKYOKU ba="0,1" sc="250,10,250,10,250,-30,240,10" hai0="16,17,18,55,63,79,80,85,89,93,96,102,103" hai1="6,12,40,47,50,64,67,92,97,100,132,133,134" hai3="11,19,24,28,35,57,61,66,91,94,98,104,105" /><INIT seed="0,1,1,5,2,124" ten="260,260,220,250" oya="0" hai0="78,81,59,114,29,23,79,53,55,99,123,83,28" hai1="110,50,3,4,39,7,6,45,48,122,135,51,133" hai2="30,117,9,84,43,72,54,74,90,14,87,42,130" hai3="25,35,31,49,118,46,1,22,0,18,62,5,47"/><T98/><D114/><U76/><E122/><V32/><F117/><W20/><G118/><T120/><D23/><U70/><E70/><V93/><F130/><W33/><G62/><T105/><REACH who="0" step="1"/><D59/><REACH who="0" ten="250,260,220,250" step="2"/><U127/><E127/><V26/><F32/><W19/><G33/><T96/><D96/><U116/><E116/><V115/><F115/><W121/><G20/><T60/><D60/><U129/><E129/><V67/><F30/><W119/><G22/><T52/><D52/><U89/><E135/><V63/><F54/><W126/><G31/><T8/><D8/><U44/><E133/><V77/><F26/><W109/><G25/><T58/><D58/><U97/><E97/><V12/><F63/><W100/><G35/><T69/><D69/><U106/><E45/><V101/><F67/><W86/><G46/><T15/><D15/><U102/><E44/><V82/><F14/><W88/><G47/><T56/><D56/><U57/><E57/><V113/><F113/><W2/><G119/><T38/><D38/><U85/><E39/><V61/><F61/><W128/><G128/><T107/><AGARI ba="1,2" hai="28,29,53,55,78,79,81,83,98,99,105,107,120,123" machi="107" ten="25,9600,0" yaku="1,1,0,1,22,2,53,0" doraHai="124" doraHaiUra="132" who="0" fromWho="0" sc="250,119,260,-33,220,-33,250,-33" /><INIT seed="0,2,0,3,4,40" ten="369,227,187,217" oya="0" hai0="46,50,109,54,69,125,127,66,133,73,27,56,91" hai1="61,65,25,47,129,1,98,75,58,26,20,15,41" hai2="90,18,118,0,88,31,8,93,115,34,107,17,39" hai3="71,96,108,23,128,123,112,59,53,68,87,43,12"/><T80/><D133/><U102/><E75/><V131/><F107/><W74/><G74/><T76/><D109/><U33/><E1/><V117/><F115/><W48/><G112/><T95/><D69/><U100/><E129/><V49/><F39/><W77/><G128/><T105/><D105/><U92/><E33/><V135/><F131/><W60/><G108/><T42/><D27/><U86/><E86/><V11/><F135/><W82/><G123/><T24/><D24/><U79/><E79/><V36/><F36/><W32/><G32/><T9/><D9/><N who="2" m="3658" /><F0/><W22/><G96/><T126/><D66/><U67/><E67/><V3/><F3/><W104/><G104/><T4/><D4/><U63/><E63/><V130/><F130/><W70/><REACH who="3" step="1"/><G12/><REACH who="3" ten="369,227,187,207" step="2"/><T81/><D73/><U57/><E15/><V94/><F34/><W83/><G83/><T106/><D106/><U119/><E119/><V16/><F117/><W132/><G132/><T52/><D76/><U111/><E111/><V134/><F118/><W116/><G116/><T45/><D80/><U89/><E26/><V29/><F134/><W51/><G51/><N who="0" m="27063" /><D81/><U78/><E78/><V21/><F49/><W64/><G64/><T99/><D54/><U122/><E122/><V35/><F35/><W113/><G113/><T37/><D37/><U97/><E65/><V28/><F21/><W14/><G14/><T62/><D62/><U101/><E61/><V2/><F2/><W110/><G110/><T19/><D126/><U7/><E25/><V72/><F72/><W124/><G124/><T30/><D127/><RYUUKYOKU ba="2,1" sc="369,-15,227,-15,187,15,207,15" hai2="16,17,18,28,29,31,88,90,93,94" hai3="22,23,43,48,53,59,60,68,70,71,77,82,87" /><INIT seed="1,3,1,5,3,28" ten="354,212,202,222" oya="1" hai0="32,34,33,52,16,107,91,17,89,9,29,71,58" hai1="42,126,134,122,65,77,25,66,105,79,98,92,61" hai2="41,8,68,44,99,38,20,95,127,121,96,93,124" hai3="6,19,103,53,3,22,120,117,112,60,131,43,87"/><U45/><E122/><V101/><F121/><W21/><G120/><T85/><D107/><U76/><E105/><V37/><F68/><W82/><G112/><T81/><D71/><U69/><E134/><V57/><F38/><W135/><G135/><T130/><D29/><U94/><E126/><N who="2" m="48171" /><F8/><W63/><G131/><T1/><D130/><U73/><E66/><V108/><F108/><W55/><G117/><T54/><D54/><N who="3" m="20489" /><G3/><T110/><D110/><U24/><E73/><V48/><F20/><W86/><G6/><T15/><D1/><U36/><REACH who="1" step="1"/><E92/><REACH who="1" ten="354,202,202,222" step="2"/><V51/><F57/><W14/><G43/><T106/><D106/><U26/><E26/><V113/><F113/><W11/><G103/><AGARI ba="3,2" hai="24,25,36,42,45,61,65,69,76,77,79,94,98,103" machi="103" ten="40,12000,1" yaku="1,1,53,3" doraHai="28" doraHaiUra="72" who="1" fromWho="3" sc="354,0,202,149,202,0,222,-129" /><AGARI ba="3,0" hai="37,41,44,48,51,93,95,96,99,101,103" m="48171" machi="103" ten="30,1000,0" yaku="18,1" doraHai="28" who="2" fromWho="3" sc="354,0,351,0,202,10,93,-10" /><INIT seed="1,4,0,5,3,38" ten="354,351,212,83" oya="1" hai0="11,135,68,30,134,132,64,94,127,112,7,4,8" hai1="73,22,133,50,110,21,92,79,77,29,9,123,39" hai2="48,90,52,56,16,118,114,106,126,33,34,102,37" hai3="95,99,14,3,15,24,32,69,107,26,20,108,88"/><U125/><E39/><V25/><F118/><W81/><G108/><T128/><D112/><U115/><E115/><V23/><F114/><W103/><G3/><T83/><D127/><U72/><E123/><V40/><F126/><W82/><G69/><T91/><D128/><U122/><E122/><V98/><REACH who="2" step="1"/><F90/><REACH who="2" ten="354,351,202,83" step="2"/><W54/><G32/><T86/><D134/><U6/><E133/><V67/><F67/><W76/><G54/><T41/><D135/><U45/><E125/><V66/><F66/><W10/><G10/><T43/><D132/><U131/><E110/><V2/><F2/><W59/><G59/><T80/><D64/><U35/><E131/><V13/><F13/><W93/><G14/><T113/><D113/><U74/><E35/><V70/><F70/><W5/><G5/><T17/><D68/><U0/><E22/><V101/><F101/><W117/><G117/><T51/><D4/><U36/><E21/><V89/><F89/><W63/><G15/><N who="0" m="7399" /><D11/><U130/><E130/><V120/><F120/><W12/><G12/><T129/><D7/><U18/><E0/><V42/><F42/><N who="0" m="15882" /><D129/><U111/><E6/><V85/><F85/><W71/><G71/><T87/><D87/><U61/><E9/><V44/><AGARI ba="4,1" hai="16,23,25,33,34,37,40,44,48,52,56,98,102,106" machi="44" ten="30,8000,1" yaku="1,1,0,1,52,1,54,2,53,0" doraHai="38" doraHaiUra="62" who="2" fromWho="2" sc="354,-24,351,-44,202,102,83,-24" /><INIT seed="2,0,0,1,1,11" ten="330,307,304,59" oya="2" hai0="81,53,122,131,40,110,134,124,44,103,90,4,58" hai1="75,135,72,20,66,32,82,77,98,92,0,29,76" hai2="111,89,30,61,65,43,94,7,28,106,130,59,104" hai3="116,105,102,73,85,126,2,129,51,49,107,25,17"/><V87/><F130/><W27/><G85/><N who="0" m="50479" /><D122/><U3/><E32/><V108/><F7/><W39/><G129/><T120/><D120/><U114/><E114/><V47/><F104/><W16/><G126/><T97/><D124/><U91/><E135/><V26/><F106/><W15/><G2/><T88/><D131/><U9/><E66/><V57/><F57/><W115/><G115/><T119/><D103/><U95/><E76/><V46/><F46/><W79/><G79/><T5/><D110/><N who="2" m="42026" /><F26/><W69/><G69/><T101/><D134/><U109/><E109/><V128/><F128/><W70/><G70/><T56/><D119/><U48/><E75/><V1/><F1/><W36/><G102/><T123/><D58/><U112/><E112/><V24/><F24/><W6/><G6/><T83/><D123/><U64/><E64/><V52/><F65/><W125/><G125/><T127/><D4/><U38/><E38/><AGARI ba="0,0" hai="28,30,38,43,47,52,59,61,87,89,94" m="42026" machi="38" ten="30,5800,0" yaku="14,1,10,1,54,1" doraHai="11" who="2" fromWho="1" sc="330,0,307,-58,304,58,59,0" /><INIT seed="2,1,0,5,0,65" ten="330,249,362,59" oya="2" hai0="30,4,5,101,74,69,93,109,99,15,70,94,86" hai1="56,96,12,95,14,45,90,125,114,87,10,35,42" hai2="67,100,107,29,122,115,110,128,23,60,37,104,76" hai3="62,49,119,112,16,63,130,66,75,124,25,108,32"/><V50/><F122/><W33/><G119/><T7/><D74/><U54/><E35/><V132/><F115/><W113/><G75/><T117/><D117/><U88/><E125/><V134/><F37/><W26/><G124/><T2/><D2/><U97/><E114/><N who="3" m="44138" /><G49/><T46/><D109/><U43/><E45/><V116/><F116/><W51/><G51/><T126/><D126/><U121/><E121/><V20/><F110/><W24/><G108/><T92/><D30/><U123/><E123/><V85/><F128/><W22/><G130/><T19/><D46/><U68/><E68/><V36/><F36/><W58/><G62/><T106/><REACH who="0" step="1"/><D86/><REACH who="0" ten="320,249,362,59" step="2"/><U11/><E87/><V131/><F131/><W38/><G38/><T9/><AGARI ba="1,1" hai="4,5,7,9,15,19,69,70,92,93,94,99,101,106" machi="9" ten="30,8000,1" yaku="1,1,2,1,0,1,52,2,53,0" doraHai="65" doraHaiUra="40" who="0" fromWho="0" sc="320,93,249,-21,362,-41,59,-21" /><INIT seed="3,0,0,3,3,57" ten="413,228,321,38" oya="3" hai0="90,135,127,91,124,101,78,68,114,5,94,97,54" hai1="20,46,22,18,117,113,110,92,84,3,44,26,17" hai2="89,10,67,134,109,128,72,52,111,9,41,81,60" hai3="126,77,14,6,37,65,45,105,50,112,131,30,116"/><W82/><G112/><T2/><D135/><U27/><E110/><V1/><F41/><W74/><G116/><T34/><D114/><U96/><E3/><V123/><F134/><W16/><G131/><T59/><D34/><U121/><E121/><V83/><F128/><W102/><G126/><N who="0" m="48171" /><D68/><U29/><E117/><V130/><F130/><W129/><G129/><T95/><D78/><U49/><E113/><V73/><F123/><W108/><G108/><T132/><D132/><U119/><E119/><V104/><F104/><W87/><G37/><T103/><D5/><U61/><E84/><V19/><F1/><W4/><G74/><T79/><D79/><U80/><E80/><V99/><F19/><W25/><G65/><T107/><D2/><U63/><E29/><V21/><F67/><W13/><G105/><T24/><D24/><U118/><E118/><V7/><F7/><N who="3" m="2603" /><G30/><T32/><D32/><U93/><E49/><V88/><F99/><AGARI ba="0,0" hai="17,18,20,22,26,27,44,46,61,63,92,93,96,99" machi="99" ten="25,8000,1" yaku="22,2,8,1,52,2" doraHai="57" who="1" fromWho="2" sc="413,0,228,80,321,-80,38,0" owari="413,51.3,308,10.8,241,-15.9,38,-46.2" /></mjloggm>