<mjloggm ver="2.3"><GO type="225" lobby="0"/><UN n0="%E3%81%90%E3%81%A1%E3%82%84%E3%81%BE" n1="%E6%A1%9C%E8%8A%B1%E9%96%83%E3%80%85" n2="%E7%89%B9%E6%9D%B1%E3%81%AF%E4%B8%96%E7%95%8C%E3%82%92%E6%95%91%E3%81%86" n3="%E5%B8%86%E7%AB%8B%E5%A4%8F%E8%A1%A3" dan="16,16,16,17" rate="2152.16,2142.41,2201.48,2180.71" sx="M,M,M,M"/><TAIKYOKU oya="0"/><INIT seed="0,0,0,1,0,51" ten="250,250,250,250" oya="0" hai0="10,126,89,133,8,57,16,68,50,110,83,32,59" hai1="87,25,72,73,48,0,86,103,74,112,29,107,28" hai2="1,132,114,5,35,13,80,34,4,2,104,128,84" hai3="81,42,54,85,26,122,47,52,39,63,61,62,124"/><T129/><D68/><U21/><E0/><N who="2" m="107" /><F84/><W102/><G124/><T77/><D32/><N who="2" m="12330" /><F80/><W76/><G122/><T15/><D126/><U91/><E112/><V53/><F104/><W24/><G102/><T119/><D119/><U56/><E29/><V118/><F53/><N who="3" m="20587" /><G39/><T45/><D129/><U79/><E48/><V7/><F114/><W88/><G42/><N who="0" m="24887" /><D133/><U115/><E56/><N who="0" m="21577" /><D110/><U131/><E131/><V17/><F128/><W130/><G130/><T134/><D134/><U40/><E40/><V127/><F127/><W96/><G47/><T70/><D70/><U22/><E22/><N who="2" m="11567" /><F132/><W90/><G76/><T99/><D77/><U18/><E115/><V116/><AGARI ba="0,0" hai="4,5,7,116,118" m="11567,12330,107" machi="116" ten="40,2700,0" yaku="34,2" doraHai="51" who="2" fromWho="2" sc="250,-13,250,-7,250,27,250,-7" /><INIT seed="1,0,0,2,1,60" ten="237,243,277,243" oya="1" hai0="90,96,29,88,9,71,129,65,83,75,98,103,118" hai1="121,63,48,28,59,89,124,0,68,100,66,30,111" hai2="73,37,113,43,104,77,120,130,117,114,51,35,2" hai3="84,1,49,40,50,97,10,52,80,81,36,3,86"/><U20/><E121/><V54/><RYUUKYOKU type="yao9" ba="0,0" sc="237,0,243,0,277,0,243,0" hai2="2,35,37,43,51,54,73,77,104,113,114,117,120,130" /><INIT seed="1,1,0,4,0,56" ten="237,243,277,243" oya="1" hai0="89,43,112,101,127,113,119,88,65,70,85,33,17" hai1="84,2,6,42,47,118,123,86,95,125,58,5,97" hai2="67,80,41,15,104,28,1,72,73,0,79,130,13" hai3="71,35,31,81,25,32,8,92,68,62,61,87,135"/><U103/><E118/><V77/><F104/><W75/><G135/><T7/><D119/><U51/><E123/><V134/><F134/><W9/><G75/><T64/><D33/><U60/><E125/><V82/><F130/><W76/><G92/><T133/><D133/><U4/><REACH who="1" step="1"/><E2/><REACH who="1" ten="237,233,277,243" step="2"/><V52/><F1/><W128/><G128/><T11/><D127/><U121/><E121/><V37/><F0/><W122/><G122/><T3/><D3/><U29/><E29/><V12/><F28/><W109/><G109/><T120/><D120/><U44/><E44/><V106/><F106/><W90/><G35/><T20/><D113/><U50/><E50/><V54/><F67/><AGARI ba="1,1" hai="4,5,6,42,47,51,58,60,67,84,86,95,97,103" machi="67" ten="40,7700,0" yaku="1,1,8,1,52,1,53,0" doraHai="56" doraHaiUra="69" who="1" fromWho="2" sc="237,0,233,90,277,-80,243,0" /><INIT seed="1,2,0,1,3,12" ten="237,323,197,243" oya="1" hai0="14,15,96,108,102,122,41,67,105,134,98,135,24" hai1="1,30,64,19,123,101,88,90,99,46,89,51,2" hai2="68,23,27,124,73,80,128,36,26,120,20,11,70" hai3="65,38,107,86,113,53,121,62,25,87,110,35,16"/><U129/><E123/><V32/><F120/><W31/><G113/><T63/><D122/><U81/><E129/><V85/><F36/><W52/><G121/><T114/><D114/><U42/><E30/><V10/><F73/><W116/><G38/><T76/><D108/><U48/><E64/><V118/><F118/><W50/><G110/><T117/><D117/><U74/><E51/><V69/><F32/><W103/><G116/><T13/><D41/><U8/><E19/><V44/><F44/><W28/><G28/><T66/><D76/><U106/><REACH who="1" step="1"/><E8/><REACH who="1" ten="237,313,197,243" step="2"/><V9/><F128/><W47/><G16/><T104/><D67/><U18/><E18/><V77/><REACH who="2" step="1"/><F124/><REACH who="2" ten="237,313,187,243" step="2"/><W131/><G131/><T93/><D135/><U84/><E84/><V33/><F33/><W126/><G126/><T111/><D134/><U83/><E83/><V97/><F97/><N who="3" m="61935" /><G87/><T125/><D125/><U40/><E40/><V58/><F58/><W132/><G86/><T109/><D109/><U133/><E133/><V112/><F112/><W59/><G132/><T49/><D111/><U71/><E71/><V55/><F55/><W60/><G53/><T78/><D98/><U130/><E130/><V115/><F115/><W3/><G62/><T91/><D63/><U127/><E127/><V119/><F119/><W22/><G35/><T94/><D96/><U79/><AGARI ba="2,2" hai="1,2,42,46,48,74,79,81,88,89,90,99,101,106" machi="79" ten="30,11700,0" yaku="1,1,0,1,54,1,53,1" doraHai="12" doraHaiUra="39" who="1" fromWho="1" sc="237,-41,313,143,187,-41,243,-41" /><INIT seed="1,3,0,1,4,107" ten="196,456,146,202" oya="1" hai0="48,17,39,134,55,73,115,72,89,80,37,3,124" hai1="81,62,59,58,94,120,43,95,106,19,25,135,60" hai2="16,6,64,30,104,52,114,70,65,123,76,99,32" hai3="127,69,125,57,98,129,7,56,68,91,103,66,101"/><U130/><E120/><V132/><F123/><W40/><G129/><T21/><D115/><U49/><E106/><V1/><F132/><W109/><G109/><T50/><D3/><U54/><E130/><V77/><F114/><W28/><G7/><T61/><D134/><U18/><E135/><V46/><F1/><W75/><G40/><T108/><D108/><U47/><E81/><V133/><F6/><W113/><G113/><T63/><D80/><U23/><REACH who="1" step="1"/><E19/><REACH who="1" ten="196,446,146,202" step="2"/><V82/><F133/><W71/><G127/><T26/><D124/><U92/><E92/><V14/><F82/><W86/><G125/><T24/><D17/><U121/><E121/><V13/><F16/><W8/><G71/><T42/><D21/><U87/><E87/><V35/><F104/><W53/><G69/><T112/><D112/><U97/><E97/><V5/><F70/><W116/><G68/><T36/><D36/><U29/><E29/><V118/><F30/><W0/><G28/><T96/><D96/><U10/><E10/><V9/><F99/><W33/><G98/><T128/><D128/><U11/><E11/><V41/><F9/><W119/><G8/><T38/><D38/><U22/><E22/><V83/><F83/><W79/><G86/><T44/><D89/><U117/><E117/><V111/><F118/><W78/><G91/><T93/><D93/><U74/><E74/><N who="0" m="28777" /><D39/><U12/><E12/><V88/><F13/><W51/><G116/><T102/><D37/><U105/><E105/><V110/><F14/><W20/><G119/><T126/><D126/><U4/><E4/><RYUUKYOKU ba="3,1" sc="196,-10,446,30,146,-10,202,-10" hai1="18,23,25,43,47,49,54,58,59,60,62,94,95" /><INIT seed="1,4,1,0,4,52" ten="186,476,136,192" oya="1" hai0="89,29,39,97,17,99,30,60,23,63,7,58,130" hai1="100,45,135,2,8,15,35,83,131,3,9,105,112" hai2="101,113,54,107,67,19,74,103,75,42,90,106,62" hai3="109,87,128,70,53,24,111,18,84,93,43,41,129"/><U85/><E112/><V134/><F113/><W132/><G70/><T27/><D39/><U32/><E45/><V31/><F134/><W47/><G132/><T78/><D130/><N who="3" m="50281" /><G53/><T51/><D78/><U92/><E105/><V14/><F42/><N who="3" m="15883" /><G47/><T34/><D34/><U71/><E71/><V66/><F54/><W21/><G93/><T28/><D7/><U4/><E131/><V91/><F62/><W11/><G11/><T38/><D38/><U37/><E37/><V59/><F19/><W108/><AGARI ba="4,1" hai="18,21,24,84,87,108,109,111" m="15883,50281" machi="108" ten="40,2700,0" yaku="14,1,19,1" doraHai="52" who="3" fromWho="3" sc="186,-11,476,-17,136,-11,192,49" /><INIT seed="2,0,0,4,5,126" ten="175,459,125,241" oya="2" hai0="51,34,25,63,65,61,91,21,37,52,98,8,107" hai1="111,2,95,112,56,35,93,125,81,80,6,60,66" hai2="71,127,89,30,102,19,85,84,128,68,4,76,103" hai3="55,86,82,131,90,75,24,113,9,104,70,16,64"/><V100/><F127/><W78/><G113/><T39/><D34/><U117/><E125/><V31/><F4/><W73/><G70/><T11/><D39/><U57/><E112/><V67/><F67/><W88/><G64/><T101/><D37/><U49/><E35/><V7/><F7/><W40/><G104/><T79/><D79/><U32/><E32/><V45/><F45/><W14/><G40/><T1/><D91/><U36/><E36/><V48/><F48/><W132/><G132/><T50/><D50/><U29/><E29/><V5/><F5/><W33/><G75/><T110/><D110/><U38/><E38/><V46/><F46/><W94/><G90/><T3/><D3/><U54/><E117/><V122/><F122/><W116/><G55/><T99/><D99/><U58/><E111/><V121/><F121/><W134/><G116/><T69/><D63/><N who="1" m="38263" /><E6/><V13/><F71/><W10/><G10/><T23/><D1/><U22/><E22/><N who="2" m="11631" /><F68/><W124/><G124/><T135/><D135/><U0/><E0/><V53/><F53/><W119/><G134/><T43/><D43/><U12/><E12/><V87/><F76/><W18/><G119/><T133/><D133/><U20/><E2/><V44/><F44/><W72/><G72/><T47/><REACH who="0" step="1"/><D23/><REACH who="0" ten="165,459,125,241" step="2"/><U96/><E20/><V15/><F128/><W27/><G131/><T118/><D118/><U59/><E60/><V62/><F62/><W123/><G123/><T77/><D77/><U109/><E109/><V115/><F115/><W130/><G130/><T17/><AGARI ba="0,1" hai="8,11,17,21,25,47,51,52,61,65,69,98,101,107" machi="17" ten="20,5200,0" yaku="1,1,0,1,7,1,54,1,53,0" doraHai="126" doraHaiUra="28" who="0" fromWho="0" sc="165,62,459,-13,125,-26,241,-13" /><INIT seed="3,0,0,4,3,90" ten="227,446,99,228" oya="3" hai0="71,127,47,18,3,51,21,102,57,62,67,98,30" hai1="115,120,59,131,34,44,85,87,135,26,48,22,15" hai2="81,68,113,25,58,41,69,88,45,23,94,16,111" hai3="14,103,2,108,1,50,84,17,39,92,24,66,61"/><W82/><G39/><T19/><D3/><U93/><E120/><V121/><F111/><W106/><G106/><T97/><D127/><U55/><E115/><V5/><F113/><W76/><G108/><T52/><D71/><U79/><E34/><V99/><F121/><W0/><G50/><T132/><D132/><U100/><E131/><V10/><F58/><W80/><G80/><T75/><D75/><U53/><E15/><V12/><REACH who="2" step="1"/><F81/><REACH who="2" ten="227,446,89,228" step="2"/><W101/><G82/><T122/><D122/><U126/><E135/><V36/><AGARI ba="0,1" hai="5,10,12,16,23,25,36,41,45,68,69,88,94,99" machi="36" ten="20,16000,3" yaku="1,1,2,1,0,1,7,1,52,1,54,2,53,1" doraHai="90" doraHaiUra="91" who="2" fromWho="2" sc="227,-40,446,-40,89,170,228,-80" owari="187,-21.3,406,50.6,259,5.9,148,-35.2" /></mjloggm>