<mjloggm ver="2.3"><GO type="225" lobby="0"/><UN n0="%E3%83%A9%E3%82%B9%E7%8E%87%EF%BC%93%E5%89%B2" n1="%E3%81%AF%E3%82%88%E3%81%8A%E3%81%98%E3%81%95%E3%82%93" n2="%E7%B4%94%E6%BD%94%E3%83%94%E3%83%A9%E3%83%8B%E3%82%A2" n3="%E9%A6%AC%E5%BC%95%E7%81%AB%33" dan="17,16,17,16" rate="2205.44,2206.47,2196.24,2137.28" sx="F,M,M,M"/><TAIKYOKU oya="0"/><INIT seed="0,0,0,3,0,54" ten="250,250,250,250" oya="0" hai0="38,78,57,18,97,121,26,95,24,25,86,53,15" hai1="96,32,132,3,19,94,112,83,36,28,102,42,130" hai2="104,6,49,129,115,37,29,81,14,76,23,93,0" hai3="75,12,55,77,118,110,122,113,116,80,101,34,17"/><T62/><D121/><U106/><E3/><V119/><F37/><W39/><G113/><T52/><D38/><U134/><E112/><V58/><F104/><W21/><G110/><T71/><D71/><U111/><E111/><V50/><F129/><W48/><G39/><T7/><D7/><U51/><E130/><V10/><F119/><W22/><G34/><T100/><D53/><U72/><E19/><V135/><F135/><W88/><G101/><T79/><REACH who="0" step="1"/><D86/><REACH who="0" ten="240,250,250,250" step="2"/><U46/><E36/><V82/><F115/><W5/><G122/><T114/><D114/><U60/><E132/><V4/><F6/><W133/><G133/><T87/><D87/><U67/><E134/><V127/><F4/><W69/><G69/><T63/><D63/><U44/><E60/><V33/><F49/><W74/><G5/><T109/><D109/><U73/><E51/><V90/><F50/><W11/><G75/><T9/><AGARI ba="0,1" hai="9,15,18,24,25,26,52,57,62,78,79,95,97,100" machi="9" ten="30,12000,1" yaku="1,1,0,1,8,1,52,1,54,1,53,0" doraHai="54" doraHaiUra="64" who="0" fromWho="0" sc="240,130,250,-40,250,-40,250,-40" /><INIT seed="0,1,0,0,0,124" ten="370,210,210,210" oya="0" hai0="129,84,125,103,2,49,27,25,112,97,28,9,134" hai1="8,120,108,70,100,24,5,39,102,26,66,4,19" hai2="71,130,55,105,42,116,59,37,62,81,3,72,82" hai3="92,89,87,76,48,15,111,60,68,51,34,113,52"/><T117/><D112/><U29/><E39/><V38/><F105/><W10/><G113/><T21/><D117/><U104/><E120/><V31/><F116/><W44/><G111/><T32/><D125/><U135/><E108/><V73/><F3/><W61/><G34/><T65/><D134/><U67/><E135/><V54/><F31/><W77/><G51/><T78/><D49/><U114/><E114/><V69/><F62/><N who="3" m="24171" /><G68/><T64/><D78/><U0/><E70/><V126/><F126/><W128/><G128/><T74/><D129/><U33/><E5/><AGARI ba="1,0" hai="5,10,15,44,48,52,76,77,87,89,92" m="24171" machi="5" ten="30,2000,0" yaku="8,1,54,1" doraHai="124" who="3" fromWho="1" sc="370,0,210,-23,210,0,210,23" /><INIT seed="1,0,0,4,2,118" ten="370,187,210,233" oya="1" hai0="78,1,62,115,53,108,88,27,107,46,38,75,102" hai1="119,130,6,2,64,31,133,49,67,89,127,121,106" hai2="34,80,35,123,94,59,12,93,52,91,131,21,120" hai3="83,37,90,23,10,42,24,16,0,132,117,129,98"/><U17/><E121/><N who="2" m="46667" /><F93/><W4/><G117/><T57/><D1/><U45/><E119/><V3/><F80/><W33/><G129/><T109/><D27/><U124/><E130/><V18/><F3/><W63/><G132/><T70/><D70/><U44/><E133/><V95/><F95/><W8/><G8/><T110/><D78/><U47/><E106/><V81/><F81/><W86/><G33/><T73/><D102/><U79/><E79/><V116/><F116/><W76/><G63/><T48/><D38/><U74/><E74/><V32/><F32/><W103/><G76/><T58/><D107/><U85/><E31/><V122/><N who="2" m="46675" /><V9/><DORA hai="25" /><F9/><W54/><G54/><N who="0" m="34103" /><D88/><U84/><E17/><V87/><F131/><W126/><G37/><T40/><D75/><U56/><E2/><V134/><F134/><W61/><G61/><N who="0" m="36047" /><D73/><U36/><E6/><V128/><F128/><W15/><G42/><T41/><D40/><U135/><E36/><V11/><F11/><W26/><REACH who="3" step="1"/><G126/><REACH who="3" ten="370,187,210,223" step="2"/><N who="1" m="48170" /><E135/><V113/><F113/><AGARI ba="0,1" hai="41,46,48,108,109,110,113,115" m="36047,34103" machi="113" ten="30,3900,0" yaku="14,1,34,2" doraHai="118,25" who="0" fromWho="2" sc="370,49,187,0,210,-39,223,0" /><INIT seed="2,0,0,3,3,66" ten="419,187,171,223" oya="2" hai0="45,112,60,47,10,43,70,99,127,124,55,8,135" hai1="19,27,36,123,34,119,17,65,86,11,85,4,131" hai2="120,57,14,130,39,62,122,111,82,83,113,35,2" hai3="58,126,67,21,129,69,101,29,108,15,51,94,77"/><V133/><F2/><W78/><G108/><T91/><D112/><U28/><E119/><V61/><F113/><W128/><G126/><N who="0" m="48171" /><D135/><U118/><E118/><V75/><F133/><W40/><G69/><T96/><D91/><U103/><E36/><V73/><F39/><W114/><G114/><T42/><D70/><U9/><E131/><N who="3" m="50250" /><G67/><T37/><D55/><U116/><E116/><V68/><F130/><W79/><G58/><T74/><D60/><U121/><E103/><V95/><F35/><W33/><G33/><T32/><D74/><U93/><E65/><V98/><F111/><W110/><G110/><T84/><D84/><U100/><E100/><V52/><F82/><W41/><G51/><N who="0" m="27063" /><D32/><U24/><E85/><V25/><F75/><W53/><G53/><T6/><D10/><U87/><E86/><V71/><F62/><W7/><G7/><T106/><D106/><U30/><E87/><V109/><F109/><W76/><G76/><T63/><D63/><U23/><E93/><V31/><F73/><W64/><G64/><T104/><D104/><U50/><E11/><V105/><F83/><W12/><G41/><T46/><D46/><U59/><E59/><V38/><F105/><W0/><G40/><T89/><D89/><U18/><E50/><V107/><F107/><W134/><G134/><T20/><D20/><U88/><E88/><N who="2" m="55655" /><F38/><W1/><G1/><AGARI ba="0,0" hai="1,6,8,37,43,47,96,99" m="27063,48171" machi="1" ten="30,1000,0" yaku="18,1" doraHai="66" who="0" fromWho="3" sc="419,10,187,0,171,0,223,-10" /><AGARI ba="0,0" hai="1,4,9,17,18,19,23,24,27,28,30,34,121,123" machi="1" ten="40,5200,0" yaku="34,3" doraHai="66" who="1" fromWho="3" sc="429,0,187,52,171,0,213,-52" /><INIT seed="3,0,0,0,0,112" ten="429,239,171,161" oya="3" hai0="124,0,52,99,98,61,105,96,57,47,70,86,18" hai1="7,118,117,41,90,131,25,13,101,121,125,93,68" hai2="44,111,4,31,69,24,123,38,42,9,133,53,34" hai3="132,134,80,128,119,127,89,15,108,56,103,12,39"/><W64/><G119/><T49/><D124/><U3/><E68/><V130/><F111/><W20/><G127/><T95/><D0/><U54/><E125/><V82/><F130/><W116/><G116/><T109/><D109/><U26/><E3/><V2/><F133/><N who="3" m="51307" /><G108/><T74/><D74/><U60/><E121/><V10/><F123/><W106/><G128/><T6/><D105/><U104/><E131/><V1/><F53/><W76/><G39/><T107/><D107/><U91/><E104/><V92/><F92/><W33/><G33/><T40/><D70/><U58/><E41/><V88/><F69/><W115/><G89/><N who="1" m="33802" /><E118/><V110/><F110/><W85/><G20/><T100/><D86/><U87/><E87/><V5/><F88/><W113/><G113/><T120/><D6/><U75/><E75/><V135/><F135/><W28/><G28/><T48/><D120/><U97/><E117/><V79/><F79/><W55/><G64/><N who="0" m="38959" /><D18/><U81/><E81/><AGARI ba="0,0" hai="1,2,4,5,9,10,24,31,34,38,42,44,81,82" machi="81" ten="40,1300,0" yaku="9,1" doraHai="112" who="2" fromWho="1" sc="429,0,239,-13,171,13,161,0" owari="429,52.9,226,2.6,184,-21.6,161,-33.9" /></mjloggm>