<mjloggm ver="2.3"><GO type="225" lobby="0"/><UN n0="%E3%81%95%E3%81%8D%E3%81%9F%E3%81%BE%E6%9E%97%E6%AA%8E" n1="%E5%8F%AF%E5%85%90%E9%82%A3%E7%94%B1%E5%A4%9A" n2="%72%69%6F%75%63%68%61%6E" n3="%E3%82%86%E3%81%86%E3%82%8C%E3%81%84%E3%81%84%E3%81%8B" dan="16,16,16,18" rate="2109.17,2118.80,2187.61,2227.70" sx="M,F,M,M"/><TAIKYOKU oya="0"/><INIT seed="0,0,0,5,0,58" ten="250,250,250,250" oya="0" hai0="28,93,87,29,46,118,35,45,80,6,25,101,95" hai1="8,59,9,50,0,83,103,92,37,62,38,44,124" hai2="27,132,22,91,100,76,36,11,7,13,63,85,134" hai3="104,97,123,55,122,21,117,56,120,73,10,113,66"/><T70/><D118/><U60/><E124/><V17/><F36/><W114/><G73/><T112/><D112/><N who="3" m="43113" /><G21/><T43/><D6/><U99/><E37/><V33/><F100/><N who="3" m="62479" /><G10/><N who="1" m="4202" /><E38/><V84/><F33/><W121/><N who="3" m="30720" /><DORA hai="24" /><W119/><G66/><T1/><D1/><U30/><E0/><V57/><F76/><W2/><G2/><T102/><D70/><U32/><E32/><V131/><F131/><W42/><G42/><T64/><D64/><U127/><E127/><V4/><F4/><W48/><AGARI ba="0,0" hai="48,55,56,117,119" m="30720,62479,43113" machi="48" ten="60,2000,0" yaku="13,1" doraHai="58,24" who="3" fromWho="3" sc="250,-10,250,-5,250,-5,250,20" /><INIT seed="1,0,0,0,2,25" ten="240,245,245,270" oya="1" hai0="29,104,112,87,45,0,88,125,1,60,6,24,69" hai1="73,132,37,118,103,63,56,92,71,127,28,22,77" hai2="120,97,2,113,98,40,44,96,81,21,106,129,134" hai3="7,62,53,47,91,9,14,117,18,35,95,10,58"/><U86/><E118/><V85/><F129/><W107/><G117/><T111/><D112/><U122/><E122/><V34/><F134/><W76/><G107/><T50/><D104/><U36/><E71/><V94/><F34/><W66/><G35/><T115/><D115/><U105/><E132/><V68/><F113/><W38/><G76/><T67/><D125/><U15/><E127/><V16/><F120/><W19/><G10/><T51/><D6/><U114/><E114/><V43/><F2/><W11/><G9/><T32/><D51/><U64/><E73/><V23/><F68/><W133/><G133/><T108/><D111/><U123/><E123/><V84/><F106/><W8/><G8/><T124/><D108/><U93/><E105/><V42/><F44/><W79/><G79/><T128/><D128/><U13/><E36/><V102/><F21/><W20/><G20/><T100/><D100/><U12/><E37/><V83/><F84/><W57/><G47/><T130/><D130/><U49/><E49/><V119/><F119/><W17/><G38/><T5/><D5/><U99/><E77/><N who="2" m="46255" /><F83/><W89/><REACH who="3" step="1"/><G95/><REACH who="3" ten="240,245,245,260" step="2"/><T131/><D131/><U109/><E109/><V110/><F110/><W46/><G46/><T55/><D124/><U4/><E4/><V26/><AGARI ba="0,1" hai="16,23,26,40,42,43,94,96,97,98,102" m="46255" machi="26" ten="30,2000,0" yaku="8,1,54,1" doraHai="25" who="2" fromWho="2" sc="240,-5,245,-10,245,30,260,-5" /><INIT seed="2,0,0,2,3,116" ten="235,235,275,255" oya="2" hai0="88,133,41,110,87,86,103,95,22,114,97,29,58" hai1="47,135,52,7,105,25,122,33,64,82,18,102,13" hai2="42,107,5,100,21,65,128,91,93,96,120,14,39" hai3="123,63,80,132,40,121,48,79,24,3,31,66,23"/><V15/><F120/><W50/><G3/><T131/><D114/><U17/><E135/><V2/><F128/><W129/><G129/><T62/><D131/><U16/><E122/><V98/><F65/><W134/><G50/><T118/><D118/><U84/><E64/><V75/><F75/><N who="3" m="43135" /><G48/><T43/><D133/><N who="3" m="51305" /><G40/><T60/><D110/><U111/><E111/><V67/><F67/><W68/><AGARI ba="0,0" hai="23,24,31,63,66,68,121,123" m="51305,43135" machi="68" ten="30,4000,0" yaku="20,1,52,2" doraHai="116" who="3" fromWho="3" sc="235,-10,235,-10,275,-20,255,40" /><INIT seed="3,0,0,2,2,63" ten="225,225,255,295" oya="3" hai0="73,64,99,26,21,55,126,71,91,69,70,52,57" hai1="106,14,113,105,56,89,53,20,79,129,61,18,13" hai2="119,134,100,66,60,125,28,32,110,118,11,40,128" hai3="87,22,12,5,97,15,24,27,39,29,19,72,104"/><W130/><G72/><T33/><D33/><U98/><E113/><V95/><F40/><W48/><G39/><T17/><D73/><U10/><E129/><V9/><F128/><W65/><G130/><T92/><REACH who="0" step="1"/><D126/><REACH who="0" ten="215,225,255,295" step="2"/><U112/><E112/><V23/><F125/><W117/><G117/><T81/><D81/><U101/><E79/><V41/><F119/><W120/><G120/><T16/><D16/><U58/><E89/><V77/><F118/><W42/><G19/><T38/><D38/><U124/><E124/><V44/><F77/><W30/><G30/><T83/><D83/><U86/><E86/><V123/><F123/><W76/><G29/><T50/><D50/><U96/><E96/><V43/><F28/><W131/><G48/><T93/><D93/><U59/><E106/><V82/><F95/><W80/><G97/><T102/><D102/><U109/><E109/><V94/><F94/><W7/><G104/><T122/><D122/><U37/><E37/><V45/><F82/><W135/><G80/><T2/><D2/><U1/><E1/><V88/><F100/><W67/><G87/><T78/><D78/><U107/><E107/><V116/><F116/><W47/><G76/><T25/><D25/><U51/><E51/><V74/><F74/><W108/><G27/><T111/><D111/><U127/><E127/><V133/><F110/><W0/><G108/><T35/><D35/><U8/><E14/><N who="3" m="5162" /><G131/><T75/><D75/><U54/><E61/><AGARI ba="0,1" hai="17,21,26,52,55,57,61,64,69,70,71,91,92,99" machi="61" ten="40,5200,0" yaku="1,1,52,1,54,1,53,0" doraHai="63" doraHaiUra="34" who="0" fromWho="1" sc="215,62,225,-52,255,0,295,0" /><INIT seed="4,0,0,5,2,49" ten="277,173,255,295" oya="0" hai0="50,76,111,61,123,29,1,4,89,9,102,54,36" hai1="23,117,37,92,51,77,135,2,46,73,3,95,11" hai2="71,114,79,105,57,22,30,41,87,45,63,90,103" hai3="98,88,28,78,75,127,100,20,62,65,34,81,5"/><T35/><D123/><U85/><E117/><V122/><F122/><W12/><G88/><T133/><D36/><U25/><E135/><V60/><F114/><W52/><G52/><T126/><D102/><U99/><E73/><V74/><F71/><N who="3" m="42423" /><G20/><T32/><D76/><U101/><E37/><V131/><F131/><W8/><G12/><T66/><D133/><U91/><E77/><V48/><F57/><W6/><G8/><T56/><D126/><U130/><E130/><V110/><F110/><W106/><G127/><T68/><D111/><U119/><E119/><V120/><F120/><W112/><G112/><T108/><D108/><U107/><E11/><V44/><F44/><W125/><G125/><T109/><D109/><U80/><E95/><V26/><F79/><W113/><G113/><T33/><REACH who="0" step="1"/><D89/><REACH who="0" ten="267,173,255,295" step="2"/><U93/><E2/><V21/><F74/><W7/><G7/><T64/><D64/><U17/><REACH who="1" step="1"/><E3/><REACH who="1" ten="267,163,255,295" step="2"/><V128/><F128/><W24/><AGARI ba="0,2" hai="5,6,24,28,34,75,78,81,98,100,106" m="42423" machi="24" ten="30,1100,0" yaku="25,1" doraHai="49" who="3" fromWho="3" sc="267,-5,163,-3,255,-3,295,31" owari="262,6.2,160,-34.0,252,-14.8,326,42.6" /></mjloggm>