<mjloggm ver="2.3"><GO type="225" lobby="0"/><UN n0="%E8%B5%A4%E3%81%84%E8%9B%99%31%31" n1="%E3%81%BF%E3%81%BF%E3%81%9A" n2="%E7%99%BD%E5%92%B2%E8%8A%B1%E3%81%A1%E3%82%83%E3%82%93" n3="%E3%81%BE%E3%81%A8%E3%81%9F" dan="16,17,16,16" rate="2105.56,2141.39,2153.51,2144.81" sx="M,M,F,M"/><TAIKYOKU oya="0"/><INIT seed="0,0,0,2,4,68" ten="250,250,250,250" oya="0" hai0="6,31,92,119,113,30,132,60,112,97,32,85,18" hai1="7,51,114,55,82,9,115,99,69,80,98,14,10" hai2="17,50,38,116,0,124,13,90,58,73,1,61,133" hai3="100,52,37,11,29,108,65,45,127,28,107,87,3"/><T41/><D119/><U84/><E69/><V26/><F116/><W48/><G108/><T27/><D132/><U34/><E34/><V129/><F133/><W110/><G110/><T70/><D31/><U95/><E9/><V22/><F124/><W118/><G118/><T16/><D6/><U130/><E130/><V47/><F73/><W2/><G100/><T20/><D85/><U66/><E66/><V64/><F129/><W5/><G107/><T94/><D41/><U25/><E25/><V62/><F90/><W83/><G2/><T24/><D18/><U12/><E12/><V71/><F26/><W120/><G120/><T67/><REACH who="0" step="1"/><D94/><REACH who="0" ten="240,250,250,250" step="2"/><U19/><E7/><V76/><F17/><W56/><G127/><T125/><D125/><U122/><E122/><V134/><F134/><W128/><G128/><T42/><D42/><U74/><E74/><V54/><F1/><W86/><G86/><T106/><D106/><U78/><E82/><V59/><F0/><W43/><REACH who="3" step="1"/><G65/><REACH who="3" ten="240,250,250,240" step="2"/><T102/><AGARI ba="0,2" hai="16,20,24,27,30,32,60,67,70,92,97,102,112,113" machi="102" ten="20,7800,0" yaku="1,1,0,1,7,1,54,1,53,0" doraHai="68" doraHaiUra="35" who="0" fromWho="0" sc="240,98,250,-26,250,-26,240,-26" /><INIT seed="0,1,0,2,1,20" ten="338,224,224,214" oya="0" hai0="53,32,97,71,61,96,106,16,94,11,9,102,123" hai1="104,52,59,72,28,62,55,23,116,40,10,74,67" hai2="133,0,30,65,127,95,24,22,113,26,29,87,63" hai3="56,86,91,70,36,17,47,100,122,7,31,57,108"/><T35/><D123/><U134/><E116/><V131/><F113/><W41/><G70/><T15/><D9/><U39/><E104/><V90/><F127/><W130/><G108/><T83/><D83/><U135/><E10/><V89/><F131/><W73/><G73/><N who="1" m="28266" /><E40/><V43/><F133/><N who="1" m="50697" /><E39/><V118/><F118/><W33/><G122/><T109/><D109/><U3/><E3/><V42/><F0/><W14/><G7/><T88/><REACH who="0" step="1"/><D53/><REACH who="0" ten="328,224,224,214" step="2"/><U60/><E60/><V1/><F1/><W5/><G130/><T19/><D19/><U132/><N who="1" m="50705" /><U128/><DORA hai="44" /><E128/><V69/><REACH who="2" step="1"/><F90/><REACH who="2" ten="328,224,214,214" step="2"/><W68/><G91/><T84/><D84/><U129/><E129/><V25/><F25/><AGARI ba="1,2" hai="23,25,28,52,55,59,62,67" m="50705,28266" machi="25" ten="50,6400,0" yaku="20,1,52,1,54,1" doraHai="20,44" who="1" fromWho="2" sc="328,0,224,87,214,-67,214,0" /><INIT seed="1,0,0,4,4,73" ten="328,311,147,214" oya="1" hai0="11,12,116,41,92,118,23,57,26,79,117,107,89" hai1="50,28,16,87,101,113,102,75,14,81,45,33,60" hai2="114,10,111,125,31,71,64,105,56,4,53,121,93" hai3="22,43,103,54,5,55,104,78,24,127,126,130,59"/><U99/><E113/><V72/><F114/><W115/><G115/><T3/><D107/><U67/><E75/><V30/><F121/><W15/><G130/><T131/><D3/><U86/><E33/><V122/><F122/><W83/><G43/><T69/><D69/><U108/><E28/><V84/><F105/><W36/><G36/><T35/><D35/><U96/><E108/><V13/><F111/><W70/><G70/><T98/><D131/><U47/><E60/><V42/><F125/><W123/><G123/><T9/><D41/><U32/><E67/><V133/><F133/><W82/><G82/><T95/><D95/><U124/><E32/><V20/><F72/><N who="3" m="43463" /><G15/><T129/><D129/><U112/><E124/><N who="3" m="47658" /><G5/><T29/><D79/><N who="1" m="46399" /><E87/><V46/><F71/><W61/><G103/><N who="1" m="39434" /><E112/><V132/><F132/><W27/><G104/><T80/><D80/><U76/><E76/><V38/><F64/><N who="3" m="38975" /><G27/><T25/><D25/><U6/><E6/><V63/><REACH who="2" step="1"/><F20/><REACH who="2" ten="328,311,137,214" step="2"/><W134/><G134/><T2/><D117/><U8/><E45/><V119/><F119/><W58/><G58/><T106/><D57/><U88/><E88/><AGARI ba="0,1" hai="4,10,13,30,31,38,42,46,53,56,63,84,88,93" machi="88" ten="40,2600,0" yaku="1,1,54,1,53,0" doraHai="73" doraHaiUra="120" who="2" fromWho="1" sc="328,0,311,-26,137,36,214,0" /><INIT seed="2,0,0,5,0,7" ten="328,285,173,214" oya="2" hai0="67,127,39,16,54,31,46,101,117,81,88,51,74" hai1="98,13,116,111,1,33,89,49,120,100,124,29,114" hai2="130,70,63,14,83,18,30,62,125,109,104,11,69" hai3="73,32,107,112,22,115,94,65,9,96,126,48,119"/><V56/><F125/><W77/><G32/><T58/><D127/><U34/><E114/><N who="3" m="43562" /><G22/><T8/><D117/><U0/><E116/><V91/><F130/><W99/><G65/><T17/><D74/><U118/><E124/><V5/><F104/><W28/><G28/><T87/><D101/><U134/><E118/><V102/><F102/><N who="3" m="62919" /><G48/><T3/><D31/><U47/><E111/><V45/><F109/><W36/><G36/><T84/><D84/><U79/><E79/><V105/><F105/><W15/><G126/><T2/><D39/><U90/><E13/><N who="2" m="5359" /><F70/><W93/><G119/><T40/><D67/><U95/><E120/><V110/><F69/><W25/><G25/><T61/><REACH who="0" step="1"/><D8/><REACH who="0" ten="318,285,173,214" step="2"/><U52/><E29/><V42/><F110/><W72/><G99/><T6/><D6/><U75/><E75/><N who="3" m="28746" /><G77/><T86/><D86/><U21/><E33/><V85/><F30/><W12/><G9/><T78/><D78/><U37/><E34/><V132/><F132/><W19/><G19/><AGARI ba="0,1" hai="2,3,16,17,19,40,46,51,54,58,61,81,87,88" machi="19" ten="40,8000,1" yaku="1,1,54,2,53,1" doraHai="7" doraHaiUra="38" who="0" fromWho="3" sc="318,90,285,0,173,0,214,-80" /><INIT seed="3,0,0,4,3,36" ten="408,285,173,134" oya="3" hai0="62,19,89,93,123,32,54,47,104,100,5,134,14" hai1="46,1,121,57,119,73,75,30,107,11,18,101,22" hai2="23,91,82,96,126,88,55,59,72,10,70,76,92" hai3="99,66,48,13,53,60,127,108,86,27,28,65,12"/><W77/><G127/><T31/><D134/><U71/><E121/><V120/><F120/><W83/><G108/><T43/><D5/><U49/><E71/><V124/><F70/><W7/><G99/><T125/><D125/><N who="2" m="48234" /><F10/><W58/><G7/><T45/><D100/><U61/><E30/><V122/><F122/><W128/><G128/><T85/><D104/><U109/><E101/><N who="2" m="60551" /><F23/><W110/><G110/><T74/><D74/><U117/><E46/><V26/><F26/><W105/><G105/><T97/><D31/><U87/><E87/><V114/><F114/><W39/><G39/><T35/><D62/><AGARI ba="0,0" hai="55,59,62,72,76,82,88,91" m="60551,48234" machi="62" ten="30,2000,0" yaku="18,1,54,1" doraHai="36" who="2" fromWho="0" sc="408,-20,285,0,173,20,134,0" owari="388,48.8,285,8.5,193,-20.7,134,-36.6" /></mjloggm>