<mjloggm ver="2.3"><GO type="225" lobby="0"/><UN n0="%E3%81%BF%E3%81%BF%E3%81%9A" n1="%E7%99%BD%E6%98%BC%E9%87%8C%E7%9A%84%E5%A4%9C" n2="%E3%81%AF%E3%82%88%E3%81%8A%E3%81%98%E3%81%95%E3%82%93" n3="%77%72%77%72%77%72%77%72" dan="17,16,17,17" rate="2188.02,2070.87,2148.49,2184.95" sx="M,M,M,M"/><TAIKYOKU oya="0"/><INIT seed="0,0,0,0,0,91" ten="250,250,250,250" oya="0" hai0="41,29,108,92,32,72,21,22,118,27,39,67,24" hai1="30,38,45,1,48,81,99,42,36,85,127,104,14" hai2="63,122,130,100,68,96,16,123,34,89,133,98,134" hai3="131,80,128,126,23,121,35,117,15,70,101,82,26"/><T93/><D118/><U65/><E1/><V7/><F34/><W77/><G117/><T73/><D67/><U112/><E127/><V3/><F7/><W31/><G126/><T12/><D12/><U46/><E30/><V19/><F3/><W79/><G70/><T71/><D71/><U88/><E112/><V76/><F76/><W124/><G124/><T106/><D106/><U44/><E65/><N who="2" m="41023" /><F98/><W75/><G101/><T62/><D62/><U125/><E125/><V53/><F89/><W10/><G23/><T61/><D61/><U94/><E104/><V58/><F58/><W90/><G90/><T40/><D108/><U84/><E36/><V28/><F28/><W86/><REACH who="3" step="1"/><G121/><REACH who="3" ten="250,250,250,240" step="2"/><T109/><D32/><U78/><E38/><V132/><F122/><W6/><AGARI ba="0,1" hai="6,10,15,26,31,35,75,77,79,80,82,86,128,131" machi="6" ten="30,4000,0" yaku="1,1,2,1,0,1,53,0" doraHai="91" doraHaiUra="115" who="3" fromWho="3" sc="250,-20,250,-10,250,-10,240,50" /><INIT seed="1,0,0,2,5,122" ten="230,240,240,290" oya="1" hai0="124,99,128,65,60,46,28,23,70,105,127,113,114" hai1="13,123,12,78,85,52,62,130,108,8,89,0,14" hai2="30,35,133,34,81,17,117,109,3,74,103,90,15" hai3="75,32,37,111,67,77,11,45,18,107,38,4,39"/><U132/><E123/><V42/><F117/><W40/><G18/><T126/><D46/><U56/><E130/><V79/><F3/><N who="3" m="415" /><G111/><T104/><D128/><U110/><E132/><V7/><F133/><W120/><G120/><T115/><D99/><U55/><E78/><V96/><F7/><W97/><G67/><T43/><D43/><U101/><E101/><V87/><F42/><W51/><G51/><T69/><D69/><U80/><E0/><V57/><F57/><W91/><G91/><T131/><D131/><U53/><REACH who="1" step="1"/><E8/><REACH who="1" ten="230,230,240,290" step="2"/><V19/><F103/><N who="3" m="62959" /><G32/><T88/><D88/><U71/><E71/><V61/><F34/><W9/><G9/><T119/><D119/><U100/><E100/><V83/><F35/><W41/><G41/><T21/><REACH who="0" step="1"/><D28/><REACH who="0" ten="220,230,240,290" step="2"/><U44/><E44/><V50/><F30/><W73/><G77/><T68/><D68/><U49/><E49/><V6/><F50/><W16/><G45/><T29/><D29/><U102/><E102/><V63/><F79/><W24/><G40/><T48/><D48/><U33/><E33/><V135/><F90/><W125/><G39/><T66/><D66/><AGARI ba="0,2" hai="12,13,14,52,53,55,56,62,66,80,85,89,108,110" machi="66" ten="50,12000,1" yaku="1,1,52,2,54,1,53,0" doraHai="122" doraHaiUra="129" who="1" fromWho="0" sc="220,-120,230,140,240,0,290,0" /><INIT seed="1,1,0,0,3,79" ten="100,370,240,290" oya="1" hai0="39,23,114,14,97,27,135,53,9,52,5,117,60" hai1="37,89,6,8,88,29,130,69,26,71,119,42,110" hai2="22,56,13,25,35,128,4,15,49,98,123,58,122" hai3="124,104,100,85,102,2,1,131,125,108,107,132,10"/><U50/><E119/><V41/><F128/><W103/><G131/><T83/><D117/><U129/><E110/><V46/><F35/><W70/><G108/><T77/><D114/><U86/><E129/><V54/><F58/><W74/><G74/><T96/><D39/><U34/><E37/><V109/><F109/><W45/><G70/><T121/><D135/><U55/><E42/><V40/><F40/><W43/><G132/><T68/><D121/><U31/><E31/><V76/><F76/><W19/><G85/><N who="0" m="48367" /><D68/><U24/><E24/><V36/><F98/><N who="0" m="37994" /><D60/><U51/><E51/><V67/><F67/><W61/><G61/><T90/><D90/><U106/><E89/><V12/><REACH who="2" step="1"/><F4/><REACH who="2" ten="100,370,230,290" step="2"/><W65/><G65/><T118/><D118/><U47/><E130/><V7/><F7/><W17/><G107/><T92/><D92/><U59/><E106/><V73/><F73/><W44/><G104/><T57/><D57/><U115/><E115/><V66/><F66/><W18/><G103/><T134/><D134/><U80/><E59/><V87/><F87/><W32/><G102/><T3/><D3/><AGARI ba="1,1" hai="3,6,8,26,29,34,47,50,55,69,71,80,86,88" machi="3" ten="30,5800,0" yaku="7,1,52,1,54,1" doraHai="79" who="1" fromWho="0" sc="100,-61,370,71,230,0,290,0" /><INIT seed="1,2,0,4,3,0" ten="39,441,230,290" oya="1" hai0="102,132,121,22,119,52,11,78,83,31,127,76,106" hai1="99,81,6,25,5,112,33,96,80,1,120,134,135" hai2="40,57,38,15,87,10,68,14,29,19,41,28,95" hai3="59,73,111,37,26,86,16,12,74,126,64,123,108"/><U129/><E129/><V20/><F68/><W75/><G123/><T58/><D119/><U130/><E120/><V60/><F38/><W8/><G37/><T51/><D121/><U46/><E130/><V100/><F28/><W18/><G126/><T118/><D127/><U125/><E125/><V67/><F29/><W44/><G44/><T79/><D118/><U17/><E112/><V109/><F109/><N who="3" m="42059" /><G86/><T56/><D132/><N who="1" m="50731" /><E46/><V103/><F87/><W3/><G3/><T54/><D106/><U107/><E1/><V45/><F95/><W115/><G115/><T49/><D102/><N who="2" m="38954" /><F45/><W35/><G35/><T7/><D22/><N who="1" m="13519" /><E33/><V48/><F48/><W63/><G26/><T2/><REACH who="0" step="1"/><D31/><REACH who="0" ten="29,441,230,290" step="2"/><U94/><E107/><V133/><F133/><W34/><G34/><T39/><D39/><U30/><E30/><V32/><F32/><W92/><G75/><AGARI ba="2,1" hai="2,7,11,49,51,52,54,56,58,75,76,78,79,83" machi="75" ten="30,8000,1" yaku="1,1,7,1,9,1,52,1,54,1,53,0" doraHai="0" doraHaiUra="97" who="0" fromWho="3" sc="29,96,441,0,230,0,290,-86" /><INIT seed="2,0,0,4,3,122" ten="125,441,230,204" oya="2" hai0="88,82,87,105,129,24,10,22,43,112,69,121,28" hai1="53,130,42,111,4,25,124,95,48,89,73,104,63" hai2="93,18,2,39,5,45,101,16,91,92,100,70,72" hai3="135,37,1,134,77,33,113,98,65,41,9,0,74"/><V64/><F72/><W67/><G33/><T83/><D121/><U79/><E104/><V30/><F30/><W11/><G113/><T54/><D112/><U103/><E124/><V118/><F118/><W21/><G98/><T59/><D129/><U51/><E103/><V97/><F100/><W109/><G21/><T75/><D105/><U17/><E130/><V19/><F64/><W44/><G109/><T117/><D117/><U3/><E111/><V47/><F70/><W107/><G107/><T94/><D69/><U55/><E79/><V32/><F32/><W96/><G96/><T31/><D43/><U78/><E42/><V8/><REACH who="2" step="1"/><F39/><REACH who="2" ten="125,441,220,204" step="2"/><W66/><G66/><T119/><D119/><U40/><E73/><V71/><F71/><W108/><G67/><T110/><D110/><U12/><E51/><V35/><F35/><W125/><G65/><T50/><D75/><U57/><E48/><V85/><AGARI ba="0,1" hai="2,5,8,16,18,19,45,47,85,91,92,93,97,101" machi="85" ten="30,6000,0" yaku="1,1,0,1,54,1,53,0" doraHai="122" doraHaiUra="26" who="2" fromWho="2" sc="125,-20,441,-20,220,70,204,-20" /><INIT seed="2,1,0,5,2,75" ten="105,421,290,184" oya="2" hai0="73,23,10,102,80,105,77,43,66,56,44,115,4" hai1="7,63,6,40,119,72,134,79,117,13,70,55,95" hai2="123,52,25,113,12,87,127,14,20,22,109,1,108" hai3="88,135,54,104,114,89,21,92,9,15,85,42,98"/><V122/><F87/><W53/><G135/><T5/><D115/><U82/><E134/><V106/><F106/><W71/><G114/><T50/><D23/><U67/><E40/><V41/><F41/><W46/><G71/><T121/><D121/><N who="2" m="46090" /><F113/><W128/><G21/><N who="2" m="8297" /><F52/><W38/><G128/><T64/><D56/><U83/><E95/><V94/><F94/><W18/><REACH who="3" step="1"/><G104/><REACH who="3" ten="105,421,290,174" step="2"/><T116/><D116/><U26/><E70/><V59/><F25/><W93/><AGARI ba="1,1" hai="9,15,18,38,42,46,53,54,85,88,89,92,93,98" machi="93" ten="20,8000,1" yaku="1,1,2,1,0,1,7,1,54,1,53,0" doraHai="75" doraHaiUra="29" who="3" fromWho="3" sc="105,-21,421,-21,290,-41,174,93" /><INIT seed="3,0,0,5,4,126" ten="84,400,249,267" oya="3" hai0="50,18,118,107,88,6,20,12,35,31,105,128,2" hai1="53,30,122,96,115,16,127,99,110,113,104,86,21" hai2="92,131,80,117,34,5,97,51,10,100,70,52,54" hai3="87,75,7,121,133,24,67,57,124,109,36,60,93"/><W63/><G121/><T59/><D118/><U103/><E122/><V114/><F117/><W23/><G75/><T83/><D128/><U91/><E127/><V29/><F70/><W14/><G124/><T69/><D69/><U11/><E110/><V130/><F114/><W64/><G36/><T84/><D59/><U26/><E99/><V120/><F120/><W98/><G133/><T28/><D28/><U9/><E53/><V74/><F34/><W79/><G109/><T58/><D58/><U123/><E123/><V85/><F74/><W43/><G43/><T1/><D1/><U81/><REACH who="1" step="1"/><E30/><REACH who="1" ten="84,390,249,267" step="2"/><V111/><F29/><W101/><G79/><T47/><D2/><U42/><E42/><V94/><F111/><W40/><G40/><T66/><D66/><U68/><E68/><V90/><F94/><W112/><G112/><AGARI ba="0,1" hai="9,11,16,21,26,81,86,91,96,103,104,112,113,115" machi="112" ten="40,2600,0" yaku="1,1,54,1,53,0" doraHai="126" doraHaiUra="125" who="1" fromWho="3" sc="84,0,390,36,249,0,267,-26" owari="84,-41.6,426,52.6,249,4.9,241,-15.9" /></mjloggm>