<mjloggm ver="2.3"><GO type="225" lobby="0"/><UN n0="%E5%91%A8%E6%9D%B1" n1="%EF%BC%AE%EF%BC%A1%EF%BC%AF%33%33%39" n2="%E7%9A%AE%E3%80%85" n3="%E3%81%A4%E3%81%A3%E3%81%B1%E3%82%8A%E3%83%9D%E3%83%BC%E3%83%AB" dan="17,16,16,17" rate="2148.91,2101.93,2153.71,2131.11" sx="M,M,M,M"/><TAIKYOKU oya="0"/><INIT seed="0,0,0,0,5,4" ten="250,250,250,250" oya="0" hai0="13,112,65,109,52,38,56,93,50,92,63,41,31" hai1="121,5,60,108,90,129,106,10,103,44,12,54,75" hai2="74,133,69,95,94,87,15,25,11,21,33,107,68" hai3="7,30,128,28,58,101,59,131,32,88,132,37,53"/><T51/><D112/><U135/><E121/><V104/><F74/><W130/><G132/><T89/><D109/><U127/><E75/><V64/><F33/><W96/><G37/><T47/><D31/><N who="3" m="11817" /><G32/><T80/><D13/><U29/><E29/><V123/><F123/><W22/><G7/><T111/><D111/><U114/><E108/><V76/><F133/><W57/><G22/><T105/><D105/><U16/><E135/><V102/><F107/><N who="3" m="63911" /><G88/><T23/><D23/><U46/><E103/><V100/><F104/><W19/><G19/><T113/><D113/><U78/><E78/><V134/><F134/><W43/><G43/><T115/><D115/><U26/><E106/><V124/><F102/><W110/><G110/><T1/><D1/><U117/><E117/><V91/><F76/><W72/><G72/><T125/><D125/><U36/><E127/><V34/><F124/><W119/><G119/><T67/><D67/><U3/><E36/><V84/><F64/><W81/><G81/><T99/><D80/><U86/><E26/><V45/><F34/><W27/><G27/><T83/><D83/><U66/><E54/><AGARI ba="0,0" hai="53,54,57,58,59,128,130,131" m="63911,11817" machi="54" ten="40,1300,0" yaku="19,1" doraHai="4" who="3" fromWho="1" sc="250,0,250,-13,250,0,250,13" /><INIT seed="1,0,0,2,3,19" ten="250,237,250,263" oya="1" hai0="45,28,112,72,102,73,90,60,119,48,129,78,6" hai1="87,101,50,130,61,0,4,64,79,65,25,8,96" hai2="35,121,68,66,126,71,43,14,67,103,32,57,12" hai3="41,107,54,13,77,21,29,118,113,46,106,38,131"/><U55/><E130/><V80/><F121/><W33/><G113/><T2/><D119/><U99/><E25/><V59/><F59/><W120/><G120/><T63/><D112/><U27/><E27/><V93/><F57/><W7/><G131/><T116/><D129/><U105/><E99/><V85/><F85/><W110/><G118/><T1/><D102/><U39/><E39/><V97/><F43/><W3/><G77/><T76/><D28/><U75/><E75/><V22/><F80/><W18/><G54/><T86/><D116/><U42/><E42/><V83/><F83/><W31/><G110/><T115/><D115/><U26/><E79/><N who="0" m="30249" /><D2/><U53/><E87/><V20/><F97/><W36/><G36/><T9/><D73/><U11/><E11/><V24/><F24/><N who="3" m="18663" /><G29/><T84/><D86/><U49/><E61/><V34/><F103/><W128/><G128/><T117/><D72/><U47/><REACH who="1" step="1"/><E26/><REACH who="1" ten="250,227,250,263" step="2"/><V95/><F35/><W52/><G41/><N who="0" m="24623" /><D117/><U44/><AGARI ba="0,1" hai="0,4,8,44,47,49,50,53,55,64,65,96,101,105" machi="44" ten="20,7800,0" yaku="1,1,0,1,7,1,9,1,53,0" doraHai="19" doraHaiUra="133" who="1" fromWho="1" sc="250,-26,227,88,250,-26,263,-26" /><INIT seed="1,1,0,0,0,10" ten="224,315,224,237" oya="1" hai0="5,94,126,81,0,117,55,68,98,83,31,19,25" hai1="42,128,93,109,29,8,66,9,92,76,95,129,80" hai2="27,91,111,97,28,101,78,21,112,75,65,134,47" hai3="86,107,89,116,24,12,17,51,82,14,125,100,52"/><U54/><E66/><V130/><F111/><W103/><G125/><T2/><D117/><U57/><E42/><V104/><F134/><W71/><G71/><T123/><D126/><U110/><E29/><V1/><F1/><W127/><G127/><T34/><D123/><U60/><E9/><V120/><F120/><W41/><G41/><T15/><D68/><U32/><E32/><V30/><F130/><N who="1" m="50281" /><E8/><V53/><F65/><W23/><G116/><T84/><D55/><U88/><E88/><V6/><F6/><W26/><G26/><T108/><D108/><N who="1" m="41579" /><E93/><V36/><F91/><W105/><G105/><T72/><D72/><AGARI ba="1,0" hai="54,57,60,72,76,80,92,95" m="41579,50281" machi="72" ten="30,5800,0" yaku="19,1,14,1,10,1" doraHai="10" who="1" fromWho="0" sc="224,-61,315,61,224,0,237,0" /><INIT seed="1,2,0,5,0,98" ten="163,376,224,237" oya="1" hai0="51,16,67,24,43,117,99,39,134,11,87,101,83" hai1="82,9,104,17,27,62,108,126,80,71,102,8,95" hai2="75,132,26,68,31,78,93,90,35,86,92,5,119" hai3="106,88,20,63,125,122,61,123,10,57,113,18,21"/><U81/><E104/><V79/><F119/><W84/><G113/><T127/><D117/><U42/><E42/><V103/><F68/><W131/><G131/><T54/><D134/><U36/><E36/><V85/><F132/><W73/><G73/><T128/><D128/><U37/><E37/><V48/><F5/><W22/><G106/><T69/><D127/><U1/><E1/><V58/><F75/><W129/><G129/><T50/><D69/><U7/><E7/><V124/><F124/><W0/><G125/><T40/><D67/><U28/><E126/><V41/><F86/><W76/><G76/><T65/><D65/><U121/><E71/><V38/><F38/><W105/><G105/><T56/><D50/><U133/><E62/><V112/><F112/><W116/><G116/><T135/><D39/><U72/><E72/><V97/><REACH who="2" step="1"/><F58/><REACH who="2" ten="163,376,214,237" step="2"/><W14/><G0/><T100/><D135/><U107/><E133/><V44/><AGARI ba="2,1" hai="26,31,35,41,44,48,78,79,85,90,92,93,97,103" machi="44" ten="30,7900,0" yaku="1,1,2,1,0,1,52,1,53,0" doraHai="98" doraHaiUra="15" who="2" fromWho="2" sc="163,-22,376,-41,214,95,237,-22" /><INIT seed="2,0,0,2,3,28" ten="141,335,309,215" oya="2" hai0="3,108,100,70,78,111,57,123,90,96,91,14,134" hai1="21,87,51,107,20,102,64,29,19,68,116,86,45" hai2="104,79,8,38,55,125,119,52,7,73,122,44,16" hai3="63,105,117,109,118,92,120,114,93,121,101,6,53"/><V113/><F119/><N who="3" m="45579" /><G53/><T35/><D3/><U2/><E2/><N who="2" m="119" /><F122/><N who="3" m="47211" /><G63/><T75/><D70/><U42/><E107/><V31/><F125/><W127/><G6/><T131/><D123/><U50/><E102/><V18/><F113/><W33/><G33/><T80/><D35/><U24/><E116/><V0/><F104/><W89/><G127/><T15/><D57/><U103/><E103/><V133/><F133/><W23/><G23/><T88/><D134/><U4/><E4/><V67/><F67/><W81/><G114/><T49/><D49/><U74/><E74/><V132/><F132/><W126/><G109/><N who="0" m="42059" /><D14/><U46/><E64/><V84/><F84/><N who="3" m="50319" /><G126/><T95/><D15/><N who="1" m="9343" /><E68/><V37/><F31/><W77/><G77/><T47/><D47/><U98/><E98/><AGARI ba="0,0" hai="92,93,98,101,105" m="50319,47211,45579" machi="98" ten="30,2000,0" yaku="34,2" doraHai="28" who="3" fromWho="1" sc="141,0,335,-20,309,0,215,20" /><INIT seed="3,0,0,3,2,0" ten="141,315,309,235" oya="3" hai0="49,14,44,33,40,107,26,67,104,114,62,125,47" hai1="108,111,76,51,126,29,113,28,89,128,10,83,37" hai2="53,134,117,24,56,5,119,21,55,69,112,120,127" hai3="71,12,81,22,35,123,30,43,31,131,96,80,63"/><W122/><G131/><T92/><D114/><U99/><E113/><V78/><F112/><W105/><G43/><T132/><D125/><U38/><E126/><V61/><F127/><W130/><G130/><T85/><D132/><U54/><E10/><V11/><F69/><W45/><G45/><T34/><D34/><U1/><E1/><V73/><F134/><W72/><G12/><T70/><D33/><U4/><E4/><V3/><F120/><W15/><G15/><T91/><D26/><U110/><E89/><V39/><F39/><N who="1" m="14857" /><E99/><V7/><F7/><W98/><G22/><T102/><D102/><U121/><E121/><V75/><F55/><W25/><G96/><T41/><REACH who="0" step="1"/><D14/><REACH who="0" ten="131,315,309,235" step="2"/><U48/><E128/><V106/><F106/><W57/><G25/><T58/><D58/><U19/><E110/><V87/><F87/><W109/><G57/><T135/><D135/><U77/><E111/><V2/><F2/><W17/><G35/><T46/><D46/><U18/><E108/><V133/><F133/><W86/><G109/><T129/><D129/><U124/><E124/><V27/><F27/><W118/><G123/><T88/><D88/><U8/><E77/><V115/><F115/><W13/><G13/><T103/><D103/><U97/><E76/><V100/><F100/><W16/><G122/><T32/><D32/><U59/><E59/><V65/><F65/><W42/><G71/><T60/><D60/><U23/><E28/><N who="2" m="17423" /><F78/><N who="3" m="46391" /><G31/><T68/><D68/><U79/><E29/><V9/><F9/><W84/><G30/><T101/><D101/><U36/><E79/><RYUUKYOKU ba="0,1" sc="131,15,315,-15,309,15,235,-15" hai0="40,41,44,47,49,62,67,70,85,91,92,104,107" hai2="3,5,11,53,56,61,73,75,117,119" owari="146,-35.4,300,10.0,334,43.4,220,-18.0" /></mjloggm>