<mjloggm ver="2.3"><GO type="225" lobby="0"/><UN n0="%E3%82%A2%E3%83%9E%E3%83%9D%EF%BD%9E%EF%BD%9E%E3%83%A9" n1="%E7%9A%AE%E3%80%85" n2="%E4%BF%BA%E3%81%A8%E5%A6%96%E5%A4%A2" n3="%E3%82%A4%E3%83%BC%E3%82%B1%E3%83%97%E3%83%A9" dan="17,16,16,17" rate="2052.81,2121.05,2089.70,2214.81" sx="M,M,F,M"/><TAIKYOKU oya="0"/><INIT seed="0,0,0,5,1,71" ten="250,250,250,250" oya="0" hai0="91,52,68,85,117,1,38,72,62,89,120,54,69" hai1="2,19,25,9,97,18,122,124,104,96,125,0,57" hai2="59,7,86,100,87,42,20,34,50,60,6,99,55" hai3="74,3,51,41,47,129,93,106,128,32,10,109,17"/><T28/><D117/><U107/><E122/><V30/><F34/><W43/><G106/><T45/><D72/><U58/><E25/><V22/><F6/><N who="3" m="1375" /><G32/><T8/><D28/><U23/><REACH who="1" step="1"/><E9/><REACH who="1" ten="250,240,250,250" step="2"/><V119/><F119/><W118/><G118/><T101/><D8/><U110/><E110/><V49/><F30/><W116/><G116/><T92/><D120/><U84/><E84/><V83/><F87/><W31/><G109/><T63/><D85/><U37/><E37/><V114/><F86/><W112/><G74/><T13/><D38/><U79/><E79/><V61/><F83/><W134/><G129/><T39/><D39/><U82/><E82/><V131/><F131/><W40/><G128/><T48/><D1/><U4/><E4/><V77/><F7/><W15/><G134/><T24/><D24/><U26/><E26/><V46/><F77/><W21/><G112/><T102/><D13/><U135/><E135/><V113/><F113/><W67/><G31/><T111/><D111/><U133/><E133/><V95/><F114/><W16/><G17/><T123/><D123/><U65/><E65/><V35/><F35/><W14/><G67/><T88/><D92/><U98/><E98/><V127/><F127/><W81/><G81/><T80/><D80/><U70/><E70/><V11/><F11/><W132/><G132/><T90/><D68/><U29/><E29/><V44/><REACH who="2" step="1"/><F61/><REACH who="2" ten="250,240,240,250" step="2"/><W75/><G75/><T108/><D62/><U27/><E27/><V130/><F130/><W12/><G93/><T56/><N who="0" m="22528" /><DORA hai="36" /><T66/><D108/><U53/><E53/><AGARI ba="0,2" hai="20,22,42,44,46,49,50,53,55,59,60,95,99,100" machi="53" ten="30,12000,2" yaku="1,1,6,1,7,1,8,1,52,1,53,1" doraHai="71,36" doraHaiUra="94,115" who="2" fromWho="1" sc="250,0,240,-120,240,140,250,0" /><AGARI ba="0,0" hai="12,14,15,16,21,40,41,43,47,51,53" m="1375" machi="53" ten="30,8000,1" yaku="6,1,52,3,54,1" doraHai="71,36" who="3" fromWho="1" sc="250,0,120,-80,380,0,250,80" /><INIT seed="1,0,0,3,3,26" ten="250,40,380,330" oya="1" hai0="60,40,92,32,121,25,108,65,30,27,70,14,55" hai1="113,95,19,91,53,45,10,69,104,36,106,110,8" hai2="129,79,62,103,61,63,75,18,57,96,58,49,24" hai3="50,130,80,17,109,128,22,111,102,73,134,101,21"/><U59/><E113/><V52/><F129/><N who="3" m="49771" /><G134/><T117/><D108/><N who="3" m="41545" /><G50/><T81/><D117/><U120/><E110/><V123/><F123/><W127/><G127/><T98/><D40/><U86/><E120/><V51/><F79/><N who="3" m="44143" /><G22/><T13/><D121/><U12/><E69/><V64/><F75/><W115/><G115/><T82/><D27/><AGARI ba="0,0" hai="17,21,27,101,102" m="44143,41545,49771" machi="27" ten="30,2000,0" yaku="19,1,14,1" doraHai="26" who="3" fromWho="0" sc="250,-20,40,0,380,0,330,20" /><INIT seed="2,0,0,3,0,124" ten="230,40,380,350" oya="2" hai0="33,78,41,19,88,98,36,117,16,77,131,63,112" hai1="110,31,130,122,107,61,111,34,100,50,109,53,127" hai2="17,55,12,2,92,37,46,91,132,126,87,106,22" hai3="42,99,9,108,24,134,123,114,56,97,29,101,40"/><V121/><F121/><W25/><G114/><T18/><D112/><U118/><E118/><V86/><F126/><W79/><G123/><T70/><D117/><U64/><E127/><V27/><F2/><W0/><G108/><T51/><D33/><U73/><E73/><V23/><F106/><W6/><G134/><T128/><D36/><U43/><E122/><V21/><F132/><W116/><G116/><T113/><D113/><U119/><E119/><V96/><F37/><W71/><G71/><T45/><D70/><U81/><E81/><V94/><F86/><W38/><G79/><T105/><D63/><U26/><E43/><V57/><F46/><W15/><G0/><T48/><D48/><U89/><E89/><V14/><F14/><W54/><G38/><T90/><D90/><U84/><E84/><V68/><F68/><W47/><G47/><T83/><D105/><U4/><E4/><V129/><F129/><N who="0" m="49738" /><D83/><U76/><E76/><V103/><REACH who="2" step="1"/><F27/><REACH who="2" ten="230,40,370,350" step="2"/><W10/><G25/><T59/><D59/><U66/><E130/><V82/><F82/><W60/><G24/><T85/><D85/><U28/><E28/><V135/><F135/><W133/><G133/><T20/><D20/><U5/><E5/><V52/><F52/><W72/><G54/><T1/><D1/><U125/><E125/><V69/><F69/><W93/><G6/><T11/><D11/><U7/><E7/><V30/><F30/><W95/><G29/><T102/><D102/><U13/><E13/><V65/><F65/><W8/><G15/><T44/><D44/><N who="1" m="27847" /><E61/><AGARI ba="0,1" hai="12,17,21,22,23,55,57,61,87,91,92,94,96,103" machi="61" ten="30,5800,0" yaku="1,1,7,1,8,1,53,0" doraHai="124" doraHaiUra="74" who="2" fromWho="1" sc="230,0,40,-58,370,68,350,0" owari="230,-17.0,-18,-51.8,438,53.8,350,15.0" /></mjloggm>