<mjloggm ver="2.3"><GO type="225" lobby="0"/><UN n0="%E3%83%96%E3%83%83%E3%83%91%E3%82%AA%E3%83%96%E3%83%81%E3%82%AD%E3%83%B3" n1="%E3%80%90%E8%92%BC%E7%90%89%E3%80%91" n2="%E5%B0%8F%E9%B3%A5%E9%81%8A%E7%B7%B4%E7%84%A1%32%31%E6%AD%B3" n3="%E6%97%A5%E6%9B%9C%E6%97%A5%E3%82%88%E3%82%8A%E3%81%AE%E4%BD%BF%E8%80%85" dan="16,16,16,17" rate="2213.28,2190.13,2185.48,2204.51" sx="M,F,F,M"/><TAIKYOKU oya="0"/><INIT seed="0,0,0,2,2,85" ten="250,250,250,250" oya="0" hai0="16,78,60,77,84,105,126,39,63,122,64,132,108" hai1="3,51,56,54,53,66,30,114,24,113,42,18,27" hai2="38,20,0,9,12,118,65,37,90,95,52,107,89" hai3="75,72,57,92,55,130,1,8,134,45,98,67,99"/><T5/><D122/><U119/><E3/><V33/><F33/><W70/><G70/><T15/><D39/><U123/><E123/><V120/><F107/><W135/><G67/><T6/><D105/><U101/><E119/><V117/><F65/><W46/><G8/><T29/><D132/><N who="3" m="50729" /><G1/><T19/><D126/><U58/><E66/><V62/><F120/><W26/><G26/><T110/><D29/><U127/><E127/><V125/><F20/><W133/><N who="3" m="50737" /><W87/><DORA hai="88" /><G87/><T36/><D36/><U82/><E24/><V59/><F0/><W14/><G14/><T96/><D96/><U86/><E27/><V102/><F125/><W115/><G99/><T49/><D49/><U68/><E68/><V31/><F31/><W79/><G115/><T28/><D28/><U35/><E30/><V131/><F37/><W13/><G13/><T128/><D64/><U44/><E35/><V93/><F38/><W50/><G130/><T80/><D15/><U106/><E114/><V2/><F2/><W17/><G17/><T83/><D84/><U10/><E18/><N who="2" m="8463" /><F131/><AGARI ba="0,0" hai="5,6,16,19,60,63,77,78,80,83,108,110,128,131" machi="131" ten="25,4800,0" yaku="22,2,54,1" doraHai="85,88" who="0" fromWho="2" sc="250,48,250,0,250,-48,250,0" /><INIT seed="0,1,0,5,3,5" ten="298,250,202,250" oya="0" hai0="120,92,96,112,127,19,124,132,98,69,104,10,94" hai1="52,66,84,34,16,123,7,125,82,77,74,87,70" hai2="121,27,131,109,95,49,21,122,47,36,62,133,114" hai3="1,113,33,110,14,103,6,17,51,90,43,108,15"/><T24/><D112/><U79/><E34/><V41/><F114/><W76/><G113/><T134/><D69/><U65/><E123/><V75/><F109/><N who="3" m="42091" /><G33/><T57/><D120/><U85/><E125/><N who="0" m="48201" /><D24/><U38/><E38/><V71/><F75/><W107/><G76/><T29/><D29/><U0/><E77/><V93/><F133/><N who="0" m="51306" /><D57/><U46/><E70/><V117/><F117/><W42/><G1/><T106/><D19/><U97/><E16/><V116/><F116/><W28/><G28/><T9/><D94/><U67/><E0/><V63/><F121/><W37/><G17/><T44/><D44/><U8/><E46/><V53/><F122/><W128/><G6/><T48/><D48/><U20/><E7/><V130/><F93/><W68/><G51/><T88/><D98/><U61/><E97/><V64/><F95/><W102/><G68/><T50/><D50/><U39/><E39/><V89/><F63/><W99/><G37/><T56/><D56/><U86/><E61/><V55/><F89/><W59/><G59/><T135/><N who="0" m="51314" /><T105/><AGARI ba="1,0" hai="9,10,88,92,96,104,105,106" m="51314,48201" machi="105" ten="50,18000,2" yaku="4,1,18,1,20,1,52,2,54,1" doraHai="5" who="0" fromWho="0" sc="298,183,250,-61,202,-61,250,-61" /><INIT seed="0,2,0,4,2,119" ten="481,189,141,189" oya="0" hai0="31,129,25,75,11,94,26,118,4,48,108,105,89" hai1="9,61,17,13,55,73,134,7,93,14,45,46,133" hai2="28,52,98,116,91,120,16,95,132,128,96,131,47" hai3="115,23,5,49,117,57,121,68,35,90,127,2,3"/><T122/><D118/><U50/><E73/><V0/><F0/><W85/><G68/><T51/><D129/><N who="2" m="49738" /><F28/><W56/><G35/><T100/><D75/><U79/><E79/><V6/><F6/><W82/><G117/><T18/><D18/><U74/><E74/><V10/><F132/><N who="1" m="50793" /><E61/><V41/><F116/><W42/><G115/><T76/><D76/><U104/><E104/><V62/><F41/><W124/><G23/><T106/><D108/><U32/><E32/><V22/><F10/><W113/><G113/><T92/><D11/><N who="1" m="6335" /><E93/><V64/><F64/><W21/><G5/><T88/><D4/><U107/><E107/><V8/><F8/><W102/><G3/><T33/><D33/><U19/><E7/><V34/><F34/><W114/><G2/><T1/><D1/><U81/><E81/><V135/><F135/><W123/><G21/><T24/><D24/><U59/><AGARI ba="2,0" hai="9,14,19,45,46,50,55,59" m="6335,50793" machi="59" ten="30,1100,0" yaku="20,1" doraHai="119" who="1" fromWho="1" sc="481,-7,189,17,141,-5,189,-5" /><INIT seed="1,0,0,1,1,51" ten="474,206,136,184" oya="1" hai0="94,90,57,120,55,20,80,111,79,60,81,97,92" hai1="49,125,66,7,46,48,126,85,76,50,106,23,124" hai2="116,37,108,105,32,70,59,99,89,114,122,64,82" hai3="17,88,109,13,86,73,93,36,132,67,78,2,74"/><U83/><E106/><V65/><F116/><W135/><G2/><T42/><D111/><U68/><E7/><V117/><F117/><W47/><G67/><T53/><D120/><U87/><E23/><V43/><F70/><W35/><G35/><T9/><D42/><U14/><E14/><V3/><F3/><W119/><G119/><T19/><D79/><U34/><E34/><V123/><F32/><W27/><G27/><N who="0" m="14751" /><D9/><U25/><E25/><V61/><F105/><W134/><G78/><T115/><D115/><U104/><E104/><V29/><F29/><W91/><G91/><N who="0" m="55455" /><D55/><N who="1" m="30103" /><E85/><AGARI ba="0,0" hai="53,57,60,80,81,85,90,94" m="55455,14751" machi="85" ten="30,3900,0" yaku="25,1,8,1,52,1" doraHai="51" who="0" fromWho="1" sc="474,39,206,-39,136,0,184,0" /><INIT seed="2,0,0,2,4,20" ten="513,167,136,184" oya="2" hai0="78,2,55,106,50,104,125,127,124,43,117,126,26" hai1="76,39,81,102,64,122,71,27,116,11,25,113,103" hai2="132,52,98,53,93,6,110,87,130,83,17,80,46" hai3="51,89,1,67,47,95,120,111,29,94,100,121,66"/><V36/><F130/><W22/><G1/><T28/><D126/><U135/><E39/><V131/><F131/><W112/><G111/><T65/><D117/><U8/><E113/><V30/><F6/><W13/><G112/><T107/><D2/><U128/><E116/><V61/><F110/><W41/><G120/><T18/><D65/><U74/><E128/><V21/><F132/><W57/><G121/><T7/><D7/><U118/><E118/><V96/><F30/><W108/><G108/><T12/><D78/><U72/><E72/><V97/><F36/><W69/><G69/><T38/><D43/><U14/><E122/><V115/><F115/><W16/><G29/><T4/><D4/><U105/><E8/><V134/><F134/><W9/><G100/><T58/><D38/><U0/><E0/><V59/><F93/><N who="3" m="35339" /><G89/><T23/><D106/><U10/><E105/><V54/><F46/><W101/><G101/><N who="1" m="38410" /><E10/><AGARI ba="0,0" hai="10,12,18,23,26,28,50,55,58,104,107,124,125,127" machi="10" ten="40,2600,0" yaku="18,1,52,1" doraHai="20" who="0" fromWho="1" sc="513,26,167,-26,136,0,184,0" /><INIT seed="3,0,0,1,4,135" ten="539,141,136,184" oya="3" hai0="126,3,52,56,89,134,13,11,27,53,7,77,120" hai1="14,31,85,22,97,73,86,41,113,37,102,71,87" hai2="105,59,68,124,54,118,127,8,39,128,51,23,103" hai3="5,83,20,90,19,131,109,78,95,121,72,2,91"/><W75/><G5/><T106/><D126/><N who="2" m="48170" /><F118/><W33/><G2/><T112/><D134/><U35/><E71/><V61/><F128/><W81/><G33/><T116/><D120/><U15/><E73/><V99/><F39/><W114/><G20/><T62/><D116/><U110/><E35/><V63/><F68/><W12/><G12/><N who="1" m="4650" /><E37/><V21/><F8/><W74/><G19/><T80/><D112/><U84/><E113/><V115/><F115/><W50/><G50/><T44/><D106/><U67/><E110/><V101/><F103/><W133/><G109/><T16/><D89/><U47/><E67/><N who="2" m="39359" /><F63/><W130/><G133/><T49/><D27/><N who="1" m="16887" /><E41/><V0/><F0/><W42/><G42/><T82/><D77/><U40/><E40/><V57/><AGARI ba="0,0" hai="21,23,51,54,57,99,101,105" m="39359,48170" machi="57" ten="30,7900,0" yaku="18,1,52,3" doraHai="135" who="2" fromWho="2" sc="539,-20,141,-20,136,79,184,-39" owari="519,61.9,121,-37.9,215,1.5,145,-25.5" /></mjloggm>