<mjloggm ver="2.3"><GO type="225" lobby="0"/><UN n0="%E3%82%BC%E3%83%AB%E3%83%80%E3%81%AE%E4%BC%9D%E8%AA%AC" n1="%43%68%65" n2="%E6%81%A5%E6%99%92%E3%81%97" n3="%E9%80%86%E9%80%A3%E5%B8%AF%E3%81%AE%E9%AC%BC" dan="17,16,16,17" rate="2179.19,2115.51,2149.52,2143.98" sx="M,M,M,M"/><TAIKYOKU oya="0"/><INIT seed="0,0,0,4,2,54" ten="250,250,250,250" oya="0" hai0="8,66,48,80,22,29,88,53,39,93,81,69,43" hai1="83,132,15,127,50,118,0,97,65,30,2,100,112" hai2="47,95,128,71,21,5,120,4,56,75,31,123,7" hai3="17,98,32,74,126,16,25,42,11,18,108,20,10"/><T116/><D116/><U33/><E118/><V106/><F106/><W92/><G74/><T135/><D135/><U19/><E132/><V23/><F71/><W9/><G108/><T119/><D119/><U64/><E127/><V130/><F75/><W36/><G32/><T102/><D102/><U73/><E112/><V117/><F47/><W79/><G126/><T41/><D69/><U24/><E50/><V111/><F117/><W40/><G79/><T82/><D66/><U44/><E44/><V109/><F95/><W84/><G84/><N who="0" m="52359" /><D39/><U63/><E83/><V122/><F56/><W60/><G60/><T134/><D8/><U78/><E78/><V104/><F104/><W91/><REACH who="3" step="1"/><G36/><REACH who="3" ten="250,250,250,240" step="2"/><T62/><D62/><U103/><E73/><V26/><F23/><W1/><G1/><T76/><D76/><U124/><E124/><V72/><F72/><W3/><G3/><T89/><D134/><U67/><E2/><V113/><F113/><W86/><G86/><N who="0" m="50375" /><D81/><U46/><E0/><V14/><F14/><W6/><G6/><T58/><D82/><U35/><E35/><V68/><F68/><W115/><G115/><T101/><D101/><N who="1" m="38987" /><E63/><V129/><AGARI ba="0,1" hai="4,5,7,21,26,31,109,111,120,122,123,128,129,130" machi="129" ten="50,12000,2" yaku="0,1,29,2,19,1,34,3" doraHai="54" who="2" fromWho="2" sc="250,-60,250,-30,250,130,240,-30" /><INIT seed="1,0,0,2,4,36" ten="190,220,380,210" oya="1" hai0="68,88,62,96,92,8,19,54,105,93,27,64,101" hai1="53,58,74,17,114,48,38,2,116,0,78,31,73" hai2="110,131,22,10,13,86,24,55,77,37,71,61,65" hai3="104,134,125,50,42,7,128,94,90,126,106,47,72"/><U135/><E114/><V11/><F110/><W112/><G112/><T6/><D54/><U32/><E116/><V122/><F131/><W113/><G113/><T91/><D93/><U28/><E135/><V117/><F122/><W133/><G72/><T123/><D123/><U119/><E119/><V100/><F117/><W60/><G128/><T76/><D76/><U85/><E38/><V87/><F37/><W69/><G7/><T129/><D129/><U44/><E74/><V49/><F100/><W67/><G106/><T130/><D130/><U75/><E75/><V9/><F13/><W1/><G1/><T82/><D82/><U12/><E73/><V97/><F97/><W79/><G79/><T5/><D91/><U63/><E32/><V108/><F108/><W46/><G46/><T121/><D121/><U89/><E78/><V124/><F124/><N who="3" m="47723" /><G104/><T111/><D111/><U25/><E25/><V23/><F77/><W45/><G45/><T4/><D27/><U43/><E2/><V95/><F24/><W109/><G109/><T70/><D70/><U14/><E0/><V52/><F87/><AGARI ba="0,0" hai="42,47,50,60,67,69,87,90,94,133,134" m="47723" machi="87" ten="30,2000,0" yaku="18,1,52,1" doraHai="36" who="3" fromWho="2" sc="190,0,220,0,380,-20,210,20" /><INIT seed="2,0,0,2,1,80" ten="190,220,360,230" oya="2" hai0="0,128,74,34,119,17,36,129,37,126,101,45,54" hai1="61,60,89,87,78,118,8,55,111,50,102,2,107" hai2="52,95,62,21,93,84,106,132,135,14,59,28,98" hai3="86,76,16,103,65,4,123,46,38,49,104,57,56"/><V134/><F106/><W109/><G123/><T96/><D34/><U81/><E118/><V13/><F95/><W42/><G109/><T24/><D0/><U40/><E111/><V72/><F72/><W110/><G110/><T116/><D24/><U26/><E40/><V108/><F108/><W124/><G124/><T44/><D17/><U11/><E26/><N who="2" m="16463" /><F98/><W66/><G4/><T115/><D74/><U113/><E113/><V121/><F121/><W5/><G5/><T100/><D96/><U82/><E107/><V77/><F93/><W114/><G114/><T53/><REACH who="0" step="1"/><D115/><REACH who="0" ten="180,220,360,230" step="2"/><U70/><E2/><V69/><F132/><W9/><G16/><T133/><D133/><U19/><E19/><V131/><F134/><W130/><G104/><T32/><D32/><U79/><E102/><V68/><F13/><W15/><G103/><T29/><D29/><U71/><E8/><V125/><F14/><W48/><G15/><T88/><D88/><U1/><E11/><V35/><F35/><W117/><G9/><T58/><D58/><N who="1" m="33143" /><E1/><V25/><F25/><W41/><G57/><T67/><D67/><U112/><E112/><V97/><F59/><W20/><G56/><T99/><D99/><U7/><E7/><V73/><F97/><W33/><G66/><T39/><D39/><U83/><E71/><V47/><F69/><W122/><G65/><T105/><D105/><U120/><E120/><V85/><F68/><W91/><G33/><T43/><D43/><U63/><E70/><V90/><F135/><W51/><G122/><T6/><D6/><U94/><AGARI ba="0,1" hai="60,61,63,78,79,81,82,83,87,89,94" m="33143" machi="94" ten="30,4000,0" yaku="5,1,8,1,52,1" doraHai="80" who="1" fromWho="1" sc="180,-10,220,50,360,-20,230,-10" /><INIT seed="3,0,0,2,5,83" ten="170,270,340,220" oya="3" hai0="90,75,132,126,5,94,52,1,50,67,65,34,22" hai1="41,124,70,74,40,33,99,3,11,48,109,107,49" hai2="2,87,43,6,118,68,58,116,77,23,95,14,12" hai3="112,96,86,104,46,128,13,89,71,19,102,25,103"/><W55/><G112/><T36/><D34/><U110/><E74/><V38/><F68/><W64/><G128/><T88/><D36/><U7/><E70/><V81/><F2/><W31/><G103/><T131/><D75/><U84/><E33/><V21/><F38/><W9/><G71/><T56/><D131/><U106/><E84/><V134/><F134/><W0/><G0/><T72/><D72/><U30/><E30/><V85/><F43/><N who="1" m="16457" /><E124/><V26/><F23/><W120/><G64/><T119/><D119/><U105/><E99/><V63/><F6/><W47/><G55/><T125/><D132/><U53/><E53/><N who="2" m="34255" /><F116/><W27/><G120/><T117/><D117/><U135/><E135/><V130/><F130/><W108/><G108/><AGARI ba="0,0" hai="3,7,11,48,49,105,106,107,108,109,110" m="16457" machi="108" ten="40,1300,0" yaku="14,1" doraHai="83" who="1" fromWho="3" sc="170,0,270,13,340,0,220,-13" owari="170,-33.0,283,8.3,340,44.0,207,-19.3" /></mjloggm>