<mjloggm ver="2.3"><GO type="225" lobby="0"/><UN n0="%EF%BC%AE%EF%BC%A1%EF%BC%AF%33%33%39" n1="%E3%81%8B%E3%82%8F%E3%81%A1%E3%82%83%E3%82%93%35%38" n2="%6B%69%72%61%64%6F%6B%69" n3="%E3%81%BF%E3%81%BF%E3%81%9A" dan="16,16,16,17" rate="2190.28,2150.99,2171.81,2204.84" sx="M,M,M,M"/><TAIKYOKU oya="0"/><INIT seed="0,0,0,5,2,30" ten="250,250,250,250" oya="0" hai0="36,6,56,51,111,23,116,94,7,89,67,99,76" hai1="108,44,25,60,10,104,115,24,21,90,124,62,132" hai2="18,39,92,48,70,69,100,50,65,61,0,20,11" hai3="77,85,17,75,54,71,134,72,4,28,128,22,79"/><T47/><D116/><U57/><E104/><V43/><F70/><W53/><G71/><T98/><D36/><U29/><E108/><V78/><F78/><N who="3" m="29707" /><G75/><T103/><D111/><U45/><E124/><V93/><F39/><W5/><G72/><T16/><D76/><U129/><E129/><V81/><F81/><W8/><G128/><T34/><D34/><U40/><E132/><V19/><F43/><W86/><G28/><T42/><D56/><U37/><E115/><V59/><F100/><W1/><G1/><T32/><D32/><U135/><E135/><V2/><F2/><W31/><G31/><T33/><D33/><U80/><E45/><V127/><F127/><W101/><G101/><T112/><D67/><U68/><E68/><V12/><F0/><W66/><G66/><T91/><D112/><U83/><E25/><V131/><F131/><W41/><G8/><T84/><D99/><U9/><E60/><V73/><F73/><W15/><G41/><T95/><REACH who="0" step="1"/><D103/><REACH who="0" ten="240,250,250,250" step="2"/><U121/><E57/><V106/><F69/><W26/><G134/><T126/><D126/><U88/><E90/><V117/><F117/><W46/><G86/><T87/><D87/><U119/><E88/><V96/><F65/><W63/><G85/><T55/><D55/><N who="3" m="21001" /><G46/><T110/><D110/><U97/><E119/><V122/><F59/><W102/><G102/><T120/><D120/><U64/><E121/><V38/><F122/><W82/><G63/><T58/><D58/><N who="1" m="36951" /><E97/><V14/><F38/><W113/><G113/><T118/><D118/><U35/><E35/><V109/><F96/><RYUUKYOKU ba="0,1" sc="240,15,250,15,250,-15,250,-15" hai0="6,7,16,23,42,47,51,84,89,91,94,95,98" hai1="9,10,21,24,29,37,40,44,80,83" /><INIT seed="0,1,1,0,2,130" ten="255,265,235,235" oya="0" hai0="11,31,5,135,125,40,34,21,76,62,47,73,35" hai1="87,124,15,28,127,38,9,39,133,104,94,22,75" hai2="16,36,48,85,121,59,72,81,105,77,116,58,111" hai3="106,98,18,0,126,1,131,65,45,99,80,84,46"/><T82/><D125/><N who="1" m="48203" /><E104/><V102/><F121/><W70/><G126/><T97/><D97/><U74/><E133/><V37/><F111/><W86/><G131/><T54/><D135/><U41/><E41/><V119/><F102/><W26/><G70/><T101/><D101/><U103/><E22/><V120/><F105/><W33/><G65/><T44/><D21/><U10/><E28/><V91/><F120/><W79/><G0/><T89/><D89/><N who="1" m="53567" /><E9/><V55/><F58/><W60/><G106/><T68/><D31/><U108/><E103/><V78/><F78/><W12/><G33/><T29/><D29/><U6/><E108/><V63/><F63/><W67/><G1/><T53/><D35/><U13/><E13/><V114/><F114/><W92/><G26/><T122/><D34/><U109/><E109/><V66/><F66/><W117/><G117/><N who="2" m="45129" /><F16/><W32/><G32/><T107/><D107/><U132/><E132/><V27/><F27/><W129/><G129/><T71/><D122/><U2/><E2/><V30/><F30/><W128/><G128/><T64/><D71/><U115/><E115/><V96/><F96/><N who="3" m="36907" /><G67/><T69/><D69/><U42/><E42/><V61/><F61/><W14/><G60/><T112/><D112/><U56/><E56/><V93/><AGARI ba="1,1" hai="36,37,48,55,59,72,77,81,85,91,93" m="45129" machi="93" ten="30,1100,0" yaku="12,1" doraHai="130" who="2" fromWho="2" sc="255,-6,265,-4,235,24,235,-4" /><INIT seed="1,0,0,5,4,80" ten="249,261,259,231" oya="1" hai0="16,88,29,24,98,116,35,100,47,46,85,33,120" hai1="111,13,12,57,45,7,1,61,73,135,32,118,87" hai2="75,84,93,94,59,64,18,62,86,3,76,44,55" hai3="71,20,102,92,107,11,4,89,125,119,95,37,66"/><U40/><E73/><V72/><F3/><W83/><G37/><T19/><D116/><U53/><E118/><V81/><F75/><W15/><G119/><T104/><D35/><U99/><E32/><V109/><F109/><W28/><G125/><T8/><D120/><U17/><E135/><V133/><F133/><W132/><G132/><T127/><D127/><U74/><E74/><V63/><F44/><W43/><G43/><T9/><D9/><U41/><E111/><V0/><F0/><W27/><G107/><T70/><D70/><U106/><E1/><V49/><F63/><W131/><G131/><T14/><D19/><U126/><E126/><V65/><F65/><W50/><G102/><T48/><D48/><U114/><E114/><V42/><F42/><W79/><G50/><T30/><D30/><U129/><E129/><V2/><F2/><W112/><G112/><T77/><D77/><U31/><E31/><V130/><F130/><W115/><G115/><T21/><D33/><U108/><E108/><V6/><F6/><W23/><G23/><T105/><D105/><U123/><E123/><V26/><F72/><N who="3" m="43495" /><G71/><T10/><D10/><N who="1" m="4191" /><E45/><N who="2" m="28079" /><F84/><N who="3" m="52263" /><G66/><T101/><D101/><N who="1" m="62783" /><E87/><V91/><F76/><W97/><G97/><T124/><D124/><U39/><E39/><V122/><F122/><W5/><G4/><T36/><D36/><U25/><E13/><V78/><F78/><W110/><G110/><T82/><AGARI ba="0,0" hai="8,14,16,21,24,29,46,47,82,85,88,98,100,104" machi="82" ten="20,8000,1" yaku="0,1,7,1,52,1,54,2" doraHai="80" who="0" fromWho="0" sc="249,80,261,-40,259,-20,231,-20" /><INIT seed="2,0,0,3,5,61" ten="329,221,239,211" oya="2" hai0="80,9,121,19,74,28,47,119,3,37,44,14,64" hai1="0,58,124,56,15,16,59,35,65,82,13,83,101" hai2="114,54,21,22,94,52,93,73,5,115,46,72,105" hai3="17,33,133,117,40,48,51,96,123,31,32,102,66"/><V36/><F5/><W45/><G117/><T103/><D121/><U109/><E35/><V70/><F70/><W97/><G123/><T126/><D37/><U62/><E0/><V108/><F105/><W95/><G133/><T67/><D103/><U81/><E109/><V76/><F36/><W131/><G131/><T53/><D3/><U26/><E124/><V100/><F100/><W98/><G66/><T42/><D42/><U25/><E13/><V43/><F43/><W10/><G51/><T71/><D71/><U68/><REACH who="1" step="1"/><E101/><REACH who="1" ten="329,211,239,211" step="2"/><V6/><F108/><W111/><G111/><T125/><D125/><U87/><E87/><V49/><F114/><W23/><G32/><T12/><D126/><U85/><E85/><V88/><F115/><W57/><G33/><T128/><D14/><U135/><E135/><V63/><F73/><W127/><G127/><T79/><D119/><U20/><AGARI ba="0,1" hai="15,16,20,25,26,56,58,59,62,65,68,81,82,83" machi="20" ten="30,8000,1" yaku="1,1,0,1,52,1,54,1,53,1" doraHai="61" doraHaiUra="11" who="1" fromWho="1" sc="329,-20,211,90,239,-40,211,-20" /><INIT seed="3,0,0,4,2,99" ten="309,301,199,191" oya="3" hai0="3,96,133,58,121,94,18,120,11,85,8,77,102" hai1="93,73,123,89,109,12,97,55,10,117,40,81,48" hai2="86,5,20,126,31,131,108,84,9,122,115,34,106" hai3="105,43,57,92,19,49,82,33,110,87,100,0,26"/><W130/><G0/><T134/><D58/><U22/><E123/><V70/><F115/><W23/><G130/><T16/><D121/><U1/><E1/><V114/><F114/><W112/><G112/><T68/><D68/><U111/><E117/><V21/><F122/><W50/><G110/><N who="1" m="41994" /><E22/><V79/><F108/><W98/><G43/><T91/><D77/><N who="1" m="44207" /><E40/><V95/><F20/><W124/><G124/><T72/><D72/><U30/><E30/><V75/><F21/><W2/><G2/><T35/><D35/><U101/><E89/><V135/><F31/><W42/><G33/><T15/><D120/><U44/><E12/><V61/><F34/><W80/><G105/><T28/><D28/><U60/><E60/><V53/><F61/><W132/><G132/><N who="0" m="50795" /><D3/><U41/><E41/><V118/><F135/><W24/><G26/><T119/><D119/><U107/><E10/><N who="0" m="3625" /><D15/><U4/><E4/><V69/><F5/><W54/><REACH who="3" step="1"/><G87/><REACH who="3" ten="309,301,199,181" step="2"/><T125/><D125/><U74/><E74/><V78/><F75/><W47/><AGARI ba="0,1" hai="19,23,24,42,47,49,50,54,57,80,82,92,98,100" machi="47" ten="30,18000,2" yaku="1,1,2,1,0,1,8,1,52,1,53,1" doraHai="99" doraHaiUra="88" who="3" fromWho="3" sc="309,-60,301,-60,199,-60,181,190" owari="249,4.9,241,-15.9,139,-36.1,371,47.1" /></mjloggm>