<mjloggm ver="2.3"><GO type="225" lobby="0"/><UN n0="%4E%6F%2E%30%30%30%31" n1="%E3%83%96%E3%83%83%E3%83%91%E3%82%AA%E3%83%96%E3%83%81%E3%82%AD%E3%83%B3" n2="%70%68%65%6E%6F%6D%65" n3="%E3%83%B4%E3%83%A0%EF%BC%99%E3%81%A6" dan="18,16,16,17" rate="2233.49,2204.12,2155.55,2137.52" sx="M,M,M,M"/><TAIKYOKU oya="0"/><INIT seed="0,0,0,3,0,16" ten="250,250,250,250" oya="0" hai0="37,50,18,3,124,91,10,22,114,70,97,64,84" hai1="49,21,1,85,24,79,89,0,14,100,129,92,19" hai2="101,87,15,59,12,62,88,131,68,94,44,41,125" hai3="96,98,105,95,135,82,26,128,75,132,30,8,111"/><T47/><D114/><U33/><E129/><V108/><F131/><W103/><G128/><T7/><D37/><U39/><E39/><V130/><F130/><W112/><G8/><T116/><D124/><U58/><E79/><V43/><F125/><W99/><G112/><T34/><D34/><U53/><REACH who="1" step="1"/><E100/><REACH who="1" ten="250,240,250,250" step="2"/><V127/><F127/><W117/><G117/><T78/><D116/><U115/><E115/><V46/><F101/><W35/><G111/><T42/><D78/><U36/><E36/><V23/><F108/><W107/><G103/><T121/><D121/><U109/><E109/><V74/><F74/><W73/><G73/><T110/><D110/><U61/><E61/><V17/><F68/><W69/><G69/><T118/><D118/><U54/><E54/><N who="2" m="34167" /><F41/><W27/><G75/><T48/><D70/><U76/><E76/><V55/><F43/><W40/><G40/><T57/><D64/><U63/><E63/><V113/><F113/><W11/><G132/><T104/><D48/><U9/><E9/><V102/><F102/><W20/><G11/><T29/><D42/><U66/><E66/><V126/><F126/><W31/><G135/><T133/><D133/><U90/><E90/><V6/><F55/><W106/><G95/><T5/><D50/><U86/><E86/><V71/><F71/><W45/><G82/><T77/><D84/><U51/><E51/><V2/><F2/><W123/><G123/><T52/><D77/><U81/><E81/><V25/><F6/><W28/><G98/><T83/><D97/><U80/><E80/><V13/><AGARI ba="0,1" hai="12,13,15,17,23,25,44,46,87,88,94" m="34167" machi="13" ten="30,7900,0" yaku="5,1,8,1,52,1,54,1" doraHai="16" who="2" fromWho="2" sc="250,-39,240,-20,250,89,250,-20" /><INIT seed="1,0,0,1,3,23" ten="211,220,339,230" oya="1" hai0="99,118,49,42,84,34,20,92,96,14,21,106,76" hai1="17,62,85,44,59,48,54,125,66,61,95,111,45" hai2="103,10,38,65,117,67,100,57,74,104,0,68,116" hai3="131,5,4,121,12,27,13,128,71,75,29,53,89"/><U50/><E125/><V109/><F68/><W58/><G71/><T129/><D118/><U77/><E111/><V73/><F38/><W94/><G75/><T51/><D34/><U124/><E124/><V37/><F37/><W86/><G121/><T60/><D129/><N who="3" m="49737" /><G4/><T87/><D106/><U32/><E32/><V135/><F104/><W98/><G5/><T101/><D60/><U33/><E33/><V19/><F57/><W119/><G86/><T79/><D14/><U52/><E62/><V2/><F19/><W108/><G108/><T78/><D42/><U6/><E6/><V40/><F40/><W64/><G64/><T30/><D30/><U43/><E43/><V113/><F109/><W70/><G70/><T72/><D72/><U8/><E77/><V114/><REACH who="2" step="1"/><F10/><REACH who="2" ten="211,220,329,230" step="2"/><W93/><G119/><T123/><D123/><U22/><E8/><V120/><F120/><W28/><G28/><T91/><D79/><U83/><E95/><V15/><F15/><W130/><G93/><T133/><D92/><U107/><E107/><V56/><F56/><W122/><G122/><T26/><D76/><N who="1" m="46311" /><E17/><V35/><F35/><N who="3" m="20927" /><G130/><T9/><D78/><U115/><E115/><V46/><F46/><W80/><G80/><T102/><D9/><U3/><E3/><V36/><F36/><W126/><G126/><T63/><D133/><AGARI ba="0,1" hai="0,2,65,67,73,74,100,103,113,114,116,117,133,135" machi="133" ten="25,3200,0" yaku="1,1,22,2,53,0" doraHai="23" doraHaiUra="24" who="2" fromWho="0" sc="211,-32,220,0,329,42,230,0" /><INIT seed="2,0,0,0,3,116" ten="179,220,371,230" oya="2" hai0="67,69,93,113,14,40,73,61,45,112,59,3,36" hai1="33,7,27,47,76,34,16,132,70,135,13,128,114" hai2="8,75,5,52,66,22,81,25,62,74,88,106,119" hai3="12,4,87,56,130,96,94,21,122,68,35,60,90"/><V51/><F106/><W26/><G122/><T24/><D3/><U99/><E70/><V86/><F119/><W1/><G1/><T41/><D73/><U50/><E76/><V43/><F43/><W89/><G130/><T80/><D80/><U72/><E72/><V49/><F49/><W30/><G68/><T117/><D117/><U98/><E114/><V125/><F125/><W115/><G115/><T109/><D109/><U103/><E128/><V134/><F134/><N who="1" m="51241" /><E27/><V19/><F62/><W15/><G4/><T77/><D77/><U65/><E7/><V121/><F66/><W124/><G35/><N who="1" m="13322" /><E103/><V100/><F100/><W110/><G110/><T101/><D69/><U23/><E65/><V0/><F121/><W32/><G32/><T46/><D24/><U104/><E104/><V55/><REACH who="2" step="1"/><F55/><AGARI ba="0,0" hai="13,16,23,47,50,55,98,99" m="13322,51241" machi="55" ten="30,2000,0" yaku="20,1,54,1" doraHai="116" who="1" fromWho="2" sc="179,0,220,20,371,-20,230,0" /><INIT seed="3,0,0,2,2,90" ten="179,240,351,230" oya="3" hai0="83,43,127,81,135,1,107,62,86,84,77,68,106" hai1="109,120,128,70,40,6,126,33,26,113,21,47,87" hai2="37,59,71,4,73,89,30,101,24,115,91,78,105" hai3="133,48,3,74,34,29,96,69,110,42,72,97,85"/><W76/><G3/><T2/><D127/><U98/><E120/><V60/><F71/><W49/><G69/><T130/><D130/><U123/><E113/><V122/><F37/><W10/><G10/><T100/><D135/><U64/><E109/><V46/><F4/><W103/><G133/><T57/><D68/><U58/><E126/><V134/><F46/><W75/><G110/><T41/><D100/><U67/><E128/><V11/><F11/><W114/><G114/><T124/><D124/><U94/><E123/><V53/><F115/><W5/><G5/><T19/><D19/><U112/><E33/><V82/><F122/><W88/><G76/><T13/><D13/><U125/><E6/><V118/><F118/><W23/><G34/><T79/><D57/><U38/><E70/><V8/><F8/><W35/><G35/><T39/><REACH who="0" step="1"/><D39/><REACH who="0" ten="169,240,351,230" step="2"/><N who="1" m="21919" /><E58/><V52/><F59/><W63/><G103/><T18/><D18/><N who="1" m="12599" /><E38/><V117/><F101/><W9/><G72/><T104/><D104/><U80/><E125/><V56/><F105/><W22/><G74/><T54/><D54/><U111/><E112/><V132/><F53/><W93/><G75/><T92/><D92/><U50/><E111/><V116/><F132/><W16/><G93/><T66/><D66/><U108/><E67/><V119/><F134/><W32/><G16/><T14/><D14/><U15/><E15/><V28/><F117/><W65/><G65/><T36/><D36/><U129/><E64/><V55/><F116/><W7/><G7/><T99/><D99/><U102/><E98/><V27/><F119/><RYUUKYOKU ba="0,1" sc="169,30,240,-10,351,-10,230,-10" hai0="1,2,41,43,62,77,79,81,83,84,86,106,107" owari="199,-30.1,230,3.0,351,45.1,220,-18.0" /></mjloggm>