<mjloggm ver="2.3"><GO type="225" lobby="0"/><UN n0="%E3%83%96%E3%83%83%E3%83%91%E3%82%AA%E3%83%96%E3%83%81%E3%82%AD%E3%83%B3" n1="%E3%81%95%E3%81%8D%E3%81%9F%E3%81%BE%E6%9E%97%E6%AA%8E" n2="%E3%81%BF%E3%81%BF%E3%81%9A" n3="%E6%9C%88%E5%B3%B6%E5%9F%BA" dan="16,16,17,18" rate="2131.41,2119.80,2278.92,2198.23" sx="M,M,M,M"/><TAIKYOKU oya="0"/><INIT seed="0,0,0,3,0,135" ten="250,250,250,250" oya="0" hai0="104,47,84,120,63,127,52,25,27,73,66,22,13" hai1="24,2,23,103,16,114,101,134,91,12,74,130,125" hai2="45,4,9,86,15,38,65,40,122,109,105,72,55" hai3="75,43,78,5,42,50,31,133,112,115,6,44,82"/><T124/><D120/><U20/><E74/><V111/><F72/><W48/><G133/><T26/><D73/><U80/><E134/><V1/><F122/><W62/><G31/><T83/><D104/><U100/><E2/><V79/><F65/><W96/><G62/><T69/><D13/><U77/><E130/><V116/><F105/><W7/><G96/><T71/><D71/><U29/><E114/><V57/><F116/><W113/><REACH who="3" step="1"/><G44/><REACH who="3" ten="250,250,250,240" step="2"/><T110/><D110/><U18/><E29/><V61/><F1/><W35/><G35/><T34/><D34/><U131/><E131/><V92/><F111/><W39/><G39/><T87/><D22/><U59/><E23/><V49/><F109/><W99/><G99/><T102/><D102/><U88/><E20/><V107/><F107/><W67/><G67/><T54/><D47/><U97/><E97/><V129/><F129/><W41/><AGARI ba="0,1" hai="5,6,7,41,42,43,48,50,75,78,82,112,113,115" machi="41" ten="40,8000,1" yaku="1,1,0,1,29,2,53,0" doraHai="135" doraHaiUra="33" who="3" fromWho="3" sc="250,-40,250,-20,250,-20,240,90" /><INIT seed="1,0,0,1,1,124" ten="210,230,230,330" oya="1" hai0="11,94,5,34,78,27,101,118,85,36,106,69,107" hai1="89,26,54,88,38,12,42,96,114,60,86,44,134" hai2="7,127,131,132,51,116,6,75,29,77,1,24,47" hai3="100,110,123,74,90,62,102,71,128,121,92,59,67"/><U73/><E134/><V115/><F116/><W65/><G74/><T112/><D118/><U79/><E73/><V109/><F127/><W98/><G110/><T66/><D112/><U105/><E114/><V91/><F109/><W37/><G37/><T68/><D36/><U103/><E79/><V3/><F115/><W63/><G128/><T43/><D43/><U21/><E12/><V40/><F132/><W82/><REACH who="3" step="1"/><G82/><REACH who="3" ten="210,230,230,320" step="2"/><T104/><D104/><U18/><REACH who="1" step="1"/><E86/><REACH who="1" ten="210,220,230,320" step="2"/><V9/><F75/><W52/><G52/><T10/><D85/><U23/><E23/><V64/><F131/><W13/><G13/><T55/><D55/><U61/><E61/><V72/><F72/><W130/><G130/><T22/><D22/><U119/><E119/><V80/><F1/><W135/><G135/><T87/><D87/><U30/><E30/><V99/><F3/><W31/><G31/><T126/><D126/><U15/><E15/><V14/><F29/><W117/><G117/><T17/><D107/><U25/><E25/><V2/><F24/><W122/><AGARI ba="0,2" hai="59,62,63,65,67,71,90,92,98,100,102,121,122,123" machi="122" ten="30,2000,0" yaku="1,1,0,1,53,0" doraHai="124" doraHaiUra="32" who="3" fromWho="3" sc="210,-5,220,-10,230,-5,320,40" /><INIT seed="2,0,0,3,1,33" ten="205,210,225,360" oya="2" hai0="31,5,53,75,7,66,104,16,26,100,114,22,68" hai1="135,10,4,39,54,90,52,88,87,1,57,125,64" hai2="73,117,25,51,115,38,98,94,40,124,30,132,79" hai3="29,126,89,2,86,65,119,67,44,28,20,49,48"/><V18/><F117/><W34/><G2/><T80/><D114/><U43/><E64/><N who="3" m="24650" /><G34/><T113/><D113/><U41/><E39/><V101/><F115/><W35/><G35/><N who="0" m="20983" /><D53/><U118/><E118/><V96/><F124/><W128/><G128/><T58/><D58/><U95/><E125/><V81/><F132/><W103/><G126/><T14/><D80/><U45/><E135/><V32/><F38/><W121/><G121/><T91/><D91/><U61/><E90/><V50/><F40/><N who="3" m="24583" /><G103/><T120/><D75/><U131/><E131/><V0/><F0/><W83/><G119/><T12/><D14/><N who="1" m="5447" /><E45/><V116/><F116/><W6/><G6/><T59/><D120/><U84/><E1/><V47/><F47/><W82/><G49/><T24/><D12/><U71/><E71/><V85/><F73/><W129/><G83/><T133/><D133/><U123/><E123/><V97/><F51/><W55/><G55/><N who="1" m="21034" /><E84/><V46/><F50/><W8/><G8/><T13/><D13/><U134/><E134/><V37/><F46/><W92/><G82/><T111/><D68/><U56/><E61/><V109/><F37/><W122/><G122/><T60/><D111/><U110/><E110/><V127/><F109/><W69/><G69/><T70/><D70/><U74/><E74/><V99/><F127/><W62/><G62/><T27/><D27/><U76/><E76/><V36/><F36/><W42/><G42/><AGARI ba="0,0" hai="41,42,43,56,57,87,88,95" m="21034,5447" machi="42" ten="30,3900,0" yaku="8,1,54,2" doraHai="33" who="1" fromWho="3" sc="205,0,210,39,225,0,360,-39" /><INIT seed="3,0,0,2,0,35" ten="205,249,225,321" oya="3" hai0="28,9,11,15,98,72,68,52,130,100,95,116,55" hai1="132,90,101,64,13,36,106,30,80,49,97,25,63" hai2="73,110,86,128,16,104,119,84,53,127,60,93,125" hai3="76,39,40,1,81,123,41,96,87,38,5,129,89"/><W59/><G123/><T12/><D116/><U114/><E36/><V79/><F119/><W74/><G129/><T43/><D68/><N who="1" m="42015" /><E132/><V0/><F110/><W102/><G59/><T10/><D72/><U18/><E114/><V33/><F104/><N who="3" m="63559" /><G5/><N who="0" m="3119" /><D130/><U126/><E126/><N who="2" m="48139" /><F128/><W32/><G1/><T31/><D43/><N who="3" m="16457" /><G32/><T82/><D82/><U92/><E80/><N who="2" m="45167" /><F33/><W24/><G24/><T122/><D122/><U111/><E111/><V61/><F0/><W120/><G120/><T107/><D10/><U65/><E65/><V45/><F16/><W71/><G71/><T47/><D107/><U42/><E42/><V77/><F77/><W103/><G103/><T85/><D85/><N who="2" m="32874" /><F93/><AGARI ba="0,0" hai="38,39,74,76,81,87,89,93" m="16457,63559" machi="93" ten="30,1500,0" yaku="24,1" doraHai="35" who="3" fromWho="2" sc="205,0,249,0,225,-15,321,15" owari="205,-29.5,249,4.9,210,-19.0,336,43.6" /></mjloggm>