<mjloggm ver="2.3"><GO type="225" lobby="0"/><UN n0="%E3%83%A9%E3%82%B9%E7%8E%87%EF%BC%93%E5%89%B2" n1="%E6%9C%88%E5%B3%B6%E5%9F%BA" n2="%72%69%6F%75%63%68%61%6E" n3="%E3%83%A9%E3%83%BC%E3%83%A1%E3%83%B3%E4%BA%94%E9%83%8E" dan="17,18,16,16" rate="2198.60,2229.51,2126.63,2148.43" sx="F,M,M,M"/><TAIKYOKU oya="0"/><INIT seed="0,0,0,0,4,37" ten="250,250,250,250" oya="0" hai0="74,64,56,9,120,96,122,55,27,69,67,30,6" hai1="90,126,83,107,97,104,50,80,86,119,88,102,111" hai2="11,84,41,124,131,115,48,65,87,17,40,70,75" hai3="130,31,61,94,43,71,85,5,4,18,19,34,10"/><T24/><D74/><U117/><E111/><V116/><F115/><W33/><G130/><T51/><D27/><U79/><E50/><V123/><F123/><W95/><G31/><T81/><D69/><U22/><E22/><V93/><F75/><W101/><G71/><T108/><D108/><U44/><E44/><V127/><F131/><W1/><G61/><T92/><D81/><U13/><E13/><N who="2" m="7359" /><F48/><W45/><G5/><T77/><D77/><N who="1" m="46351" /><E126/><N who="2" m="48171" /><F116/><N who="1" m="44617" /><E107/><V59/><F70/><W46/><G34/><T134/><D122/><U128/><E128/><V3/><F3/><W8/><G33/><T89/><D120/><U82/><E82/><V121/><F121/><W99/><G46/><T62/><D51/><U39/><E39/><V110/><F110/><W26/><G26/><T132/><D24/><U113/><E113/><V7/><F7/><W54/><G10/><T36/><D36/><U25/><E25/><V16/><F16/><W68/><G18/><T58/><D30/><U52/><E52/><V47/><F47/><W2/><G54/><T14/><REACH who="0" step="1"/><D56/><REACH who="0" ten="240,250,250,250" step="2"/><U23/><E23/><V12/><F59/><W35/><G35/><T125/><D125/><U29/><E29/><V133/><F12/><W42/><G68/><T103/><D103/><U112/><E112/><V72/><F72/><AGARI ba="0,1" hai="72,79,83,88,90,97,102,104" m="44617,46351" machi="72" ten="30,3900,0" yaku="34,2,54,1" doraHai="37" who="1" fromWho="2" sc="240,0,250,49,250,-39,250,0" /><INIT seed="1,0,0,0,4,48" ten="240,299,211,250" oya="1" hai0="72,58,59,37,14,82,102,8,7,127,21,61,95" hai1="16,98,88,25,19,55,34,35,120,4,18,80,20" hai2="28,103,51,62,29,81,84,93,75,63,105,96,33" hai3="128,78,79,115,49,50,74,112,83,87,130,68,113"/><U67/><E120/><V56/><F75/><W111/><G68/><T41/><D127/><U40/><E35/><V1/><F1/><W6/><G6/><T99/><D37/><U100/><E34/><V38/><F38/><W107/><G111/><T27/><D41/><U54/><E40/><V114/><F114/><W52/><G107/><T110/><D110/><U85/><E67/><V135/><F135/><W69/><G69/><T9/><D9/><U101/><E4/><V44/><F105/><W2/><G2/><T104/><D104/><U109/><E109/><V15/><F15/><W57/><REACH who="3" step="1"/><G49/><REACH who="3" ten="240,299,211,240" step="2"/><T132/><D132/><U23/><E98/><V133/><F133/><W97/><G97/><T118/><D118/><U70/><E70/><V66/><F33/><W94/><G94/><T71/><D71/><U126/><E126/><V60/><F28/><W36/><G36/><T92/><D95/><U26/><E19/><V90/><REACH who="2" step="1"/><F29/><REACH who="2" ten="240,299,201,240" step="2"/><W122/><G122/><T10/><D99/><U5/><E5/><V121/><F121/><W45/><G45/><T125/><D7/><U134/><E134/><V116/><F116/><W0/><G0/><T89/><D125/><U65/><E18/><V106/><F106/><W46/><G46/><T42/><D92/><U119/><E16/><V86/><F86/><W3/><G3/><T31/><D31/><U13/><E85/><V24/><F24/><W76/><G76/><T124/><D27/><U11/><E26/><V129/><F129/><W131/><G131/><T91/><D124/><U123/><E25/><V64/><F64/><RYUUKYOKU ba="0,2" sc="240,-15,299,-15,201,15,240,15" hai2="44,51,56,60,62,63,66,81,84,90,93,96,103" hai3="50,52,57,74,78,79,83,87,112,113,115,128,130" /><INIT seed="2,1,2,4,1,94" ten="225,284,216,255" oya="2" hai0="81,47,101,25,116,134,1,13,77,32,15,121,46" hai1="17,131,74,104,114,111,119,51,9,89,86,112,110" hai2="124,14,99,107,39,115,34,45,53,62,73,29,40" hai3="122,19,90,31,67,128,24,57,35,44,68,30,88"/><V108/><F115/><W22/><G122/><T42/><D121/><U26/><E119/><V6/><F73/><W87/><G68/><T76/><D1/><U127/><E74/><V18/><F124/><W28/><G128/><T102/><D134/><U54/><E104/><V66/><F108/><N who="1" m="41513" /><E131/><V0/><F53/><W80/><G44/><T126/><D32/><U41/><E41/><V36/><F6/><W43/><G43/><T60/><D60/><U58/><E127/><V2/><F36/><W106/><G106/><T129/><D126/><U27/><E9/><V61/><F61/><N who="3" m="38319" /><G35/><T59/><D42/><U49/><E49/><V21/><F29/><W97/><G97/><T103/><D129/><U95/><E17/><V72/><F72/><W133/><G133/><T12/><D59/><U16/><E16/><V63/><F34/><W82/><G82/><T71/><D71/><U118/><E118/><V75/><F62/><W79/><AGARI ba="1,2" hai="19,22,24,28,30,31,79,80,87,88,90" m="38319" machi="79" ten="30,2000,0" yaku="8,1,54,1" doraHai="94" who="3" fromWho="3" sc="225,-6,284,-6,216,-11,255,43" /><INIT seed="3,0,0,3,2,82" ten="219,278,205,298" oya="3" hai0="22,55,4,114,39,127,129,131,110,11,66,122,135" hai1="70,24,54,111,57,130,25,8,16,133,5,79,80" hai2="85,74,35,71,52,68,9,56,81,93,46,121,28" hai3="14,64,58,115,40,126,105,76,117,124,132,116,97"/><W26/><G115/><T67/><D39/><U125/><E70/><V101/><F121/><W38/><G132/><T83/><D122/><U113/><E113/><V45/><F74/><W61/><G76/><T41/><D41/><U102/><E133/><V49/><F35/><W123/><G123/><T60/><D135/><U69/><E69/><V108/><F108/><W104/><G14/><T120/><D120/><U91/><E102/><V77/><F28/><W96/><G26/><T34/><D34/><U36/><E36/><V92/><F9/><W109/><G109/><T84/><D22/><U103/><E103/><V90/><F101/><N who="3" m="62503" /><G97/><T53/><D66/><U47/><E79/><V13/><F13/><W89/><G89/><T112/><D110/><U88/><E91/><V19/><F19/><W21/><G21/><T1/><D114/><U7/><E25/><V86/><F93/><W15/><G15/><T50/><D112/><U106/><E24/><V29/><F29/><W30/><G30/><T42/><D42/><U20/><E20/><V12/><F12/><W0/><G0/><T95/><D95/><U33/><E106/><V37/><REACH who="2" step="1"/><F56/><REACH who="2" ten="219,278,195,298" step="2"/><W134/><G105/><T65/><D1/><U87/><E57/><V72/><F72/><W6/><G134/><T31/><D31/><U63/><E33/><V51/><F51/><W3/><G3/><T99/><D50/><N who="1" m="29023" /><E111/><V119/><F119/><N who="3" m="45643" /><G6/><T62/><D4/><U59/><E7/><V98/><F98/><W32/><G32/><T107/><D99/><U100/><E5/><V48/><F48/><W128/><G128/><RYUUKYOKU ba="0,1" sc="219,-15,278,-15,195,15,298,15" hai2="37,45,46,49,52,68,71,77,81,85,86,90,92" hai3="38,40,58,61,64,124,126" owari="204,-29.6,263,6.3,210,-19.0,323,42.3" /></mjloggm>