<mjloggm ver="2.3"><GO type="225" lobby="0"/><UN n0="%E2%98%86%E5%B0%8F%E5%AD%A6%E7%94%B7%E7%94%9F%E2%98%86" n1="%E7%89%B9%E6%9D%B1%E3%81%AF%E4%B8%96%E7%95%8C%E3%82%92%E6%95%91%E3%81%86" n2="%70%68%65%6E%6F%6D%65" n3="%E6%A1%9C%E8%8A%B1%E9%96%83%E3%80%85" dan="17,16,16,16" rate="2190.18,2176.35,2130.08,2104.01" sx="M,M,M,M"/><TAIKYOKU oya="0"/><INIT seed="0,0,0,4,3,103" ten="250,250,250,250" oya="0" hai0="21,113,129,101,107,33,59,116,25,111,61,69,26" hai1="106,122,28,6,1,100,99,52,97,67,93,132,53" hai2="120,98,18,88,65,60,130,89,121,62,12,13,15" hai3="55,74,2,0,105,37,68,92,46,22,56,63,43"/><T96/><D113/><U16/><E122/><V10/><F130/><W84/><G74/><T102/><D116/><U80/><E132/><V51/><F120/><W47/><G105/><T11/><D129/><U90/><E28/><V76/><F121/><W131/><G131/><T19/><D111/><U81/><E67/><V82/><F51/><W44/><G68/><T29/><D101/><U72/><E16/><N who="2" m="8215" /><F65/><W30/><G84/><T94/><D11/><U78/><REACH who="1" step="1"/><E80/><REACH who="1" ten="250,240,250,250" step="2"/><V112/><F112/><W95/><G30/><T117/><D117/><U109/><E109/><V7/><F7/><W35/><G35/><T91/><D69/><U39/><E39/><V20/><F15/><W110/><G110/><T124/><D124/><U134/><E134/><V3/><F3/><W58/><G22/><T118/><D118/><U87/><E87/><N who="2" m="48583" /><F98/><W83/><G0/><T14/><D14/><U128/><E128/><V54/><F54/><W31/><G2/><T133/><D133/><U127/><E127/><V8/><F20/><W49/><G83/><T73/><D33/><U115/><E115/><V9/><F8/><AGARI ba="0,1" hai="1,6,8,52,53,72,78,81,90,93,97,99,100,106" machi="8" ten="40,5200,0" yaku="1,1,52,1,54,1,53,0" doraHai="103" doraHaiUra="27" who="1" fromWho="2" sc="250,0,240,62,250,-52,250,0" /><INIT seed="1,0,0,0,4,4" ten="250,302,198,250" oya="1" hai0="86,69,67,47,14,128,21,11,83,38,22,2,29" hai1="135,118,115,20,129,89,36,134,17,19,15,110,68" hai2="103,124,120,62,6,73,85,58,80,111,107,35,49" hai3="81,96,77,32,130,9,102,40,116,18,42,106,45"/><U1/><E36/><V54/><F120/><W121/><G121/><T90/><D128/><U104/><E68/><V61/><F111/><W55/><G32/><T93/><D2/><U34/><E104/><V87/><F124/><W13/><G130/><T60/><D29/><U44/><E44/><V57/><F35/><W125/><G125/><T97/><D47/><U133/><E129/><V78/><F107/><W65/><G65/><T95/><D95/><U122/><E122/><V98/><F6/><W119/><G55/><T37/><D37/><U31/><E115/><V46/><F98/><W82/><G82/><T63/><D63/><U131/><E131/><V113/><F103/><W112/><G112/><T75/><D75/><U51/><E51/><V5/><F113/><W59/><G59/><T3/><D3/><U71/><E71/><V84/><F5/><W127/><G127/><T25/><D25/><N who="1" m="18799" /><E1/><V64/><REACH who="2" step="1"/><F73/><REACH who="2" ten="250,302,188,250" step="2"/><W28/><G106/><T8/><D38/><U7/><E110/><V50/><F50/><W91/><G102/><T109/><D109/><U66/><E133/><V33/><F33/><W92/><G116/><T39/><D39/><U70/><E135/><V79/><F79/><W100/><G100/><T132/><D132/><U10/><E134/><V126/><F126/><W27/><G119/><T23/><REACH who="0" step="1"/><D14/><REACH who="0" ten="240,302,188,250" step="2"/><U53/><E15/><V41/><AGARI ba="0,2" hai="41,46,49,54,57,58,61,62,64,78,80,84,85,87" machi="41" ten="20,5200,0" yaku="1,1,0,1,7,1,8,1,53,0" doraHai="4" doraHaiUra="12" who="2" fromWho="2" sc="240,-13,302,-26,188,72,250,-13" /><INIT seed="2,0,0,2,4,66" ten="227,276,260,237" oya="2" hai0="133,89,120,49,106,2,92,108,130,13,29,118,101" hai1="32,42,69,72,125,5,71,10,131,84,53,98,12" hai2="91,25,51,9,11,59,122,14,116,113,45,128,83" hai3="8,110,28,50,23,121,34,61,79,95,57,7,123"/><V93/><F113/><W56/><G34/><T82/><D2/><U102/><E72/><V65/><F116/><W41/><G110/><T46/><D120/><U99/><E32/><V31/><F122/><W37/><G37/><T63/><D108/><U88/><E131/><V103/><F128/><W44/><G79/><T115/><D130/><U126/><E42/><V0/><F0/><W60/><G95/><T6/><D115/><U1/><E53/><V78/><F103/><W119/><G119/><T21/><D118/><U129/><E1/><V70/><F59/><N who="3" m="22603" /><G123/><T19/><D133/><U35/><E35/><V111/><F111/><W75/><G75/><T100/><D6/><U96/><E102/><N who="0" m="39529" /><D106/><U18/><E5/><V52/><F65/><W38/><G38/><T17/><D63/><U135/><E135/><V124/><F70/><W134/><G134/><T62/><D62/><U105/><E105/><V26/><F124/><N who="1" m="47721" /><E129/><V27/><F31/><W47/><G47/><T76/><D76/><U87/><E87/><N who="2" m="48631" /><F14/><N who="3" m="5407" /><G121/><T67/><D67/><U20/><E10/><V16/><F16/><W30/><G30/><T55/><D29/><U107/><E107/><V117/><F117/><W4/><G4/><T48/><D17/><U58/><E58/><V40/><F40/><W74/><G74/><T33/><D33/><U77/><E77/><V36/><F36/><W22/><G28/><T127/><D127/><U73/><E73/><V112/><F112/><W109/><G109/><T132/><D132/><U85/><E85/><AGARI ba="0,0" hai="9,11,25,26,27,45,51,52,85,91,93" m="48631" machi="85" ten="30,2900,0" yaku="8,1,54,1" doraHai="66" who="2" fromWho="1" sc="227,0,276,-29,260,29,237,0" /><INIT seed="2,1,0,1,1,5" ten="227,247,289,237" oya="2" hai0="128,86,70,10,117,28,105,38,31,118,52,62,35" hai1="44,56,42,50,11,111,14,9,49,29,63,113,17" hai2="34,120,68,37,4,59,133,1,41,108,53,98,19" hai3="51,110,127,36,132,2,69,115,40,102,99,67,73"/><V124/><F120/><W33/><RYUUKYOKU type="yao9" ba="1,0" sc="227,0,247,0,289,0,237,0" hai3="2,33,36,40,51,67,69,73,99,102,110,115,127,132" /><INIT seed="2,2,0,1,3,58" ten="227,247,289,237" oya="2" hai0="15,71,57,52,120,0,91,125,83,50,27,38,110" hai1="124,82,122,70,26,127,131,3,117,69,79,18,107" hai2="32,49,104,54,48,45,92,88,68,121,59,77,21" hai3="2,101,108,111,99,134,135,40,112,12,62,22,51"/><V34/><F121/><W118/><G2/><T84/><D120/><U81/><E122/><V102/><F68/><W61/><G118/><T130/><D0/><U13/><E3/><V46/><F77/><W123/><G123/><T132/><D110/><N who="3" m="42025" /><G112/><T20/><D132/><N who="3" m="50729" /><G40/><T114/><D114/><U93/><E107/><V76/><F76/><W96/><G51/><T7/><D130/><U100/><E26/><V28/><F102/><W85/><G85/><T90/><D125/><N who="1" m="48203" /><E117/><V67/><F104/><N who="3" m="63527" /><G99/><T103/><D38/><U42/><E42/><V39/><F39/><W19/><AGARI ba="2,0" hai="12,19,22,61,62" m="63527,50729,42025" machi="19" ten="40,8000,1" yaku="14,1,20,1,52,2" doraHai="58" who="3" fromWho="3" sc="227,-22,247,-22,289,-42,237,86" /><INIT seed="3,0,0,3,1,121" ten="205,225,247,323" oya="3" hai0="124,90,115,78,108,12,31,57,79,132,43,42,94" hai1="4,60,55,117,77,47,29,100,106,107,74,135,39" hai2="38,5,32,1,16,70,3,122,111,66,97,30,61" hai3="105,101,114,7,64,104,109,80,44,23,37,22,45"/><W72/><G109/><T19/><D108/><U116/><E135/><V9/><F122/><W41/><G114/><T91/><D124/><U35/><E4/><V14/><F111/><W82/><G64/><T48/><D132/><U75/><E60/><V113/><F113/><W133/><G133/><T34/><D115/><U68/><E68/><V98/><F38/><W110/><G110/><T50/><D31/><U120/><E120/><V129/><F129/><W49/><G7/><T95/><D34/><U8/><E8/><V93/><F3/><W25/><G22/><N who="0" m="11623" /><D95/><U46/><E55/><V128/><F128/><W36/><G49/><T21/><D21/><U88/><E88/><N who="0" m="33833" /><D94/><U69/><E69/><V27/><F93/><W125/><G72/><N who="1" m="27690" /><E77/><N who="0" m="29193" /><D57/><U71/><E71/><V26/><F26/><W73/><G73/><T134/><D134/><U53/><E100/><V119/><F119/><N who="1" m="45641" /><E39/><V40/><F40/><AGARI ba="0,0" hai="40,42,43,48,50" m="29193,33833,11623" machi="40" ten="30,2000,0" yaku="8,1,54,1" doraHai="121" who="0" fromWho="2" sc="205,20,225,0,247,-20,323,0" owari="225,-17.5,225,-27.5,227,2.7,323,42.3" /></mjloggm>