<mjloggm ver="2.3"><GO type="225" lobby="0"/><UN n0="%33%74%72%65%65" n1="%E8%9B%87%E3%81%AE%E8%A1%80" n2="%E3%81%BF%E3%81%BF%E3%81%9A" n3="%E7%B4%94%E6%BD%94%E3%83%94%E3%83%A9%E3%83%8B%E3%82%A2" dan="16,16,17,17" rate="2035.26,2075.67,2202.83,2208.27" sx="F,M,M,M"/><TAIKYOKU oya="0"/><INIT seed="0,0,0,3,5,87" ten="250,250,250,250" oya="0" hai0="17,88,81,127,63,24,40,52,51,46,109,35,36" hai1="65,6,118,135,91,79,18,121,8,75,117,78,14" hai2="76,72,128,125,134,57,119,10,39,26,85,112,89" hai3="115,41,70,71,15,98,44,4,77,38,99,82,92"/><T16/><D127/><U86/><E121/><V33/><F112/><W2/><G99/><T55/><D109/><U102/><E135/><V116/><F134/><W124/><G115/><T21/><D35/><U106/><E65/><V53/><F39/><W62/><G62/><T20/><D63/><U129/><E129/><V104/><F104/><W23/><G124/><T45/><D55/><U58/><E58/><V19/><F125/><W37/><G37/><T93/><D81/><U61/><E61/><N who="2" m="36015" /><F72/><W28/><G28/><T47/><D36/><U101/><E6/><V29/><F76/><W130/><G130/><T56/><D40/><U1/><E1/><V25/><F128/><W126/><G23/><N who="0" m="8779" /><D24/><U69/><E69/><V113/><F113/><W42/><G15/><T84/><AGARI ba="0,0" hai="16,17,45,46,47,51,52,56,84,88,93" m="8779" machi="84" ten="30,12000,1" yaku="8,1,52,1,54,3" doraHai="87" who="0" fromWho="0" sc="250,120,250,-40,250,-40,250,-40" /><INIT seed="0,1,0,1,1,89" ten="370,210,210,210" oya="0" hai0="57,73,46,43,124,70,102,120,48,79,34,44,8" hai1="67,16,47,59,132,36,9,15,110,82,115,31,86" hai2="69,28,32,63,6,38,109,134,62,78,45,88,92" hai3="135,83,65,72,104,91,113,76,125,119,117,2,13"/><T4/><D120/><U42/><E110/><V81/><F109/><W26/><G2/><T41/><D70/><U84/><E132/><V94/><F6/><W37/><G37/><T114/><D114/><U40/><E115/><V39/><F134/><W56/><G104/><T127/><D34/><U95/><E31/><V126/><F126/><W1/><G125/><T7/><D102/><U131/><E131/><V53/><F28/><W96/><G1/><N who="0" m="15" /><D57/><U0/><E0/><V98/><F32/><W30/><G13/><T116/><D7/><U123/><E123/><V90/><F69/><W133/><G113/><T71/><D71/><U118/><E118/><V10/><F10/><W101/><G133/><T106/><D106/><U12/><E12/><V60/><F53/><W23/><G91/><T111/><D116/><U68/><E68/><V50/><F50/><W20/><G20/><T100/><D100/><U35/><E35/><V49/><F49/><W130/><G130/><T51/><D48/><U129/><E129/><V29/><F45/><W58/><G58/><T19/><D111/><U77/><E42/><V85/><REACH who="2" step="1"/><F29/><REACH who="2" ten="370,210,200,210" step="2"/><W22/><G135/><T64/><D124/><U33/><E33/><V108/><F108/><W87/><G23/><T3/><D44/><U105/><E59/><V66/><F66/><W107/><G56/><T55/><D46/><U18/><E67/><V121/><F121/><W112/><G65/><T27/><D64/><U74/><E47/><V103/><F103/><N who="3" m="62951" /><G112/><T122/><D122/><U5/><E5/><V11/><F11/><W14/><G119/><RYUUKYOKU ba="1,1" sc="370,-10,210,-10,200,30,210,-10" hai2="38,39,60,62,63,78,81,85,88,90,92,94,98" /><INIT seed="1,2,1,5,1,85" ten="360,200,230,200" oya="1" hai0="133,134,69,114,2,46,47,117,84,107,98,36,53" hai1="56,100,44,59,122,34,14,43,61,70,91,108,12" hai2="15,37,97,33,116,66,58,6,42,80,82,118,88" hai3="29,126,67,24,8,115,93,27,68,90,32,26,39"/><U89/><E122/><V96/><F33/><W45/><G115/><T78/><D117/><U125/><E34/><V3/><F3/><W20/><G126/><T10/><D114/><U52/><E125/><V65/><F37/><W104/><G104/><T13/><D69/><U4/><E108/><V76/><F42/><W111/><G111/><T72/><D72/><U74/><E74/><V40/><F40/><W83/><G83/><N who="0" m="47223" /><D2/><U71/><E100/><V35/><F35/><W38/><G45/><T102/><D53/><N who="1" m="33935" /><E70/><V17/><F6/><W64/><G8/><T135/><D36/><U5/><E71/><V77/><F15/><N who="1" m="5673" /><E44/><V94/><F58/><W109/><G109/><T9/><D9/><U119/><E43/><V127/><F127/><W106/><G106/><T1/><D1/><U86/><E119/><V110/><F110/><W11/><G68/><T79/><D46/><U132/><E132/><V75/><F17/><W95/><G38/><T60/><D47/><U31/><E31/><V112/><F112/><W50/><G39/><T124/><D124/><U121/><E121/><V23/><F23/><W103/><G11/><T22/><D10/><U54/><E54/><V131/><F75/><W25/><G32/><T55/><D135/><U19/><E19/><V63/><F63/><W101/><G50/><T81/><D134/><U51/><E86/><V128/><F94/><W120/><G93/><T48/><D133/><U123/><E123/><V92/><F92/><W87/><G120/><T41/><D107/><U105/><E105/><V30/><F30/><W21/><G21/><RYUUKYOKU ba="2,1" sc="360,-30,200,10,230,10,200,10" hai1="4,5,51,52,59,89,91" hai2="65,66,76,77,80,82,88,96,97,116,118,128,131" hai3="20,24,25,26,27,29,64,67,87,90,95,101,103" /><INIT seed="1,3,1,3,4,117" ten="330,210,240,210" oya="1" hai0="49,100,26,10,59,85,121,53,119,88,22,41,92" hai1="91,62,129,31,124,79,82,96,56,69,93,105,108" hai2="37,81,23,131,14,77,11,95,72,123,109,12,18" hai3="122,13,71,63,86,135,19,27,52,97,44,73,35"/><U75/><E129/><V99/><F109/><W116/><G73/><T28/><D119/><U16/><E124/><V110/><F110/><W1/><G1/><T87/><D121/><U29/><E108/><V66/><F131/><W76/><G116/><T127/><D127/><U24/><E69/><V84/><F37/><W50/><G122/><T8/><D100/><U103/><E24/><V126/><F126/><W32/><G135/><T101/><D101/><U67/><REACH who="1" step="1"/><E16/><REACH who="1" ten="330,200,240,210" step="2"/><V17/><F123/><W57/><G71/><T107/><D26/><U113/><E113/><V115/><F115/><W51/><G27/><T34/><D28/><U134/><E134/><V118/><F118/><W25/><G25/><T7/><D8/><U30/><E30/><V94/><F66/><W106/><G32/><T6/><D34/><U112/><E112/><V128/><F128/><W42/><G35/><T120/><D10/><U104/><E104/><V0/><F0/><W2/><G2/><T68/><D68/><U39/><E39/><V70/><F70/><W48/><G106/><T111/><D107/><U125/><E125/><V4/><F14/><W33/><G33/><T133/><D133/><U78/><E78/><V61/><F23/><W20/><G97/><AGARI ba="3,2" hai="29,31,56,62,67,75,79,82,91,93,96,97,103,105" machi="97" ten="30,5800,0" yaku="1,1,7,1,53,1" doraHai="117" doraHaiUra="55" who="1" fromWho="3" sc="330,0,200,87,240,0,210,-67" /><INIT seed="1,4,0,5,5,7" ten="330,287,240,143" oya="1" hai0="86,84,60,83,28,99,36,43,35,19,106,93,85" hai1="24,34,114,94,16,88,1,111,75,135,78,119,97" hai2="51,116,61,23,32,0,69,90,128,21,74,112,52" hai3="104,14,70,71,39,49,100,20,66,125,117,8,38"/><U46/><E114/><V115/><F116/><W98/><G117/><T59/><D106/><U120/><E120/><V95/><F32/><W47/><G125/><T122/><D122/><U9/><E119/><V72/><F0/><W110/><G110/><T103/><D35/><U124/><E124/><V73/><F128/><W91/><G20/><T45/><D28/><U113/><E113/><N who="2" m="43595" /><F61/><W15/><G15/><T79/><REACH who="0" step="1"/><D19/><REACH who="0" ten="320,287,240,143" step="2"/><U37/><E16/><V131/><F131/><W118/><G118/><T76/><D76/><U12/><E34/><V92/><F69/><W56/><G70/><T40/><D40/><U82/><E78/><V80/><F80/><W5/><G71/><T87/><D87/><U42/><E82/><V2/><F92/><W50/><G91/><T58/><D58/><U30/><E94/><V64/><F64/><AGARI ba="4,1" hai="36,43,45,59,60,64,79,83,84,85,86,93,99,103" machi="64" ten="30,3900,0" yaku="1,1,7,1,53,1" doraHai="7" doraHaiUra="68" who="0" fromWho="2" sc="320,61,287,0,240,-51,143,0" /><INIT seed="2,0,0,0,0,15" ten="381,287,189,143" oya="2" hai0="89,73,0,133,82,69,74,13,58,111,17,57,27" hai1="91,10,30,68,25,65,78,42,94,129,108,50,33" hai2="98,104,56,70,2,92,31,23,22,123,113,35,120" hai3="36,93,97,96,88,106,5,122,48,47,99,79,62"/><V105/><F70/><W90/><G122/><T6/><D69/><U39/><E108/><V29/><F113/><W16/><G36/><T3/><D111/><U34/><E129/><V135/><F2/><W128/><G128/><T59/><D133/><U63/><E78/><V21/><F56/><W126/><G5/><T86/><D6/><U83/><E83/><V125/><F135/><W124/><G79/><T130/><D27/><U80/><E80/><V103/><F125/><N who="3" m="48235" /><G62/><T14/><D3/><U9/><E34/><V66/><F66/><W52/><G106/><T117/><D117/><U1/><E1/><V51/><F51/><W76/><G76/><T28/><D74/><U109/><E39/><V8/><F8/><W60/><G60/><T71/><D73/><U75/><E75/><V7/><F7/><W72/><G72/><T84/><D0/><U127/><E109/><V40/><F40/><W115/><G115/><T112/><D130/><U37/><E37/><V54/><F54/><W85/><G90/><T100/><D89/><U38/><E38/><V46/><F46/><W41/><G41/><T32/><D71/><U18/><E127/><V101/><F92/><W19/><AGARI ba="0,0" hai="16,19,47,48,52,85,88,93,96,97,99" m="48235" machi="19" ten="40,12000,2" yaku="18,1,52,2,54,3" doraHai="15" who="3" fromWho="3" sc="381,-30,287,-30,189,-60,143,120" /><INIT seed="3,0,0,0,0,7" ten="351,257,129,263" oya="3" hai0="99,6,58,129,120,132,22,121,70,42,13,81,113" hai1="69,82,30,40,126,38,43,76,26,61,78,35,66" hai2="4,127,10,37,77,71,15,0,102,52,125,1,93" hai3="115,64,50,27,122,29,134,56,94,117,105,100,85"/><W41/><G115/><T79/><D70/><U33/><E126/><V60/><F37/><W53/><G117/><T109/><D113/><U92/><E33/><V90/><F102/><W34/><G122/><T59/><D132/><U28/><E28/><V11/><F77/><W3/><G3/><T14/><D129/><U135/><E135/><V46/><F71/><W67/><G134/><T124/><D124/><U39/><E92/><V68/><F68/><W103/><G41/><T91/><D58/><U5/><E5/><V57/><F46/><W65/><G105/><T8/><D59/><U12/><E12/><V23/><F23/><W21/><G34/><T54/><D54/><U48/><E78/><V107/><F107/><W2/><G2/><T16/><D42/><U25/><E25/><V128/><F128/><W55/><G53/><T130/><D130/><U119/><E119/><V72/><F72/><W75/><G75/><T20/><D20/><U47/><E43/><V97/><REACH who="2" step="1"/><F0/><REACH who="2" ten="351,257,119,263" step="2"/><W118/><G118/><T98/><D22/><U110/><E110/><V123/><F123/><W9/><G100/><T84/><D109/><U51/><E38/><V88/><F88/><W31/><G103/><T83/><D120/><U80/><E76/><V101/><F101/><W131/><G131/><T74/><D121/><U73/><E73/><V17/><AGARI ba="0,1" hai="1,4,10,11,15,17,52,57,60,90,93,97,125,127" machi="17" ten="30,8000,1" yaku="1,1,0,1,52,2,54,1,53,0" doraHai="7" doraHaiUra="62" who="2" fromWho="2" sc="351,-20,257,-20,119,90,263,-40" owari="331,43.1,237,3.7,209,-29.1,223,-17.7" /></mjloggm>