<mjloggm ver="2.3"><GO type="225" lobby="0"/><UN n0="%E3%83%A9%E3%82%A4%E3%83%B3%E3%81%AE%E8%99%8E" n1="%6E%69%63%6F%6E%74%6F" n2="%E6%B4%BE%E9%81%A3%E3%81%AE%E3%82%B8%E3%83%A3%E3%83%83%E3%82%AF" n3="%42%4F%53%23%31%31" dan="16,16,17,16" rate="2140.33,2147.94,2194.94,2110.35" sx="M,M,M,M"/><TAIKYOKU oya="0"/><INIT seed="0,0,0,2,4,106" ten="250,250,250,250" oya="0" hai0="56,111,103,39,76,70,32,114,107,129,112,9,42" hai1="115,117,24,123,125,133,83,6,33,31,100,22,51" hai2="78,38,102,126,95,14,68,85,88,41,97,92,10" hai3="87,124,52,1,58,90,75,63,36,17,55,54,49"/><T13/><D70/><U93/><E117/><V110/><F68/><W128/><G36/><T120/><D120/><U12/><E123/><V73/><F110/><W74/><G1/><T34/><D129/><U3/><E133/><V57/><F126/><W69/><G69/><T91/><D91/><U82/><E125/><V104/><F57/><W121/><G124/><T72/><D56/><U37/><E37/><V40/><F92/><W66/><G121/><T29/><D13/><U25/><E51/><V16/><F38/><W80/><G128/><T50/><D50/><U127/><E127/><V86/><F86/><W19/><REACH who="3" step="1"/><G49/><REACH who="3" ten="250,250,250,240" step="2"/><T99/><D39/><U28/><E3/><V26/><F26/><W81/><G81/><AGARI ba="0,1" hai="10,14,16,40,41,73,78,81,85,88,95,97,102,104" machi="81" ten="40,8000,1" yaku="24,2,52,1,54,2" doraHai="106" who="2" fromWho="3" sc="250,0,250,0,250,90,240,-80" /><INIT seed="1,0,0,2,1,55" ten="250,250,340,160" oya="1" hai0="49,20,71,53,13,6,118,89,61,111,7,0,69" hai1="15,73,31,43,80,79,88,47,122,105,70,91,90" hai2="95,37,117,101,50,76,46,107,38,110,67,41,126" hai3="129,116,48,36,32,25,72,65,3,135,85,124,87"/><U51/><E122/><V29/><F117/><W131/><G116/><T93/><D111/><U132/><E132/><V58/><F110/><W19/><G36/><T78/><D78/><U23/><E70/><V120/><F107/><W9/><G135/><T127/><D127/><U4/><E105/><V64/><F120/><W62/><G124/><T77/><D77/><U39/><E31/><V112/><F76/><W82/><G48/><T128/><D128/><N who="3" m="49225" /><G72/><T104/><D104/><U45/><E4/><V108/><F29/><N who="3" m="19503" /><G82/><T17/><D0/><U103/><E103/><V100/><F100/><W130/><N who="3" m="49233" /><W24/><DORA hai="33" /><G24/><T115/><D115/><U123/><E123/><V5/><F38/><W75/><G75/><T35/><D35/><U121/><E121/><V30/><F37/><W14/><G3/><T8/><D118/><U22/><REACH who="1" step="1"/><E15/><REACH who="1" ten="250,240,340,160" step="2"/><V27/><F126/><W66/><G66/><T92/><D13/><U10/><E10/><V56/><F67/><W98/><G98/><T21/><D8/><U34/><E34/><V97/><F64/><W44/><G44/><T12/><D12/><U119/><E119/><V54/><F97/><W57/><AGARI ba="0,1" hai="9,14,19,57,62,65,85,87" m="19503,49233" machi="57" ten="40,2700,0" yaku="19,1,52,1" doraHai="55,33" who="3" fromWho="3" sc="250,-7,240,-13,340,-7,160,37" /><INIT seed="2,0,0,0,0,122" ten="243,227,333,197" oya="2" hai0="131,4,58,104,84,49,107,14,119,91,55,77,130" hai1="61,34,129,116,46,75,30,37,5,73,96,9,26" hai2="106,123,117,36,128,43,56,7,85,79,86,118,72" hai3="35,132,89,127,78,66,21,95,110,57,111,133,90"/><V93/><F123/><W68/><G35/><T125/><D77/><U74/><E116/><V92/><F106/><W28/><G68/><T18/><D4/><U45/><E129/><N who="0" m="49161" /><D125/><U87/><E87/><V11/><F56/><W67/><G78/><T62/><D62/><U112/><E112/><V120/><F120/><W109/><G127/><T121/><D119/><U12/><E37/><V23/><F23/><W99/><G90/><T105/><D121/><U71/><REACH who="1" step="1"/><E96/><REACH who="1" ten="243,217,333,197" step="2"/><V2/><F86/><W39/><G39/><T32/><D32/><U48/><E48/><V17/><F85/><W3/><G3/><T19/><D14/><U31/><E31/><V47/><F128/><W63/><G67/><AGARI ba="0,1" hai="5,9,12,26,30,34,45,46,61,67,71,73,74,75" machi="67" ten="40,1300,0" yaku="1,1,53,0" doraHai="122" doraHaiUra="103" who="1" fromWho="3" sc="243,0,217,23,333,0,197,-13" /><INIT seed="3,0,0,3,0,104" ten="243,240,333,184" oya="3" hai0="23,2,11,119,128,82,78,132,55,40,118,68,135" hai1="123,89,18,17,3,5,106,29,113,37,34,36,61" hai2="80,124,14,98,125,10,28,110,32,9,94,19,97" hai3="122,74,81,56,116,0,99,20,96,126,111,6,88"/><W103/><G116/><T109/><D109/><U22/><E113/><V21/><F110/><W93/><G122/><T8/><D128/><U57/><E123/><V70/><F70/><W33/><G111/><T27/><D68/><U43/><E106/><V24/><F80/><W71/><G71/><T44/><D55/><U16/><E43/><V72/><F72/><W59/><G33/><T129/><D129/><U121/><E121/><V26/><F97/><W15/><G126/><N who="2" m="48745" /><F24/><W127/><G127/><T65/><D65/><U52/><E34/><V25/><F25/><W112/><G112/><T73/><D8/><U50/><E61/><V1/><F1/><W49/><G0/><T91/><D91/><AGARI ba="0,0" hai="9,10,14,19,21,26,28,32,91,94,98" m="48745" machi="91" ten="30,1000,0" yaku="18,1" doraHai="104" who="2" fromWho="0" sc="243,-10,240,0,333,10,184,0" owari="233,-16.7,240,4.0,343,44.3,184,-31.6" /></mjloggm>