<mjloggm ver="2.3"><GO type="225" lobby="0"/><UN n0="%E6%98%93%E5%88%A9%E8%96%A9%E4%BC%AF" n1="%E5%8D%A0%E3%81%84%E5%B8%AB%E8%A3%8F%E3%81%AA%E3%81%84%E3%81%97" n2="%77%72%77%72%77%72%77%72" n3="%E7%89%B9%E6%9D%B1%E3%81%AF%E4%B8%96%E7%95%8C%E3%82%92%E6%95%91%E3%81%86" dan="17,17,17,16" rate="2136.51,2250.28,2126.51,2224.32" sx="F,M,M,M"/><TAIKYOKU oya="0"/><INIT seed="0,0,0,4,1,112" ten="250,250,250,250" oya="0" hai0="120,87,132,126,82,15,107,101,27,11,60,54,25" hai1="28,91,70,2,103,40,80,104,0,44,22,18,133" hai2="32,115,75,116,125,98,62,52,13,19,41,79,118" hai3="16,95,26,106,71,97,24,81,93,111,73,39,96"/><T100/><D120/><U86/><E70/><V108/><F115/><W83/><G71/><T10/><D132/><U110/><E110/><V67/><F108/><W89/><G111/><T74/><D74/><U3/><E133/><V38/><F32/><W42/><G106/><T29/><D107/><U57/><E28/><V23/><F125/><W105/><G105/><T66/><D54/><U46/><E57/><N who="2" m="35111" /><F67/><W21/><G73/><T50/><D50/><U130/><E130/><V90/><F38/><W31/><G42/><T61/><D11/><U64/><E64/><V94/><F41/><W135/><G39/><T4/><D27/><U34/><E34/><V33/><F33/><W124/><G124/><T35/><D61/><U63/><E63/><V68/><F68/><W8/><G135/><T14/><D14/><U36/><E46/><V55/><F55/><W121/><G121/><T128/><D128/><U47/><E44/><V122/><F122/><W43/><G43/><T77/><REACH who="0" step="1"/><D126/><REACH who="0" ten="240,250,250,250" step="2"/><U37/><E37/><V9/><F9/><W129/><G129/><T5/><D5/><U78/><E0/><V6/><F6/><W1/><G1/><T102/><D102/><U127/><E127/><V56/><F56/><AGARI ba="0,1" hai="4,10,15,25,29,35,56,60,66,77,82,87,100,101" machi="56" ten="30,2900,0" yaku="1,1,7,1,53,0" doraHai="112" doraHaiUra="117" who="0" fromWho="2" sc="240,39,250,0,250,-29,250,0" /><INIT seed="0,1,0,5,3,18" ten="279,250,221,250" oya="0" hai0="85,55,121,87,32,129,112,16,93,66,13,118,6" hai1="70,90,113,17,50,128,135,68,58,0,127,21,39" hai2="108,72,99,41,34,53,63,100,76,22,80,11,26" hai3="114,45,109,102,104,120,3,64,122,49,115,2,73"/><T132/><D112/><N who="3" m="43049" /><G73/><T5/><D118/><U78/><E113/><V86/><F108/><W101/><G64/><T124/><D121/><N who="3" m="46697" /><G109/><T71/><D32/><U25/><E39/><V119/><F119/><W36/><G36/><T61/><D129/><U126/><E128/><V98/><F41/><N who="3" m="24751" /><G104/><T4/><D132/><U31/><E135/><V47/><F34/><W107/><G107/><T103/><D124/><N who="1" m="47659" /><E0/><AGARI ba="1,0" hai="0,2,3,101,102" m="24751,46697,43049" machi="0" ten="40,1300,0" yaku="13,1" doraHai="18" who="3" fromWho="1" sc="279,0,250,-16,221,0,250,16" /><INIT seed="1,0,0,4,2,21" ten="279,234,221,266" oya="1" hai0="47,3,131,2,60,108,128,118,103,19,121,134,15" hai1="107,30,93,91,113,89,40,14,120,75,11,56,101" hai2="79,43,135,84,98,32,51,111,125,129,7,26,102" hai3="72,127,10,0,95,96,87,48,24,25,41,78,86"/><U124/><E113/><V55/><F111/><W122/><G122/><T68/><D103/><U65/><E120/><V1/><F129/><N who="0" m="49738" /><D47/><U119/><E119/><V104/><F135/><W50/><G72/><T133/><D68/><U20/><E75/><V74/><F125/><W90/><G127/><T80/><D80/><U115/><E115/><V5/><F74/><W37/><G37/><T109/><D60/><N who="1" m="38023" /><E107/><V44/><F1/><N who="0" m="10" /><D121/><U61/><E40/><V64/><F64/><W36/><G36/><T94/><D94/><U123/><E123/><V66/><F66/><W105/><G105/><T67/><D67/><U126/><E61/><V27/><F32/><W97/><G78/><T82/><D82/><U29/><E126/><V117/><F117/><W110/><G0/><T23/><D118/><U100/><E89/><V130/><F130/><W31/><G90/><T62/><D62/><U34/><E34/><V9/><F43/><W6/><G41/><T83/><D83/><U132/><E132/><AGARI ba="0,0" hai="15,19,23,108,109,132,133,134" m="10,49738" machi="132" ten="40,8000,1" yaku="20,1,19,1,34,2" doraHai="21" who="0" fromWho="1" sc="279,80,234,-80,221,0,266,0" /><INIT seed="2,0,0,1,0,127" ten="359,154,221,266" oya="2" hai0="119,113,105,45,69,91,101,93,1,11,58,135,51" hai1="65,87,31,85,124,114,63,55,53,54,41,35,134" hai2="39,29,34,95,5,27,103,16,131,32,36,17,38" hai3="94,126,50,28,21,22,98,44,37,107,12,128,67"/><V102/><F5/><W46/><G107/><T112/><D69/><U133/><E114/><V100/><F95/><W25/><G126/><T33/><D33/><N who="2" m="12906" /><F29/><W110/><G37/><T66/><D135/><N who="1" m="51723" /><E124/><V7/><F7/><W117/><G67/><T78/><D119/><U48/><E31/><V3/><F3/><W13/><G117/><T97/><D11/><U109/><E35/><V99/><F99/><W120/><G46/><T75/><D1/><U86/><E109/><V42/><F42/><W111/><G22/><T19/><D19/><N who="2" m="7242" /><F27/><W122/><G25/><T123/><D97/><U47/><E86/><V96/><F96/><W14/><G28/><T8/><D93/><U62/><E87/><V56/><F56/><W30/><G30/><T115/><D58/><N who="1" m="35151" /><E85/><V81/><F81/><W0/><G0/><T80/><D80/><U23/><E23/><V52/><F52/><N who="1" m="20009" /><E65/><V73/><F73/><W70/><G21/><T79/><D66/><U132/><N who="1" m="51731" /><U49/><DORA hai="68" /><E63/><V40/><F40/><W88/><G98/><T130/><D75/><U116/><E116/><V59/><F59/><W71/><G71/><T64/><D64/><U9/><E9/><V26/><F26/><W43/><G70/><T76/><D8/><U6/><E6/><V89/><F89/><W4/><G4/><T84/><D91/><U60/><E60/><V108/><F108/><N who="3" m="41515" /><G88/><T90/><D90/><U20/><E20/><V125/><F125/><W77/><G94/><T24/><D24/><U83/><E83/><V10/><F10/><W18/><G18/><T57/><D84/><RYUUKYOKU ba="0,0" sc="359,-15,154,15,221,15,266,-15" hai1="41,47,48,49" hai2="36,38,39,100,102,103,131" /><INIT seed="2,1,0,0,1,41" ten="344,169,236,251" oya="2" hai0="53,104,31,103,112,131,55,46,13,127,37,44,126" hai1="98,36,105,8,29,7,100,108,33,78,21,90,49" hai2="14,128,116,122,32,69,9,77,38,93,52,20,18" hai3="35,61,117,5,57,58,25,111,67,118,16,64,6"/><V85/><F116/><W54/><G111/><T43/><D112/><U28/><E108/><V76/><F122/><W97/><G67/><T83/><D31/><U73/><E33/><V10/><F32/><W123/><G123/><T68/><D68/><U114/><E114/><V129/><F69/><W109/><G109/><T50/><D83/><U56/><E36/><V72/><F72/><W59/><G97/><N who="0" m="61551" /><D13/><U121/><E121/><V62/><F38/><W12/><G6/><T88/><D88/><U51/><E90/><N who="2" m="53455" /><F129/><W119/><G5/><T102/><D102/><U17/><E78/><N who="2" m="30315" /><F128/><W92/><G92/><T26/><D26/><U24/><E73/><V27/><F27/><W95/><G95/><T4/><D131/><U40/><E56/><AGARI ba="1,0" hai="9,10,14,18,20,52,56,62" m="30315,53455" machi="56" ten="30,2900,0" yaku="8,1,54,1" doraHai="41" who="2" fromWho="1" sc="344,0,169,-32,236,32,251,0" /><INIT seed="2,2,0,0,1,98" ten="344,137,268,251" oya="2" hai0="124,59,99,94,44,53,12,19,88,71,61,112,4" hai1="7,87,45,17,135,100,66,11,104,65,64,47,54" hai2="48,75,128,20,29,30,83,102,85,6,134,27,51" hai3="130,101,28,109,123,89,5,67,115,120,39,69,60"/><V106/><F75/><W24/><G39/><T79/><D112/><U52/><E135/><V33/><F134/><W119/><G119/><T16/><D71/><U113/><E113/><V25/><F128/><W49/><G115/><T38/><D124/><U77/><E17/><V18/><F6/><W116/><G116/><T97/><D79/><U26/><E26/><V81/><F81/><W55/><G130/><T68/><D68/><U91/><E77/><V74/><F74/><W70/><G70/><T0/><D0/><U23/><E23/><V110/><F110/><W117/><G117/><T41/><REACH who="0" step="1"/><D97/><REACH who="0" ten="334,137,268,251" step="2"/><U114/><E114/><V84/><F84/><W132/><G132/><T80/><D80/><U42/><E104/><V133/><F133/><W62/><G69/><T37/><D37/><U125/><E125/><V57/><F83/><W31/><G109/><T34/><D34/><U15/><E100/><V118/><F85/><W105/><G101/><T43/><D43/><U22/><E22/><V72/><F72/><W121/><G105/><T46/><D46/><N who="1" m="17419" /><E42/><V73/><F73/><W21/><G21/><T107/><D107/><U2/><E2/><V40/><F118/><W103/><G103/><T56/><D56/><U108/><E108/><V96/><F57/><W36/><G121/><T111/><D111/><U76/><E76/><V63/><F40/><W9/><G123/><T13/><D13/><U122/><E122/><V82/><F82/><AGARI ba="2,1" hai="7,11,15,52,54,64,65,66,82,87,91" m="17419" machi="82" ten="30,2000,0" yaku="8,1,54,1" doraHai="98" who="1" fromWho="2" sc="334,0,137,36,268,-26,251,0" /><INIT seed="3,0,0,2,2,77" ten="334,173,242,251" oya="3" hai0="12,57,120,60,20,79,85,98,104,66,16,118,23" hai1="82,130,61,22,0,78,81,101,124,21,42,76,28" hai2="55,80,17,67,58,87,7,27,3,93,40,109,44" hai3="14,51,103,30,48,39,10,35,59,62,64,69,96"/><W100/><G39/><T18/><D118/><U72/><E0/><V127/><F109/><W1/><G1/><T50/><D120/><U132/><E130/><V68/><F127/><W99/><G59/><T24/><D50/><U13/><E124/><V52/><F7/><W65/><G65/><T70/><D104/><U75/><E132/><V135/><F93/><W54/><G30/><T92/><D70/><U11/><E42/><V105/><F105/><W94/><G54/><T31/><D79/><U133/><E133/><V25/><F68/><W26/><G26/><N who="2" m="9737" /><F17/><W15/><G35/><T122/><D85/><U129/><E129/><V119/><F119/><W107/><REACH who="3" step="1"/><G15/><REACH who="3" ten="334,173,242,241" step="2"/><T8/><D122/><U71/><E28/><V38/><F38/><W108/><G108/><T5/><D23/><U37/><E37/><V102/><F3/><W112/><G112/><T125/><D125/><U4/><E101/><AGARI ba="0,1" hai="5,8,12,16,18,20,24,31,57,60,66,92,98,101" machi="101" ten="30,8000,1" yaku="7,1,25,2,8,1,54,1" doraHai="77" who="0" fromWho="1" sc="334,90,173,-80,242,0,241,0" owari="424,52.4,93,-40.7,242,4.2,241,-15.9" /></mjloggm>