<mjloggm ver="2.3"><GO type="225" lobby="0"/><UN n0="%E5%B0%8F%E9%B3%A5%E9%81%8A%E7%B7%B4%E7%84%A1%32%31%E6%AD%B3" n1="%E6%81%A5%E6%99%92%E3%81%97" n2="%72%61%6B%33" n3="%E3%81%BF%E3%81%BF%E3%81%9A" dan="16,16,16,18" rate="2206.24,2079.04,2094.29,2185.90" sx="F,M,M,M"/><TAIKYOKU oya="0"/><INIT seed="0,0,0,1,4,100" ten="250,250,250,250" oya="0" hai0="117,76,83,22,46,99,72,92,85,10,45,96,3" hai1="62,87,105,0,16,68,21,4,78,98,34,89,77" hai2="52,80,90,14,39,51,24,59,35,7,56,26,86" hai3="28,124,17,107,48,49,125,95,123,30,32,115,71"/><T54/><D117/><U66/><E34/><V81/><F39/><W106/><G115/><T31/><D99/><U108/><E108/><V58/><F81/><W94/><G17/><T57/><D72/><U128/><E128/><V104/><F104/><N who="3" m="39979" /><G71/><T5/><D22/><U110/><E110/><V40/><F40/><W38/><G38/><T131/><D31/><N who="3" m="11817" /><G32/><T120/><D120/><U53/><E53/><V43/><F43/><W102/><G102/><T42/><D42/><U132/><E4/><V118/><F118/><W18/><G18/><T69/><D69/><U27/><E0/><V9/><REACH who="2" step="1"/><F35/><REACH who="2" ten="250,250,240,250" step="2"/><W127/><G123/><T50/><D131/><U41/><E105/><V113/><F113/><W1/><G1/><T130/><REACH who="0" step="1"/><D130/><REACH who="0" ten="240,250,240,250" step="2"/><U36/><E41/><V109/><F109/><W122/><G122/><T20/><D20/><U25/><E21/><V47/><AGARI ba="0,2" hai="7,9,14,24,26,47,51,52,56,58,59,80,86,90" machi="47" ten="30,7900,0" yaku="1,1,0,1,8,1,54,1,53,0" doraHai="100" doraHaiUra="29" who="2" fromWho="2" sc="240,-39,250,-20,240,99,250,-20" /><INIT seed="1,0,0,3,3,34" ten="201,230,339,230" oya="1" hai0="93,105,22,67,37,77,120,70,104,106,52,99,59" hai1="111,89,7,47,23,116,114,43,31,100,80,135,60" hai2="3,94,75,42,132,11,55,53,6,78,118,44,33" hai3="72,65,15,40,134,82,107,123,129,86,49,0,66"/><U48/><E114/><V121/><F132/><W50/><G123/><T73/><D37/><U18/><E116/><V29/><F121/><W16/><G107/><T63/><D120/><U124/><E135/><V24/><F94/><W30/><G134/><T51/><D22/><U102/><E124/><V57/><F57/><W110/><G0/><T8/><D8/><U14/><E111/><V130/><F130/><W117/><G72/><T25/><D25/><U98/><E31/><V96/><F96/><W32/><G32/><T12/><D12/><U9/><E60/><V17/><F17/><W81/><G30/><T79/><REACH who="0" step="1"/><D73/><REACH who="0" ten="191,230,339,230" step="2"/><U128/><E128/><V1/><F118/><W5/><G117/><T10/><D10/><U4/><E4/><V27/><F27/><W88/><G129/><T122/><D122/><U39/><E39/><N who="2" m="21599" /><F1/><W20/><G110/><T127/><D127/><U61/><E7/><V83/><AGARI ba="0,1" hai="3,6,11,24,29,33,53,55,75,78,83" m="21599" machi="83" ten="30,2000,0" yaku="25,1,52,1" doraHai="34" who="2" fromWho="2" sc="191,-5,230,-10,339,30,230,-5" /><INIT seed="2,0,0,0,3,84" ten="186,220,369,225" oya="2" hai0="57,44,56,120,32,75,103,45,64,52,99,51,5" hai1="48,43,66,27,118,46,62,116,55,17,128,90,115" hai2="76,113,77,39,65,22,79,28,101,24,122,119,20" hai3="121,126,85,134,114,124,40,91,106,135,93,110,2"/><V129/><F113/><W83/><G2/><T130/><D120/><U54/><E115/><V100/><F122/><W67/><G114/><T80/><D130/><U9/><E128/><V37/><F129/><W105/><G40/><T111/><D111/><U8/><E116/><V69/><F119/><W63/><G121/><T88/><D32/><U94/><E118/><V112/><F112/><W6/><G6/><T15/><D75/><U72/><E72/><V19/><F69/><W74/><G110/><T25/><D25/><U109/><E109/><V34/><F65/><W30/><G30/><T31/><D31/><U50/><E50/><V82/><F82/><W107/><G63/><N who="0" m="37991" /><D103/><U133/><E133/><N who="3" m="50698" /><G67/><T70/><D70/><U92/><E92/><V98/><F101/><W26/><G26/><T68/><D68/><U29/><E66/><V97/><F34/><W127/><G74/><T16/><D5/><U12/><E8/><V53/><F100/><W58/><G58/><T7/><D7/><U96/><E62/><V49/><F37/><W87/><G107/><T81/><D81/><U132/><E132/><V131/><F39/><W18/><G18/><T23/><D80/><U117/><E117/><V10/><F131/><W0/><G0/><T21/><D21/><AGARI ba="0,0" hai="9,12,17,21,27,29,43,46,48,54,55,90,94,96" machi="21" ten="30,3900,0" yaku="7,1,8,1,52,1" doraHai="84" who="1" fromWho="0" sc="186,-39,220,39,369,0,225,0" /><INIT seed="3,0,0,0,4,64" ten="147,259,369,225" oya="3" hai0="82,74,76,32,36,124,19,75,4,81,86,118,7" hai1="28,18,130,60,8,26,3,66,39,116,102,99,48" hai2="58,112,61,90,54,97,132,69,44,40,88,72,115" hai3="33,55,111,15,63,43,87,67,98,119,133,117,0"/><W35/><G0/><T95/><D118/><U135/><E39/><V70/><F72/><W41/><G55/><T134/><D36/><U83/><E116/><V1/><F1/><W73/><G73/><T103/><D32/><U31/><E130/><V121/><F90/><W106/><G87/><T93/><D19/><U47/><E83/><V80/><F80/><W14/><G98/><T51/><D51/><U24/><E135/><V110/><F132/><W126/><G133/><T13/><D134/><U79/><E79/><V122/><F110/><W123/><G67/><T91/><D13/><U34/><E60/><V109/><F109/><W113/><G63/><T77/><D7/><U20/><E66/><V25/><F25/><W10/><G111/><T23/><D23/><U71/><E18/><V92/><F112/><W22/><G113/><T96/><D4/><U114/><E114/><V128/><F128/><W52/><G22/><T84/><D124/><U59/><E20/><V53/><F53/><W29/><G126/><T12/><D12/><U45/><E34/><V38/><F115/><W105/><G52/><T78/><D78/><U65/><E8/><V5/><F5/><W21/><G21/><T101/><D101/><U6/><E6/><V131/><F131/><W9/><REACH who="3" step="1"/><G123/><AGARI ba="0,0" hai="38,40,44,54,58,61,69,70,88,92,97,121,122,123" machi="123" ten="40,8000,1" yaku="13,1,52,2,54,1" doraHai="64" who="2" fromWho="3" sc="147,0,259,0,369,80,225,-80" owari="147,-25.3,259,5.9,449,54.9,145,-35.5" /></mjloggm>