<mjloggm ver="2.3"><GO type="225" lobby="0"/><UN n0="%E3%81%95%E3%81%8D%E3%81%9F%E3%81%BE%E6%9E%97%E6%AA%8E" n1="%E5%B8%86%E7%AB%8B%E5%A4%8F%E8%A1%A3" n2="%E3%82%BC%E3%83%AB%E3%83%80%E3%81%AE%E4%BC%9D%E8%AA%AC" n3="%E3%83%96%E3%83%83%E3%83%91%E3%82%AA%E3%83%96%E3%83%81%E3%82%AD%E3%83%B3" dan="16,17,17,16" rate="2129.55,2234.44,2128.68,2146.83" sx="M,M,M,M"/><TAIKYOKU oya="0"/><INIT seed="0,0,0,0,4,109" ten="250,250,250,250" oya="0" hai0="1,72,34,104,77,83,95,112,45,80,17,24,123" hai1="85,37,127,99,74,107,51,10,7,13,76,105,28" hai2="57,87,84,106,92,27,49,102,100,12,6,19,26" hai3="118,124,90,62,130,117,132,48,16,96,128,8,115"/><T134/><D123/><U15/><E127/><V98/><F106/><W78/><G48/><T65/><D17/><U40/><E37/><V41/><F102/><W70/><G78/><T31/><D95/><U0/><E74/><V56/><F56/><W53/><G124/><T4/><D83/><U42/><E0/><V135/><F135/><W120/><G120/><T116/><D116/><N who="3" m="44649" /><G96/><T55/><D55/><U39/><E39/><V44/><F6/><W133/><G90/><T69/><D134/><N who="3" m="51817" /><G53/><T113/><D45/><U59/><E59/><V64/><F87/><W11/><G62/><N who="0" m="40119" /><D104/><U71/><E42/><V47/><F84/><W81/><G81/><T93/><D93/><U111/><E51/><V101/><F101/><W20/><G70/><T68/><D68/><U91/><E71/><V121/><F47/><W5/><G115/><N who="0" m="44107" /><D4/><U58/><E40/><V88/><F121/><W73/><G73/><N who="0" m="43055" /><D1/><U75/><E7/><V21/><F100/><W46/><G46/><T94/><D94/><U54/><E54/><V122/><F122/><W114/><G114/><T126/><D126/><U63/><E107/><V60/><AGARI ba="0,0" hai="12,19,21,26,27,41,44,49,57,60,64,88,92,98" machi="60" ten="30,4000,0" yaku="0,1,8,1,54,1" doraHai="109" who="2" fromWho="2" sc="250,-20,250,-10,250,40,250,-10" /><INIT seed="1,0,0,5,0,16" ten="230,240,290,240" oya="1" hai0="66,128,4,49,38,104,86,122,116,105,7,118,62" hai1="46,54,70,114,5,125,109,29,67,81,30,85,78" hai2="134,113,41,74,2,6,100,10,88,15,47,75,3" hai3="73,24,48,23,123,52,110,55,101,45,8,77,35"/><U25/><E114/><V27/><F113/><W94/><G123/><T132/><D38/><U91/><E125/><V40/><F134/><W135/><G135/><T53/><D132/><U11/><E109/><V17/><F100/><W28/><G110/><T61/><D122/><U18/><E70/><V63/><F63/><W50/><G73/><T39/><D39/><U65/><E18/><V89/><F75/><W34/><G77/><T57/><D86/><U97/><E30/><V83/><F27/><W44/><REACH who="3" step="1"/><G8/><REACH who="3" ten="230,240,290,230" step="2"/><T103/><D118/><U31/><E78/><V76/><F2/><W59/><G59/><T92/><D57/><U58/><E58/><V13/><F3/><W129/><G129/><T120/><D128/><U60/><E11/><V1/><F1/><W119/><G119/><T131/><D116/><U124/><E124/><V107/><F74/><W115/><G115/><T106/><D131/><U99/><E67/><V80/><F76/><W26/><G26/><T32/><D66/><U14/><E65/><V12/><F12/><W111/><G111/><T96/><D120/><U64/><E14/><V117/><F13/><W69/><G69/><T87/><D7/><U127/><E5/><V0/><F117/><W108/><G108/><T126/><D126/><U56/><E127/><V112/><F112/><W95/><G95/><N who="0" m="58783" /><D4/><U121/><E121/><V102/><F0/><W93/><G93/><T51/><D92/><U20/><E31/><V133/><F6/><W42/><G42/><T72/><D72/><U19/><E29/><V21/><F133/><W90/><G90/><RYUUKYOKU ba="0,1" sc="230,-15,240,15,290,-15,230,15" hai1="19,20,25,46,54,56,60,64,81,85,91,97,99" hai3="23,24,28,34,35,44,45,48,50,52,55,94,101" /><INIT seed="1,1,1,5,1,123" ten="215,255,275,245" oya="1" hai0="89,0,12,133,48,117,114,63,104,2,17,9,58" hai1="21,1,111,68,78,43,113,38,86,93,62,33,32" hai2="25,13,128,4,64,69,19,101,51,49,67,92,41" hai3="107,30,28,56,90,37,98,42,44,94,110,45,66"/><U95/><E113/><V115/><F115/><W15/><G110/><T88/><D114/><U35/><E1/><V20/><F128/><W121/><G121/><T105/><D117/><U129/><E129/><V50/><F69/><W119/><G119/><T11/><D48/><U91/><E78/><V52/><F41/><W106/><G44/><T120/><D120/><U100/><E111/><V102/><F52/><W26/><G28/><T108/><D133/><U130/><E130/><V36/><F36/><W70/><G70/><T124/><D124/><U80/><E100/><N who="2" m="38507" /><F92/><W59/><G15/><T46/><D46/><U77/><E77/><V99/><F99/><W31/><G31/><T47/><D47/><U84/><E84/><V118/><F118/><W22/><REACH who="3" step="1"/><G66/><REACH who="3" ten="215,255,275,235" step="2"/><N who="2" m="25129" /><F4/><W125/><G125/><T8/><D108/><U40/><E38/><V76/><F76/><W126/><G126/><T83/><D0/><U39/><E39/><V29/><F29/><W71/><G71/><T97/><D2/><U72/><E68/><V112/><F112/><W85/><G85/><T134/><D134/><U96/><E43/><V109/><F109/><W132/><G132/><T14/><D105/><AGARI ba="1,2" hai="22,26,30,37,42,45,56,59,90,94,98,105,106,107" machi="105" ten="40,1300,0" yaku="1,1,53,0" doraHai="123" doraHaiUra="73" who="3" fromWho="0" sc="215,-16,255,0,275,0,235,36" /><INIT seed="2,0,0,4,1,43" ten="199,255,275,271" oya="2" hai0="30,104,5,9,109,87,129,86,121,126,23,31,119" hai1="17,25,117,75,20,102,95,101,103,41,58,33,130" hai2="1,45,10,112,132,7,70,114,49,63,105,115,107" hai3="4,79,133,42,90,92,134,51,123,128,29,135,74"/><V91/><F132/><W59/><G123/><T99/><D121/><U57/><E75/><V72/><F72/><W111/><G111/><T69/><D69/><U34/><E130/><V53/><REACH who="2" step="1"/><F91/><REACH who="2" ten="199,255,265,271" step="2"/><W124/><G90/><T67/><D109/><U118/><E95/><V48/><F48/><W11/><G92/><T83/><D104/><U113/><E113/><V80/><F80/><W21/><G51/><T71/><D83/><U2/><E118/><V62/><F62/><W28/><G74/><T52/><D119/><U68/><E117/><V81/><F81/><W38/><G134/><T60/><D60/><U98/><E98/><V27/><F27/><W47/><G135/><T96/><D99/><U8/><E25/><V122/><F122/><W46/><G133/><T32/><D96/><U44/><E103/><V127/><F127/><W18/><G124/><T3/><D126/><U12/><E102/><V61/><F61/><W106/><G106/><T85/><D129/><U54/><E101/><V77/><F77/><W39/><G79/><T6/><D86/><U120/><E120/><V37/><F37/><W26/><G39/><T0/><D87/><U65/><E68/><V35/><F35/><W82/><G38/><T76/><D32/><U40/><E34/><V19/><F19/><W14/><G18/><T24/><D85/><U100/><E33/><V56/><F56/><W125/><G59/><T108/><D76/><U110/><E100/><V66/><AGARI ba="0,1" hai="1,7,10,45,49,53,63,66,70,105,107,112,114,115" machi="66" ten="40,7800,0" yaku="1,1,0,1,52,1,53,0" doraHai="43" doraHaiUra="55" who="2" fromWho="2" sc="199,-26,255,-26,265,88,271,-26" /><INIT seed="2,1,0,3,4,111" ten="173,229,353,245" oya="2" hai0="120,134,86,44,20,29,4,15,73,106,60,128,18" hai1="66,35,53,79,21,71,12,135,83,1,72,36,16" hai2="61,117,17,68,107,115,9,81,7,40,55,103,11" hai3="116,89,3,51,19,96,5,100,37,104,132,39,63"/><V50/><F117/><W30/><G116/><T54/><D120/><U112/><E135/><V24/><F115/><W8/><G132/><T14/><D134/><U57/><E36/><V45/><F107/><W33/><G89/><T56/><D73/><U62/><E35/><V23/><F103/><W95/><G95/><T27/><D106/><U52/><E1/><V74/><F68/><W92/><G92/><T0/><D128/><U108/><E108/><V48/><F7/><W124/><G124/><T82/><D0/><U126/><E126/><V6/><F61/><W121/><G51/><T122/><D122/><U34/><E34/><V105/><F105/><W42/><G42/><T75/><D75/><U88/><E112/><V22/><F6/><W26/><G121/><T49/><D4/><U80/><E71/><V31/><F81/><W98/><G98/><T84/><D82/><U28/><E28/><V101/><F101/><W64/><G19/><T32/><REACH who="0" step="1"/><D15/><REACH who="0" ten="163,229,353,245" step="2"/><U76/><E88/><V109/><F74/><AGARI ba="1,1" hai="12,16,21,52,53,57,62,66,72,74,76,79,80,83" machi="74" ten="30,7700,0" yaku="7,1,9,1,54,2" doraHai="111" who="1" fromWho="2" sc="163,0,229,90,353,-80,245,0" /><INIT seed="3,0,0,4,3,98" ten="163,319,273,245" oya="3" hai0="135,129,100,37,12,30,89,79,78,103,114,67,82" hai1="66,123,29,99,35,2,65,41,7,48,63,85,24" hai2="1,94,122,59,3,49,15,124,112,101,107,128,92" hai3="20,125,95,68,51,77,133,34,23,75,27,126,16"/><W80/><G133/><T28/><D37/><U38/><E123/><V17/><F112/><W105/><G105/><T130/><D67/><U81/><E38/><V102/><F122/><W45/><G68/><T69/><D69/><U8/><E99/><V111/><F107/><W21/><G95/><T6/><D135/><U86/><E86/><V62/><F49/><W127/><REACH who="3" step="1"/><G34/><REACH who="3" ten="163,319,273,235" step="2"/><T5/><D114/><U44/><E63/><V53/><F94/><W58/><G58/><T0/><D0/><U10/><E10/><V25/><F92/><W87/><G87/><T71/><D71/><U36/><E36/><V55/><F59/><W26/><G26/><T97/><D97/><U4/><E4/><V109/><F25/><W39/><G39/><T96/><D96/><U52/><E41/><AGARI ba="0,1" hai="16,20,21,23,27,41,45,51,75,77,80,125,126,127" machi="41" ten="40,7700,0" yaku="1,1,18,1,54,1,53,0" doraHai="98" doraHaiUra="117" who="3" fromWho="1" sc="163,0,319,-77,273,0,235,87" owari="163,-33.7,242,-15.8,273,7.3,322,42.2" /></mjloggm>