<mjloggm ver="2.3"><GO type="225" lobby="0"/><UN n0="%E3%82%A2%E3%82%A4%E3%82%B9%E3%83%86%E3%82%A3%E3%83%BC%E3%81%82%E3%81%B9" n1="%72%69%6F%75%63%68%61%6E" n2="%33%74%72%65%65" n3="%E6%81%A5%E6%99%92%E3%81%97" dan="16,16,16,17" rate="2074.82,2114.25,2188.34,2184.03" sx="M,M,F,M"/><TAIKYOKU oya="0"/><INIT seed="0,0,0,2,0,69" ten="250,250,250,250" oya="0" hai0="109,40,8,67,51,18,98,83,70,77,57,54,85" hai1="94,38,28,81,32,14,12,125,132,89,11,108,105" hai2="64,24,103,80,87,20,75,115,47,134,21,93,50" hai3="16,127,15,45,78,96,3,58,1,128,73,90,23"/><T31/><D31/><U120/><E120/><V86/><F115/><W123/><G123/><T117/><D117/><U55/><E105/><V129/><F129/><W25/><G73/><T91/><D109/><U4/><E108/><V110/><F110/><W61/><G128/><T68/><D67/><U102/><E125/><V53/><F134/><W29/><G127/><T106/><D40/><U59/><E132/><V119/><F119/><W124/><G78/><T118/><D118/><U48/><E38/><V84/><F64/><W9/><G124/><T7/><D18/><U46/><E102/><V88/><F75/><W97/><G45/><T130/><D130/><U62/><E81/><V19/><REACH who="2" step="1"/><F21/><REACH who="2" ten="250,250,240,250" step="2"/><W42/><G3/><T39/><D39/><U30/><E32/><V71/><F71/><W76/><G1/><T66/><D66/><N who="1" m="39263" /><E14/><V0/><F0/><W113/><G15/><T72/><D70/><U99/><AGARI ba="0,1" hai="4,11,12,28,30,46,48,55,89,94,99" m="39263" machi="99" ten="30,1100,0" yaku="8,1" doraHai="69" who="1" fromWho="1" sc="250,-5,250,21,240,-3,250,-3" /><INIT seed="1,0,0,0,2,104" ten="245,271,237,247" oya="1" hai0="62,42,99,85,64,94,7,20,48,95,116,43,17" hai1="110,61,96,76,40,6,121,25,47,44,127,50,18" hai2="22,75,83,130,2,71,53,77,123,108,11,14,4" hai3="103,41,65,54,135,81,34,33,70,3,12,55,84"/><U100/><E127/><V49/><F123/><W66/><G3/><T28/><D116/><U31/><E121/><V51/><F108/><W131/><G135/><T125/><D125/><U120/><E120/><V46/><F130/><W93/><G131/><T10/><D28/><U73/><E110/><V82/><F71/><W1/><G1/><T57/><D48/><U105/><E6/><V58/><F83/><W29/><G41/><T115/><D115/><U27/><E61/><V26/><F2/><W112/><G12/><N who="0" m="5215" /><D85/><U13/><E31/><V78/><F78/><W132/><G34/><T56/><D57/><U15/><E15/><V38/><F38/><W124/><G112/><T128/><D128/><U79/><E44/><V92/><F92/><N who="0" m="35370" /><D99/><U5/><E5/><V30/><F46/><W107/><G107/><T126/><D126/><U111/><E111/><V9/><F9/><W89/><G124/><T67/><D64/><U35/><E35/><V114/><F114/><W0/><G0/><T19/><D19/><U98/><E98/><V72/><F51/><W102/><G66/><T90/><D90/><U39/><E39/><V45/><F58/><W16/><G65/><T86/><D86/><AGARI ba="0,0" hai="4,11,14,22,26,30,45,49,53,72,75,77,82,86" machi="86" ten="30,3900,0" yaku="7,1,52,2" doraHai="104" who="2" fromWho="0" sc="245,-39,271,0,237,39,247,0" /><INIT seed="2,0,0,3,4,40" ten="206,271,276,247" oya="2" hai0="39,64,80,129,20,19,49,117,50,88,82,134,41" hai1="90,23,109,130,51,97,48,75,120,94,22,78,57" hai2="5,86,102,92,0,35,100,55,96,21,53,56,52" hai3="106,17,61,68,9,30,128,95,26,45,105,69,44"/><V84/><F35/><W101/><G105/><T4/><D134/><U18/><E109/><V60/><F102/><W33/><G128/><T70/><D129/><U59/><E130/><V32/><F32/><W81/><G95/><T114/><D114/><U8/><E120/><V76/><F76/><W135/><G135/><T24/><D117/><U99/><E8/><V54/><F0/><W103/><G81/><T132/><D132/><U122/><E122/><V34/><F34/><W126/><G126/><T127/><D127/><U10/><E10/><V62/><F5/><W93/><G93/><T133/><D4/><U29/><E99/><V46/><F62/><W65/><G69/><T7/><D7/><U85/><E75/><V91/><F21/><W115/><G115/><T104/><D104/><U66/><E29/><V110/><F110/><W13/><G103/><T98/><D39/><U43/><E23/><V118/><F118/><W37/><G37/><T67/><D133/><U112/><E112/><V31/><F31/><W73/><G73/><T3/><D3/><U89/><E78/><V71/><F71/><W113/><G113/><T14/><D24/><U123/><E123/><V87/><F100/><W72/><G72/><T42/><D70/><U124/><E124/><V77/><F77/><W11/><REACH who="3" step="1"/><G9/><REACH who="3" ten="206,271,276,237" step="2"/><T111/><D111/><U79/><E94/><V131/><F131/><W28/><G28/><T12/><D98/><AGARI ba="0,1" hai="11,13,17,26,30,33,44,45,61,65,68,98,101,106" machi="98" ten="40,12000,2" yaku="1,1,25,2,52,2,53,1" doraHai="40" doraHaiUra="25" who="3" fromWho="0" sc="206,-120,271,0,276,0,237,130" /><INIT seed="3,0,0,2,0,69" ten="86,271,276,367" oya="3" hai0="9,8,36,102,118,129,84,31,20,65,18,60,44" hai1="43,126,64,50,109,45,83,0,111,7,17,119,133" hai2="100,57,103,56,113,107,131,77,21,26,86,89,55" hai3="70,112,121,59,95,73,134,22,54,99,123,35,27"/><W110/><G112/><T132/><D118/><U49/><E126/><V104/><F113/><W124/><G73/><T33/><D102/><U42/><E133/><V94/><F131/><W34/><G70/><T117/><D117/><U40/><E119/><V87/><F107/><W28/><G134/><T92/><D132/><U61/><E83/><V3/><F3/><W62/><G124/><T24/><D129/><U116/><E116/><V120/><F104/><W39/><G39/><T130/><D130/><U41/><E17/><V101/><F120/><W30/><G110/><N who="1" m="41994" /><E7/><V6/><F6/><W19/><G35/><T10/><D92/><U15/><E15/><V63/><F57/><W125/><G30/><T106/><D84/><U47/><E0/><V11/><F11/><W82/><G82/><T93/><D93/><U114/><E114/><V51/><F77/><W37/><G125/><T13/><D106/><U75/><E75/><V81/><F81/><W4/><G4/><T71/><D44/><U23/><E23/><V127/><F127/><W78/><G22/><T12/><D60/><U16/><E16/><N who="2" m="12583" /><F63/><W68/><G62/><T25/><D65/><U108/><N who="1" m="42002" /><U14/><DORA hai="91" /><E14/><N who="0" m="5737" /><D71/><AGARI ba="0,0" hai="40,41,42,43,45,47,49,50,61,64,71" m="42002" machi="71" ten="40,5200,0" yaku="14,1,34,2" doraHai="69,91" who="1" fromWho="0" sc="86,-52,271,52,276,0,367,0" owari="34,-46.6,323,12.3,276,-12.4,367,46.7" /></mjloggm>