<mjloggm ver="2.3"><GO type="225" lobby="0"/><UN n0="%E6%9C%88%E5%B3%B6%E5%9F%BA" n1="%77%72%77%72%77%72%77%72" n2="%E6%A1%9C%E8%8A%B1%E9%96%83%E3%80%85" n3="%E3%83%96%E3%83%83%E3%83%91%E3%82%AA%E3%83%96%E3%83%81%E3%82%AD%E3%83%B3" dan="16,17,16,16" rate="2144.17,2141.07,2181.96,2197.94" sx="M,M,M,M"/><TAIKYOKU oya="0"/><INIT seed="0,0,0,2,0,124" ten="250,250,250,250" oya="0" hai0="22,41,54,129,70,114,117,79,135,108,96,81,72" hai1="78,126,16,71,2,63,113,93,5,15,123,109,89" hai2="50,125,7,74,25,20,26,40,104,64,38,60,67" hai3="61,92,12,58,107,83,65,13,105,106,34,1,10"/><T47/><D114/><U21/><E123/><V0/><F125/><W4/><G34/><T53/><D117/><U33/><E126/><V77/><F104/><W48/><G92/><T132/><D70/><U94/><E113/><V111/><F38/><W110/><G110/><T80/><D108/><U36/><E109/><V14/><F0/><W31/><G31/><T102/><D80/><U56/><E36/><V55/><F74/><W49/><G83/><T73/><D73/><U91/><E33/><V116/><F77/><W29/><G29/><T35/><D22/><U59/><E78/><V24/><F116/><W52/><REACH who="3" step="1"/><G48/><REACH who="3" ten="250,250,250,240" step="2"/><N who="0" m="26735" /><D35/><U43/><E94/><V120/><F111/><W8/><G8/><T46/><D81/><U128/><E93/><V39/><F39/><W85/><G85/><T84/><D84/><U28/><E28/><V115/><F115/><W86/><G86/><T87/><D87/><U66/><E91/><V97/><F20/><W68/><AGARI ba="0,1" hai="1,4,10,12,13,49,52,58,61,65,68,105,106,107" machi="68" ten="30,4000,0" yaku="1,1,0,1,54,1,53,0" doraHai="124" doraHaiUra="130" who="3" fromWho="3" sc="250,-20,250,-10,250,-10,240,50" /><INIT seed="1,0,0,3,4,100" ten="230,240,240,290" oya="1" hai0="10,42,91,92,121,22,114,49,58,44,135,81,63" hai1="83,131,53,51,93,56,117,32,118,74,52,88,48" hai2="94,1,123,57,112,40,41,78,35,129,104,61,99" hai3="17,16,106,77,70,80,103,59,0,29,9,47,90"/><U36/><E36/><V86/><F123/><W97/><G70/><T54/><D114/><U69/><E69/><V96/><F112/><W133/><G133/><T21/><D121/><U82/><E32/><V27/><F1/><W108/><G108/><T89/><D135/><U119/><E131/><V3/><F3/><W95/><G29/><T113/><D113/><U34/><E34/><V33/><F129/><W134/><G134/><T75/><D10/><U23/><E74/><V5/><F5/><N who="3" m="1191" /><G59/><T79/><REACH who="0" step="1"/><D91/><REACH who="0" ten="220,240,240,290" step="2"/><U68/><E68/><V26/><F35/><W66/><G66/><T19/><D19/><U122/><E122/><V64/><F33/><W28/><G28/><T105/><D105/><U72/><E23/><V71/><F104/><W73/><G47/><T8/><D8/><U85/><REACH who="1" step="1"/><E72/><REACH who="1" ten="220,230,240,290" step="2"/><V20/><F20/><W62/><G62/><T120/><D120/><U110/><E110/><V7/><F61/><W15/><G73/><T115/><D115/><U98/><E98/><AGARI ba="0,2" hai="21,22,42,44,49,54,58,63,75,79,81,89,92,98" machi="98" ten="30,2000,0" yaku="1,1,7,1,53,0" doraHai="100" doraHaiUra="67" who="0" fromWho="1" sc="220,40,230,-20,240,0,290,0" /><INIT seed="2,0,0,2,5,109" ten="260,210,240,290" oya="2" hai0="72,130,34,49,35,113,24,126,92,131,94,48,69" hai1="55,89,75,1,30,129,11,95,90,125,132,53,111" hai2="64,101,21,42,44,60,23,33,37,8,20,61,45" hai3="12,88,78,99,105,71,67,127,82,91,135,124,79"/><V121/><F121/><W10/><G71/><T6/><D72/><U19/><E111/><V77/><F33/><N who="0" m="12298" /><D69/><U65/><E129/><N who="0" m="49161" /><D24/><U13/><E132/><V80/><F101/><N who="3" m="62655" /><G67/><T70/><D70/><U110/><E110/><V66/><F8/><W83/><G135/><T93/><D6/><U100/><E125/><N who="3" m="48202" /><G12/><T118/><D126/><U36/><E36/><V47/><F37/><W26/><G10/><T63/><D63/><N who="2" m="24138" /><F42/><W54/><G54/><N who="1" m="20490" /><E75/><V128/><F128/><W50/><G50/><N who="0" m="19563" /><D113/><U46/><E1/><V14/><F14/><W38/><G26/><T74/><D74/><U112/><E112/><V87/><AGARI ba="0,0" hai="20,21,23,44,45,47,64,66,77,80,87" m="24138" machi="87" ten="40,2100,0" yaku="8,1" doraHai="109" who="2" fromWho="2" sc="260,-7,210,-7,240,21,290,-7" /><INIT seed="2,1,0,0,0,50" ten="253,203,261,283" oya="2" hai0="21,23,114,123,98,112,25,36,109,135,79,125,122" hai1="127,35,88,81,93,60,39,41,26,24,44,66,3" hai2="37,104,77,34,115,71,1,19,133,120,124,4,40" hai3="33,89,126,99,16,113,119,30,0,68,32,130,108"/><V103/><RYUUKYOKU type="yao9" ba="1,0" sc="253,0,203,0,261,0,283,0" hai2="1,4,19,34,37,40,71,77,103,104,115,120,124,133" /><INIT seed="2,2,0,4,2,116" ten="253,203,261,283" oya="2" hai0="41,110,31,40,122,4,54,53,113,103,3,0,92" hai1="123,128,95,68,12,2,51,89,100,104,39,18,63" hai2="6,19,74,135,126,84,57,97,131,26,43,85,96" hai3="15,25,81,94,83,88,127,79,130,66,50,60,73"/><V111/><F74/><W106/><G130/><T17/><D113/><U108/><E39/><V91/><F131/><W87/><G127/><T75/><D75/><U105/><E128/><V61/><F126/><W46/><G106/><T34/><D110/><U107/><E2/><V64/><F135/><W47/><G15/><T13/><D122/><U76/><E108/><V59/><F111/><W20/><G94/><T38/><D38/><U49/><E76/><V121/><F121/><W86/><G73/><T7/><D34/><U52/><E100/><V36/><F6/><N who="0" m="2090" /><D31/><U69/><E123/><V67/><F43/><N who="0" m="16458" /><D3/><U58/><E51/><V132/><F85/><W118/><G50/><T44/><D44/><U8/><REACH who="1" step="1"/><E49/><REACH who="1" ten="253,193,261,283" step="2"/><V133/><F36/><W29/><REACH who="3" step="1"/><G118/><REACH who="3" ten="253,193,261,273" step="2"/><T32/><D0/><U71/><E71/><AGARI ba="2,2" hai="20,25,29,46,47,60,66,71,79,81,83,86,87,88" machi="71" ten="30,7700,0" yaku="1,1,2,1,7,1,54,1,53,0" doraHai="116" doraHaiUra="112" who="3" fromWho="1" sc="253,0,193,-83,261,0,273,103" /><INIT seed="3,0,0,5,1,51" ten="253,110,261,376" oya="3" hai0="57,68,11,23,28,65,59,66,132,4,83,130,94" hai1="125,82,47,0,6,26,73,34,5,9,45,126,18" hai2="108,95,22,134,54,35,110,30,27,46,44,128,87" hai3="129,40,61,15,135,76,37,67,131,96,69,48,12"/><W84/><G135/><T98/><D132/><U55/><E6/><V133/><F128/><N who="3" m="49227" /><G37/><T103/><D130/><U107/><E107/><V2/><F22/><W32/><G32/><T123/><D123/><U79/><E18/><V29/><F87/><W112/><G112/><T119/><D119/><U89/><E89/><V101/><F95/><W25/><G25/><N who="0" m="16447" /><D68/><U102/><E102/><V77/><F54/><W116/><G116/><T127/><D127/><U17/><E17/><V120/><F77/><W92/><G40/><T24/><D24/><U10/><E10/><V99/><F2/><W1/><G48/><T122/><D122/><U81/><E81/><V75/><F75/><W90/><G1/><T33/><D33/><U86/><E86/><V31/><F31/><W80/><AGARI ba="0,0" hai="12,15,61,67,69,76,80,84,90,92,96" m="49227" machi="80" ten="30,1500,0" yaku="19,1" doraHai="51" who="3" fromWho="3" sc="253,-5,110,-5,261,-5,376,15" owari="248,-15.2,105,-39.5,256,5.6,391,49.1" /></mjloggm>