<mjloggm ver="2.3"><GO type="225" lobby="0"/><UN n0="%33%74%72%65%65" n1="%E3%81%8B%E3%82%8F%E3%81%A1%E3%82%83%E3%82%93%35%38" n2="%E3%83%81%E3%83%83%E3%82%BF%E3%82%BD%E3%83%BC" n3="%E3%83%96%E3%83%83%E3%83%91%E3%82%AA%E3%83%96%E3%83%81%E3%82%AD%E3%83%B3" dan="16,16,16,16" rate="2092.57,2164.46,2164.93,2169.64" sx="F,M,F,M"/><TAIKYOKU oya="0"/><INIT seed="0,0,0,2,0,117" ten="250,250,250,250" oya="0" hai0="132,32,81,125,6,17,131,92,8,58,84,75,0" hai1="38,59,42,46,119,102,123,82,91,67,70,127,133" hai2="61,24,118,7,135,18,97,126,68,114,27,107,110" hai3="86,99,90,13,57,83,4,62,77,34,71,103,21"/><T65/><D132/><U47/><E102/><V40/><F114/><W122/><G34/><T73/><D131/><U89/><E119/><V9/><F118/><W16/><G71/><T124/><D32/><U30/><E30/><V48/><F126/><N who="0" m="48746" /><D92/><U80/><E127/><V55/><F40/><W26/><G122/><T45/><D45/><U76/><E70/><V41/><F41/><W20/><G4/><T79/><D17/><U36/><E42/><V128/><F128/><W29/><G77/><T104/><D104/><U129/><E129/><V12/><F135/><W50/><G50/><T44/><D44/><U11/><E133/><V51/><F97/><W130/><G130/><T33/><D33/><U134/><E134/><V111/><F107/><W94/><REACH who="3" step="1"/><G62/><AGARI ba="0,0" hai="0,6,8,58,62,65,73,75,79,81,84" m="48746" machi="62" ten="30,1500,0" yaku="18,1" doraHai="117" who="0" fromWho="3" sc="250,15,250,0,250,0,250,-15" /><INIT seed="0,1,0,0,1,70" ten="265,250,250,235" oya="0" hai0="93,43,79,10,28,114,40,120,73,39,119,38,48" hai1="53,45,125,24,109,86,130,27,61,117,108,55,122" hai2="54,22,82,103,89,21,23,15,29,106,25,17,11" hai3="32,47,78,2,77,83,68,128,134,102,41,49,50"/><T26/><D114/><U31/><E117/><V74/><F103/><W87/><G128/><T57/><D119/><U132/><E122/><V99/><F106/><W42/><G134/><T0/><D120/><U34/><E132/><V16/><F54/><W115/><G115/><T58/><D93/><U30/><E130/><V46/><F46/><W12/><G2/><T88/><D88/><U72/><E72/><V20/><F74/><W13/><G68/><T116/><D116/><U111/><E125/><V123/><F123/><W35/><G102/><T95/><D95/><U66/><E86/><N who="2" m="50391" /><F99/><W90/><G35/><T63/><D79/><N who="3" m="30217" /><G32/><T69/><D73/><U62/><E45/><AGARI ba="1,0" hai="12,13,41,42,45,47,49,50,83,87,90" m="30217" machi="45" ten="30,1000,0" yaku="8,1" doraHai="70" who="3" fromWho="1" sc="265,0,250,-13,250,0,235,13" /><INIT seed="1,0,0,5,0,117" ten="265,237,250,248" oya="1" hai0="70,61,41,77,60,102,131,25,16,63,8,47,85" hai1="128,91,40,84,34,3,56,112,68,5,14,83,21" hai2="27,122,111,73,129,43,69,95,93,130,79,109,30" hai3="132,48,96,24,113,53,116,126,44,124,106,18,6"/><U115/><E68/><V46/><F69/><W55/><G113/><T75/><D75/><U101/><E34/><V67/><F67/><W20/><G116/><T98/><D131/><N who="2" m="50186" /><F79/><W54/><G132/><T105/><D70/><U133/><E128/><V4/><F4/><W17/><G6/><T51/><D77/><U135/><E101/><V49/><F73/><W120/><G120/><T94/><D85/><U15/><E40/><V1/><F1/><W74/><G74/><T26/><REACH who="0" step="1"/><D105/><REACH who="0" ten="255,237,250,248" step="2"/><U0/><E115/><V9/><F122/><W103/><G126/><T104/><D104/><U64/><E112/><V86/><F86/><W87/><G124/><T81/><D81/><U108/><E108/><N who="2" m="41547" /><F9/><W71/><G71/><T35/><D35/><AGARI ba="0,1" hai="27,30,35,43,46,49,93,95" m="41547,50186" machi="35" ten="30,2000,0" yaku="19,1,14,1" doraHai="117" who="2" fromWho="0" sc="255,-20,237,0,250,30,248,0" /><INIT seed="2,0,0,2,3,87" ten="235,237,280,248" oya="2" hai0="118,102,100,59,114,10,69,108,121,34,98,125,66" hai1="22,29,117,25,68,5,82,89,52,1,20,3,51" hai2="84,124,116,134,27,18,80,16,130,7,0,4,128" hai3="12,123,70,131,88,43,36,101,28,120,19,44,50"/><V135/><F116/><W126/><G101/><T81/><D121/><U17/><E117/><V76/><F124/><W107/><G107/><T38/><D118/><U45/><E68/><V37/><F37/><W6/><G126/><T65/><D125/><U60/><E5/><N who="2" m="2123" /><F0/><W115/><G115/><T122/><D122/><U106/><E106/><V47/><F47/><W111/><G111/><T35/><D114/><U86/><REACH who="1" step="1"/><E60/><REACH who="1" ten="235,227,280,248" step="2"/><V78/><F134/><W31/><G70/><T39/><D69/><U23/><E23/><N who="2" m="13799" /><F135/><W75/><G6/><T72/><D34/><U13/><AGARI ba="0,1" hai="1,3,13,17,20,22,25,29,45,51,52,82,86,89" machi="13" ten="20,12000,2" yaku="1,1,0,1,7,1,52,1,54,1,53,1" doraHai="87" doraHaiUra="79" who="1" fromWho="1" sc="235,-30,227,130,280,-60,248,-30" /><INIT seed="3,0,0,1,5,24" ten="205,357,220,218" oya="3" hai0="102,75,8,76,33,63,30,23,122,50,85,0,114" hai1="106,124,133,2,65,108,126,129,68,62,123,90,11" hai2="28,80,110,40,57,100,53,88,127,42,16,94,79" hai3="72,3,17,37,115,70,66,51,96,36,48,104,113"/><W44/><G72/><T116/><D122/><U5/><E123/><V60/><F110/><W83/><G3/><T15/><D116/><U107/><E108/><V14/><F127/><N who="1" m="48681" /><E133/><V55/><F53/><N who="3" m="29831" /><G83/><N who="0" m="47335" /><D75/><U54/><E129/><V56/><F57/><W101/><G104/><N who="1" m="39978" /><E90/><V43/><F100/><W103/><G115/><T46/><D114/><U121/><E121/><V22/><F80/><W86/><G113/><T10/><D33/><U41/><E54/><V77/><REACH who="2" step="1"/><F28/><REACH who="2" ten="205,357,210,218" step="2"/><W112/><G112/><T93/><D30/><U12/><E41/><V128/><F128/><W125/><G125/><T81/><D81/><U35/><E35/><V31/><F31/><W61/><G103/><T131/><D131/><U91/><E91/><V20/><F20/><W39/><G101/><T117/><D117/><U58/><E58/><V134/><F134/><W95/><G95/><T49/><D63/><U120/><E120/><V7/><F7/><W25/><G61/><T73/><D73/><U13/><AGARI ba="0,1" hai="2,5,11,12,13,62,65,68" m="39978,48681" machi="13" ten="40,1500,0" yaku="18,1" doraHai="24" who="1" fromWho="1" sc="205,-4,357,25,210,-4,218,-7" owari="201,-29.9,382,48.2,206,-19.4,211,1.1" /></mjloggm>