<mjloggm ver="2.3"><GO type="225" lobby="0"/><UN n0="%E6%A1%9C%E8%8A%B1%E9%96%83%E3%80%85" n1="%E3%83%B4%E3%83%A0%EF%BC%99%E3%81%A6" n2="%E6%97%A5%E6%9B%9C%E6%97%A5%E3%82%88%E3%82%8A%E3%81%AE%E4%BD%BF%E8%80%85" n3="%E5%8F%AF%E5%85%90%E9%82%A3%E7%94%B1%E5%A4%9A" dan="16,16,17,16" rate="2119.59,2126.01,2168.39,2102.58" sx="M,M,M,F"/><TAIKYOKU oya="0"/><INIT seed="0,0,0,0,2,71" ten="250,250,250,250" oya="0" hai0="11,126,131,84,70,76,103,7,3,41,86,30,50" hai1="9,13,121,78,106,97,19,52,42,10,118,108,123" hai2="29,117,20,36,104,99,46,109,93,111,101,22,92" hai3="31,128,33,100,88,37,62,89,1,60,16,129,80"/><T90/><D70/><U81/><E118/><V132/><F117/><W102/><G1/><T23/><D126/><U34/><E34/><V133/><F104/><W51/><G31/><T58/><D131/><N who="3" m="50249" /><G33/><T44/><D103/><N who="3" m="39465" /><G51/><T119/><D119/><U66/><E108/><N who="2" m="41547" /><F93/><W0/><G0/><T45/><D76/><U49/><E97/><V17/><F29/><W40/><G16/><T74/><D74/><U120/><E106/><V38/><F46/><N who="3" m="23823" /><G80/><T91/><D45/><U56/><E42/><V75/><F75/><W69/><G69/><T54/><D30/><U67/><REACH who="1" step="1"/><E9/><REACH who="1" ten="250,240,250,250" step="2"/><V127/><F127/><W83/><G83/><T85/><REACH who="0" step="1"/><D23/><REACH who="0" ten="240,240,250,250" step="2"/><U82/><E82/><V4/><F22/><W18/><G18/><T2/><D2/><U15/><E15/><N who="2" m="9279" /><F4/><W96/><G96/><T73/><D73/><AGARI ba="0,2" hai="10,13,19,49,52,56,66,67,73,78,81,120,121,123" machi="73" ten="40,5200,0" yaku="1,1,54,1,53,1" doraHai="71" doraHaiUra="72" who="1" fromWho="0" sc="240,-52,240,72,250,0,250,0" /><INIT seed="1,0,0,4,5,45" ten="188,312,250,250" oya="1" hai0="30,53,42,27,82,25,3,20,58,116,26,6,135" hai1="95,80,68,73,90,98,77,131,100,124,5,111,94" hai2="134,86,34,41,126,85,72,12,75,119,39,103,37" hai3="19,113,48,21,99,105,83,0,61,78,125,71,2"/><U23/><E68/><V101/><F119/><W66/><G113/><T31/><D116/><U84/><E5/><V51/><F34/><W121/><G121/><T115/><D115/><U76/><E23/><V120/><F120/><W55/><G125/><T129/><D129/><U50/><E124/><V59/><F126/><W36/><G36/><T52/><D135/><U1/><E1/><V43/><F12/><W64/><G64/><T16/><D42/><U91/><E131/><V38/><F134/><W114/><G114/><T92/><D82/><N who="1" m="45327" /><E50/><V127/><F127/><W49/><G99/><T63/><D92/><N who="1" m="35371" /><E111/><V97/><F38/><W93/><G93/><AGARI ba="0,0" hai="77,80,84,90,91,93,98,100" m="35371,45327" machi="93" ten="30,12000,1" yaku="35,5" doraHai="45" who="1" fromWho="3" sc="188,0,312,120,250,0,250,-120" /><INIT seed="1,1,0,5,0,124" ten="188,432,250,130" oya="1" hai0="95,46,100,98,34,96,65,84,126,5,27,131,76" hai1="69,12,67,49,104,13,62,73,113,47,30,106,91" hai2="53,60,103,31,133,22,15,132,57,55,64,44,36" hai3="23,92,43,80,79,37,105,8,102,25,18,82,48"/><U66/><E113/><V130/><F103/><W108/><G105/><T39/><D126/><U50/><E73/><V20/><F31/><W135/><G37/><T115/><D115/><U7/><E30/><V74/><F74/><W129/><G108/><T52/><D65/><U97/><E66/><V59/><F15/><W87/><G135/><N who="2" m="51785" /><F130/><W16/><G129/><T114/><D114/><U40/><E49/><N who="2" m="28839" /><F36/><W71/><G71/><T77/><D5/><U35/><E35/><V9/><F9/><W128/><G128/><T101/><D131/><U125/><E125/><V1/><F1/><W127/><G127/><T90/><D39/><U94/><E12/><V99/><F99/><N who="0" m="37930" /><D27/><U68/><E7/><V134/><N who="2" m="51793" /><V116/><DORA hai="41" /><F116/><W81/><G8/><T121/><D34/><U72/><E72/><V111/><F111/><W86/><G18/><T112/><D112/><U109/><E13/><V75/><F75/><W83/><G102/><N who="0" m="39531" /><D121/><U0/><E0/><V11/><F11/><W29/><G29/><T54/><D54/><U56/><E109/><V2/><F2/><W14/><G25/><T120/><D120/><U119/><E119/><V107/><F107/><W110/><G110/><T4/><D4/><U45/><E106/><V17/><F17/><W123/><G123/><T10/><D10/><U122/><E104/><V51/><AGARI ba="1,0" hai="20,22,51,55,57,59,60,64" m="28839,51793" machi="51" ten="40,2700,0" yaku="20,1,52,1" doraHai="124,41" who="2" fromWho="2" sc="188,-8,432,-14,250,30,130,-8" /><INIT seed="2,0,0,2,3,9" ten="180,418,280,122" oya="2" hai0="100,83,34,119,123,87,43,99,96,69,26,16,40" hai1="0,112,85,93,124,61,107,66,103,47,68,129,80" hai2="23,132,17,73,86,128,46,110,133,29,135,18,109" hai3="15,35,125,130,19,7,134,42,98,63,59,89,64"/><V30/><F73/><W56/><G35/><T39/><D123/><U76/><E112/><V14/><F128/><W115/><G130/><T131/><D131/><U92/><E129/><V22/><F86/><W105/><G115/><T104/><D119/><U62/><E0/><V120/><F46/><W78/><G134/><T95/><D69/><U116/><E116/><V65/><F65/><W54/><G125/><T36/><D34/><U32/><E124/><V28/><F120/><W77/><G42/><T122/><D122/><U121/><E121/><V127/><F127/><W21/><G7/><T94/><D104/><U31/><E61/><V53/><F53/><W45/><G45/><T118/><D118/><U71/><E47/><V27/><AGARI ba="0,0" hai="14,17,18,22,23,27,28,29,30,109,110,132,133,135" machi="27" ten="40,18000,2" yaku="0,1,20,1,34,3,52,1" doraHai="9" who="2" fromWho="2" sc="180,-60,418,-60,280,180,122,-60" /><INIT seed="2,1,0,2,0,119" ten="120,358,460,62" oya="2" hai0="109,127,8,0,42,124,110,122,85,57,115,99,106" hai1="32,67,39,50,45,120,68,6,97,15,101,128,49" hai2="121,60,41,36,84,54,31,69,78,3,108,44,47" hai3="56,70,18,26,123,126,131,65,62,20,81,117,129"/><V40/><F3/><W53/><G117/><T118/><D118/><U103/><E32/><V14/><F31/><W2/><G2/><T80/><D42/><U12/><E39/><N who="2" m="21535" /><F14/><W72/><G126/><N who="0" m="48171" /><D57/><U21/><E128/><V7/><F7/><W35/><G35/><T9/><D115/><U23/><E97/><V83/><F84/><W94/><G94/><T43/><D43/><U37/><E37/><V98/><F98/><W77/><REACH who="3" step="1"/><G123/><REACH who="3" ten="120,358,460,52" step="2"/><T48/><D122/><U38/><E120/><V66/><F121/><W16/><G16/><T100/><D0/><U61/><E6/><V95/><F95/><W51/><AGARI ba="1,1" hai="18,20,26,51,53,56,62,65,70,72,77,81,129,131" machi="51" ten="30,2000,0" yaku="1,1,0,1,53,0" doraHai="119" doraHaiUra="134" who="3" fromWho="3" sc="120,-6,358,-6,460,-11,52,33" /><INIT seed="3,0,0,2,0,29" ten="114,352,449,85" oya="3" hai0="61,129,1,73,113,70,127,96,39,21,38,13,32" hai1="67,14,8,125,53,80,106,15,93,109,130,57,47" hai2="105,58,62,123,103,26,77,92,56,50,20,122,101" hai3="85,68,3,4,83,36,87,88,9,23,115,7,31"/><W55/><G115/><T6/><D73/><U51/><E109/><V28/><F77/><W132/><G36/><T33/><D21/><U102/><E125/><V42/><F105/><W91/><G68/><T34/><D13/><U65/><E130/><V25/><F25/><W16/><G132/><T0/><D127/><U107/><E107/><V95/><F95/><W63/><G31/><T78/><D78/><U10/><E106/><V19/><F19/><W5/><G63/><T135/><D96/><U117/><E117/><V74/><F74/><W48/><G55/><T99/><D99/><U121/><E121/><N who="2" m="46091" /><F92/><W133/><G48/><T104/><D104/><U41/><E80/><V52/><F42/><W2/><G133/><T79/><D79/><U54/><E93/><V110/><F110/><W124/><G124/><T72/><D61/><U131/><E131/><V60/><F60/><W126/><G126/><T45/><D45/><U44/><E102/><V69/><F69/><W134/><G134/><T81/><D0/><U76/><E76/><V59/><F59/><W128/><G128/><T116/><D38/><U12/><E41/><V40/><F40/><W75/><G75/><T108/><D6/><U11/><REACH who="1" step="1"/><E53/><AGARI ba="0,0" hai="20,26,28,50,52,53,56,58,62,101,103" m="46091" machi="53" ten="30,2000,0" yaku="13,1,54,1" doraHai="29" who="2" fromWho="1" sc="114,0,352,-20,449,20,85,0" owari="114,-28.6,332,13.2,469,56.9,85,-41.5" /></mjloggm>