<mjloggm ver="2.3"><GO type="225" lobby="0"/><UN n0="%E3%81%82%E3%81%84%E3%81%82%E3%81%8A%E3%81%84" n1="%E7%B4%94%E6%BD%94%E3%83%94%E3%83%A9%E3%83%8B%E3%82%A2" n2="%E3%81%AF%E3%82%88%E3%81%8A%E3%81%98%E3%81%95%E3%82%93" n3="%E6%B8%85%E9%A2%A8%E5%8C%97" dan="18,17,16,16" rate="2182.76,2210.43,2174.66,2221.09" sx="M,M,M,F"/><TAIKYOKU oya="0"/><INIT seed="0,0,0,2,2,86" ten="250,250,250,250" oya="0" hai0="109,76,14,118,16,54,115,17,32,57,46,77,15" hai1="44,119,134,80,11,34,47,129,36,121,60,66,107" hai2="72,90,106,7,39,110,128,28,114,93,85,22,75" hai3="97,43,111,41,73,68,25,42,38,78,108,95,122"/><T18/><D115/><U133/><E107/><V27/><F114/><W30/><G68/><T89/><D118/><U56/><E34/><V45/><F106/><W125/><G125/><T116/><D32/><U4/><E119/><V3/><F110/><N who="3" m="42027" /><G122/><T74/><D116/><U55/><E121/><V13/><F3/><W53/><G53/><T99/><D109/><U12/><E129/><V48/><F39/><W70/><G70/><T120/><D120/><U58/><E80/><V2/><F2/><W102/><G78/><N who="0" m="30315" /><D46/><U87/><E87/><V91/><F128/><W126/><G126/><T94/><D74/><U83/><E83/><V6/><F75/><W124/><G124/><T130/><D130/><U8/><E11/><V123/><F72/><W0/><G0/><T40/><D40/><U51/><REACH who="1" step="1"/><E36/><REACH who="1" ten="250,240,250,250" step="2"/><V100/><F85/><W64/><G73/><T62/><AGARI ba="0,1" hai="14,15,16,17,18,54,57,62,89,94,99" m="30315" machi="62" ten="30,6000,0" yaku="8,1,52,1,54,1" doraHai="86" who="0" fromWho="0" sc="250,70,240,-20,250,-20,250,-20" /><INIT seed="0,1,0,4,4,40" ten="320,220,230,230" oya="0" hai0="71,53,55,32,1,58,126,49,111,38,9,129,8" hai1="134,82,39,125,127,22,43,123,116,16,85,121,5" hai2="2,74,130,70,77,101,36,99,27,46,29,97,52" hai3="67,113,72,86,6,120,62,28,30,61,56,50,131"/><T75/><D75/><U107/><E107/><V93/><F70/><W68/><G72/><T92/><D32/><U76/><E5/><V66/><F2/><W34/><G113/><T78/><D71/><U135/><E116/><V48/><F66/><W115/><G115/><T23/><D78/><U65/><E65/><V45/><F130/><W47/><G131/><T7/><D38/><U96/><E96/><V117/><F117/><W37/><G6/><T95/><D129/><U41/><E43/><V122/><F122/><N who="1" m="46601" /><E41/><V26/><F36/><W69/><G37/><T94/><D126/><N who="1" m="48139" /><E39/><V104/><F46/><W132/><G67/><T108/><D9/><U17/><E22/><V87/><F29/><W21/><G28/><T100/><D100/><U18/><AGARI ba="1,0" hai="16,17,18,76,82,85,134,135" m="48139,46601" machi="18" ten="40,2700,0" yaku="18,1,54,1" doraHai="40" who="1" fromWho="1" sc="320,-14,220,30,230,-8,230,-8" /><INIT seed="1,0,0,1,4,106" ten="306,250,222,222" oya="1" hai0="17,19,15,86,92,107,90,78,51,46,61,85,103" hai1="128,132,41,69,77,47,104,37,23,53,101,133,67" hai2="126,76,119,123,134,70,89,10,94,49,40,122,21" hai3="135,99,11,130,12,57,112,110,117,108,102,73,54"/><U95/><E104/><V111/><F70/><W56/><G112/><T68/><D107/><U64/><E128/><V33/><F33/><W36/><G36/><T100/><D68/><U97/><E53/><V72/><F119/><W18/><G117/><T13/><D61/><U121/><E121/><V32/><F32/><W28/><G130/><T45/><D78/><U60/><E67/><V14/><F111/><N who="3" m="42539" /><G135/><T118/><D118/><U129/><E129/><V43/><F134/><N who="1" m="51817" /><E77/><V93/><F126/><W82/><G28/><T83/><D83/><U127/><E23/><V39/><F39/><W81/><G73/><T63/><D63/><U2/><E2/><V114/><F114/><W109/><N who="3" m="42547" /><W59/><DORA hai="65" /><G54/><T0/><D0/><U30/><E30/><V9/><F72/><W29/><G29/><T115/><D115/><U120/><E120/><V113/><F113/><W20/><G20/><T116/><D116/><U8/><E8/><V131/><F131/><W88/><G88/><T71/><D90/><U87/><E87/><V42/><F76/><W58/><N who="3" m="14336" /><DORA hai="22" /><W74/><G74/><T50/><D92/><AGARI ba="0,0" hai="11,12,18,81,82,92,99,102" m="14336,42547" machi="92" ten="60,2000,0" yaku="14,1" doraHai="106,65,22" who="3" fromWho="0" sc="306,-20,250,0,222,0,222,20" /><INIT seed="2,0,0,4,1,15" ten="286,250,222,242" oya="2" hai0="110,75,125,31,27,97,65,92,50,40,56,132,24" hai1="4,61,115,57,117,93,107,106,45,46,104,39,53" hai2="14,12,118,13,121,32,89,8,95,77,44,129,3" hai3="81,47,114,105,7,63,60,74,38,49,84,69,17"/><V102/><F118/><W54/><G105/><T16/><D75/><U1/><E117/><V71/><F121/><W111/><G74/><T82/><D110/><U11/><E115/><V134/><F71/><W25/><G111/><T0/><D0/><U35/><E35/><V123/><F32/><W108/><G108/><T51/><D82/><U28/><E28/><V83/><F123/><W103/><G103/><T68/><D68/><U109/><E109/><V101/><F129/><W87/><G38/><T58/><D125/><U26/><E26/><V98/><F134/><W20/><G7/><T99/><D132/><U78/><E78/><V22/><F44/><W64/><G114/><T19/><D92/><U79/><E79/><V55/><F55/><W6/><G6/><T96/><D40/><U130/><E130/><V41/><F41/><W30/><G81/><T36/><D36/><U73/><E73/><V29/><F3/><W86/><REACH who="3" step="1"/><G63/><REACH who="3" ten="286,250,222,232" step="2"/><T88/><D31/><AGARI ba="0,1" hai="17,20,25,30,31,47,49,54,60,64,69,84,86,87" machi="31" ten="40,5200,0" yaku="1,1,2,1,52,1,53,0" doraHai="15" doraHaiUra="33" who="3" fromWho="0" sc="286,-52,250,0,222,0,232,62" /><INIT seed="3,0,0,3,2,71" ten="234,250,222,294" oya="3" hai0="93,53,95,108,91,4,99,1,113,89,5,80,111" hai1="132,26,38,70,130,88,16,104,107,42,125,128,6" hai2="59,31,114,127,112,105,8,60,120,49,100,109,78" hai3="94,134,34,77,66,9,48,56,43,131,40,29,45"/><W122/><G122/><T87/><D113/><U82/><E6/><V35/><F35/><W73/><G131/><N who="1" m="50218" /><E70/><V37/><F37/><W64/><G134/><T30/><D30/><U10/><E125/><V81/><F31/><W84/><G73/><T54/><D80/><U83/><E83/><V0/><F127/><W90/><G77/><T119/><D119/><U3/><E3/><V103/><F120/><W126/><G126/><T79/><D79/><U12/><E26/><V86/><F109/><N who="0" m="42058" /><D1/><U13/><E13/><V7/><F49/><W51/><G9/><T117/><D117/><U124/><E132/><V106/><F103/><W123/><G123/><T63/><D63/><U14/><E14/><V25/><F25/><W68/><G68/><T32/><D32/><U102/><E102/><V57/><F57/><W97/><G29/><T24/><D24/><U47/><E124/><V61/><F61/><W46/><G34/><T41/><D41/><U55/><E55/><AGARI ba="0,0" hai="4,5,53,54,55,87,89,91,93,95,99" m="42058" machi="55" ten="30,1000,0" yaku="14,1" doraHai="71" who="0" fromWho="1" sc="234,10,250,-10,222,0,294,0" /><INIT seed="4,0,0,0,5,83" ten="244,240,222,294" oya="0" hai0="77,118,21,78,100,130,112,84,67,65,68,17,2" hai1="50,24,132,34,63,45,104,92,69,115,96,117,134" hai2="126,121,129,44,36,127,99,135,27,32,41,91,120" hai3="6,42,66,28,48,93,123,71,114,107,40,89,131"/><T70/><D2/><U49/><E117/><V101/><F91/><W111/><G107/><T43/><D118/><U88/><E104/><N who="2" m="63551" /><F129/><W39/><G111/><T124/><D43/><U133/><E115/><V106/><F106/><W37/><G28/><T73/><D100/><U8/><E8/><V12/><F12/><W64/><G6/><T60/><D112/><U23/><E34/><V125/><F135/><W98/><G131/><T75/><D130/><U97/><E97/><V110/><F110/><W35/><G35/><T59/><D59/><U53/><E49/><V46/><F44/><W122/><G114/><T0/><D0/><U86/><E63/><V51/><F51/><W18/><G48/><T79/><D84/><U116/><E116/><V7/><F7/><W57/><G39/><T1/><D1/><U47/><E69/><V113/><F113/><W61/><G37/><T15/><REACH who="0" step="1"/><D124/><REACH who="0" ten="234,240,222,294" step="2"/><N who="2" m="31746" /><V25/><DORA hai="95" /><F32/><W11/><G42/><T16/><D16/><N who="1" m="12391" /><E96/><V102/><F102/><W14/><G40/><T13/><D13/><U82/><E92/><V119/><F119/><W30/><G98/><T108/><D108/><U31/><E31/><V80/><F80/><W103/><G30/><T5/><D5/><U19/><E19/><V62/><F62/><AGARI ba="0,1" hai="15,17,21,60,62,65,67,68,70,73,75,77,78,79" machi="62" ten="40,12000,1" yaku="1,1,9,1,53,2" doraHai="83,95" doraHaiUra="58,33" who="0" fromWho="2" sc="234,130,240,0,222,-120,294,0" owari="364,46.4,240,-16.0,102,-39.8,294,9.4" /></mjloggm>