<mjloggm ver="2.3"><GO type="225" lobby="0"/><UN n0="%E3%83%81%E3%83%A7%E3%83%99%E3%83%83%E3%82%AF" n1="%E3%81%8B%E3%82%8F%E3%81%A1%E3%82%83%E3%82%93%35%38" n2="%E5%B8%86%E7%AB%8B%E5%A4%8F%E8%A1%A3" n3="%E3%83%96%E3%83%83%E3%83%91%E3%82%AA%E3%83%96%E3%83%81%E3%82%AD%E3%83%B3" dan="16,16,17,16" rate="2132.31,2138.76,2232.02,2136.51" sx="M,M,M,M"/><TAIKYOKU oya="0"/><INIT seed="0,0,0,2,5,17" ten="250,250,250,250" oya="0" hai0="83,63,12,127,119,99,115,58,100,135,54,62,103" hai1="19,34,55,129,92,72,93,42,125,111,65,101,9" hai2="51,97,82,110,18,57,68,75,24,95,67,81,41" hai3="16,91,79,133,46,52,112,11,80,84,21,43,7"/><T126/><D115/><U14/><E72/><V4/><F110/><W23/><G112/><T8/><D119/><U30/><E111/><V130/><F130/><W29/><G133/><T89/><D135/><U66/><E129/><V39/><F4/><W37/><G29/><T49/><D83/><U35/><E125/><N who="0" m="47625" /><D89/><U44/><E55/><V53/><F75/><W122/><G122/><T0/><D0/><U116/><E116/><V25/><F39/><W2/><G52/><T102/><D99/><U48/><E101/><N who="0" m="25857" /><T86/><DORA hai="117" /><D86/><U108/><E108/><V98/><F41/><W45/><G45/><T109/><D109/><U27/><REACH who="1" step="1"/><E35/><REACH who="1" ten="250,240,250,250" step="2"/><V134/><F134/><W3/><G3/><T31/><D31/><U121/><E121/><V124/><F124/><W10/><REACH who="3" step="1"/><G79/><REACH who="3" ten="250,240,250,240" step="2"/><T28/><D28/><U33/><E33/><V106/><F53/><W90/><G90/><T5/><AGARI ba="0,2" hai="5,8,12,49,54,58,62,63" m="25857,47625" machi="5" ten="40,2100,0" yaku="18,1" doraHai="17,117" who="0" fromWho="0" sc="250,41,240,-7,250,-7,240,-7" /><INIT seed="0,1,0,0,3,94" ten="291,233,243,233" oya="0" hai0="78,46,26,120,131,81,103,104,57,107,101,98,14" hai1="3,118,8,28,124,89,72,17,97,21,5,132,22" hai2="70,134,4,84,114,116,66,42,9,122,51,76,88" hai3="52,117,74,90,35,55,69,29,75,25,113,86,87"/><T59/><D120/><U58/><E72/><V80/><F114/><W30/><G113/><T102/><D131/><U15/><E118/><V115/><F115/><W92/><G117/><T129/><D129/><U37/><E37/><V38/><F116/><W77/><G69/><T34/><D46/><U83/><E132/><V36/><F134/><W126/><G126/><T133/><D133/><U99/><E124/><V105/><F105/><W47/><G30/><T45/><D45/><U108/><E108/><V130/><F130/><W12/><G55/><T119/><D119/><U56/><E28/><V49/><F122/><W64/><G64/><T62/><D57/><N who="1" m="22123" /><E3/><V60/><F42/><W67/><G67/><T95/><D34/><U110/><E110/><V63/><F63/><W127/><G127/><T128/><D26/><N who="1" m="14639" /><E22/><V61/><F61/><W100/><G12/><T11/><D107/><U31/><E31/><V85/><F38/><W111/><G111/><T79/><D104/><U40/><E40/><V65/><F65/><W2/><G2/><T39/><D39/><U53/><E53/><V73/><F36/><W20/><G35/><T24/><D128/><U19/><E19/><V16/><F73/><W71/><G71/><T23/><D23/><U82/><E89/><V96/><F16/><W125/><G125/><T7/><D24/><U135/><E135/><V33/><F33/><W43/><G43/><T48/><D62/><U18/><E18/><V0/><F84/><W6/><G75/><N who="0" m="43231" /><D79/><U91/><E91/><V106/><F88/><W123/><G77/><T41/><D41/><RYUUKYOKU ba="1,0" sc="291,10,233,10,243,10,233,-30" hai0="7,11,14,48,59,95,98,101,102,103" hai1="5,8,15,82,83,97,99" hai2="0,4,9,49,51,60,66,70,76,80,85,96,106" /><INIT seed="0,2,0,2,5,87" ten="301,243,253,203" oya="0" hai0="100,118,45,59,98,119,120,76,29,41,48,110,130" hai1="117,16,77,43,17,105,18,111,78,55,113,6,93" hai2="14,53,5,135,103,31,66,133,47,112,116,56,22" hai3="65,50,126,58,123,49,74,27,107,2,63,85,8"/><T114/><D114/><U82/><E105/><V54/><F112/><W68/><G74/><T88/><D120/><U1/><E117/><V42/><F116/><W46/><G123/><T23/><D76/><U84/><E113/><V72/><F72/><W73/><G73/><T80/><D130/><U3/><E111/><V28/><F103/><W64/><G107/><T34/><D34/><U108/><E108/><V95/><F95/><W106/><G106/><T86/><D110/><U60/><E43/><V35/><F66/><W40/><G126/><T131/><D131/><U21/><E6/><V10/><F35/><W81/><G65/><T70/><D70/><U44/><E78/><V38/><F54/><W99/><G99/><T36/><D36/><U90/><E21/><V89/><F89/><W61/><G61/><T0/><D0/><U67/><E44/><V9/><F9/><W24/><G2/><T37/><D37/><U121/><E55/><V19/><F135/><W12/><G50/><T71/><D71/><U109/><E109/><V102/><F102/><W115/><G68/><T83/><D59/><N who="1" m="37279" /><E121/><V75/><F133/><W96/><G115/><T4/><D4/><U62/><E62/><V51/><REACH who="2" step="1"/><F75/><REACH who="2" ten="301,243,243,203" step="2"/><W92/><G92/><N who="0" m="58439" /><D119/><U101/><E101/><V25/><AGARI ba="2,1" hai="5,10,14,19,22,25,28,31,38,42,47,51,53,56" machi="25" ten="20,5200,0" yaku="1,1,0,1,7,1,53,1" doraHai="87" doraHaiUra="15" who="2" fromWho="2" sc="301,-28,243,-15,243,68,203,-15" /><INIT seed="1,0,0,1,2,60" ten="273,228,311,188" oya="1" hai0="34,3,37,75,59,131,28,127,4,1,99,13,111" hai1="20,123,102,42,87,19,135,53,43,5,33,22,12" hai2="132,83,62,58,0,115,120,41,91,78,55,81,69" hai3="74,16,2,73,124,126,117,52,14,63,110,18,49"/><U125/><E123/><V114/><F120/><W46/><G2/><T94/><D111/><U97/><E33/><V11/><F132/><W66/><G110/><T98/><D75/><U84/><E135/><V30/><F30/><W25/><G117/><T89/><D37/><U80/><E125/><N who="3" m="48234" /><G25/><T56/><D131/><U118/><E118/><V106/><F106/><W27/><G27/><T38/><D38/><U92/><E5/><N who="2" m="1447" /><F69/><N who="3" m="42207" /><G18/><T50/><D127/><U107/><E107/><V32/><F32/><W108/><G108/><T112/><D112/><N who="2" m="43050" /><F41/><W23/><AGARI ba="0,0" hai="14,16,23,46,49,52,73,74" m="42207,48234" machi="23" ten="30,7900,0" yaku="18,1,52,1,54,2" doraHai="60" who="3" fromWho="3" sc="273,-20,228,-39,311,-20,188,79" /><INIT seed="2,0,0,4,3,118" ten="253,189,291,267" oya="2" hai0="57,128,58,28,120,117,86,108,69,49,70,126,122" hai1="14,119,88,72,78,2,114,73,99,100,91,71,89" hai2="82,37,6,30,5,104,62,134,68,125,132,87,8" hai3="109,90,59,12,25,107,1,115,13,16,76,10,19"/><V98/><F37/><W56/><G107/><T95/><D28/><U102/><E14/><V112/><F112/><W74/><G1/><T129/><D117/><U26/><E26/><V22/><F125/><W31/><G115/><T21/><D21/><U127/><E71/><N who="0" m="27145" /><D126/><U63/><E63/><V24/><F98/><W15/><G109/><T54/><D108/><U80/><E2/><V9/><F62/><W64/><G74/><N who="1" m="28778" /><E127/><V43/><F43/><W96/><G76/><T111/><D111/><U84/><E114/><V133/><F104/><W77/><G77/><T52/><D95/><N who="1" m="56807" /><E119/><V40/><F40/><W85/><G96/><T17/><D86/><N who="1" m="48407" /><E91/><N who="2" m="51703" /><F68/><W23/><G64/><T110/><D17/><N who="3" m="6729" /><G10/><AGARI ba="0,0" hai="5,6,8,9,10,22,24,30,132,133,134" m="51703" machi="10" ten="30,1500,0" yaku="20,1" doraHai="118" who="2" fromWho="3" sc="253,0,189,0,291,15,267,-15" /><INIT seed="2,1,0,1,2,51" ten="253,189,306,252" oya="2" hai0="92,3,65,66,69,6,125,128,93,42,83,67,105" hai1="41,7,77,10,108,26,134,87,106,14,122,12,132" hai2="37,19,9,54,97,59,121,62,63,46,116,45,50" hai3="117,25,48,35,84,17,112,0,56,96,127,29,95"/><V79/><F121/><W75/><G117/><T52/><D105/><U78/><E106/><V113/><F113/><W81/><G112/><T72/><D3/><U5/><E41/><V101/><F116/><W102/><G127/><T90/><D72/><U47/><E47/><N who="2" m="17931" /><F79/><W39/><G0/><T40/><D69/><U43/><E43/><N who="0" m="16425" /><D6/><U34/><E87/><V85/><F85/><W44/><G39/><T13/><D13/><U15/><E78/><V22/><F9/><W23/><G56/><T16/><D128/><U91/><E91/><V49/><F37/><W104/><G75/><T1/><D1/><N who="1" m="303" /><E77/><V110/><F110/><W82/><G104/><T33/><D33/><U130/><E108/><V133/><F50/><W68/><G68/><T124/><D16/><U24/><E130/><V73/><F73/><W64/><G35/><T135/><D135/><N who="1" m="51755" /><E122/><V114/><F133/><W28/><G64/><T18/><D125/><U71/><E71/><V86/><F86/><W8/><G84/><N who="0" m="50463" /><D124/><U30/><E26/><N who="2" m="14687" /><F114/><W98/><G82/><T119/><D119/><U94/><E94/><AGARI ba="1,0" hai="49,54,59,62,63,94,97,101" m="14687,17931" machi="94" ten="30,2900,0" yaku="8,1,52,1" doraHai="51" who="2" fromWho="1" sc="253,0,189,-32,306,32,252,0" /><INIT seed="2,2,0,3,0,17" ten="253,157,338,252" oya="2" hai0="131,8,23,77,79,49,18,4,50,130,88,81,70" hai1="122,125,105,118,73,35,47,112,0,36,19,46,84" hai2="127,28,62,102,72,83,45,95,20,115,52,14,1" hai3="64,126,9,30,5,97,123,80,68,66,135,10,58"/><V91/><F115/><W106/><G123/><T24/><D70/><U132/><E84/><N who="2" m="50591" /><F1/><W15/><G126/><T117/><D117/><U99/><E19/><N who="2" m="10359" /><F72/><W87/><G135/><T134/><D134/><U11/><E47/><V103/><F127/><W65/><G68/><T116/><D116/><U7/><E46/><V12/><F28/><W44/><G30/><T96/><D131/><U55/><E55/><V113/><F113/><W2/><G44/><T61/><D61/><U22/><E22/><V48/><F95/><W57/><G106/><T82/><D130/><U100/><E100/><V85/><F85/><W78/><REACH who="3" step="1"/><G97/><REACH who="3" ten="253,157,338,242" step="2"/><T90/><D96/><U74/><E99/><V109/><F109/><W92/><G92/><T33/><D82/><U67/><E125/><V39/><F39/><W43/><G43/><T98/><D98/><U38/><E38/><V54/><F12/><W108/><G108/><T94/><D94/><U56/><E36/><V40/><F40/><W63/><G63/><T93/><D93/><U31/><E105/><V129/><F129/><W29/><G29/><T42/><D42/><U124/><E124/><V13/><F13/><W69/><G69/><T32/><D81/><U89/><E122/><V41/><F62/><W111/><G111/><T86/><D50/><U25/><E118/><V114/><F114/><W34/><G34/><N who="0" m="13419" /><D49/><U53/><E132/><V6/><F41/><W107/><G107/><T76/><D86/><U75/><E112/><V101/><F48/><W120/><G120/><T133/><D133/><U60/><E89/><V26/><F45/><RYUUKYOKU ba="2,1" sc="253,10,157,10,338,-30,242,10" hai0="4,8,18,23,24,76,77,79,88,90" hai1="0,7,11,25,31,35,53,56,60,67,73,74,75" hai3="2,5,9,10,15,57,58,64,65,66,78,80,87" /><INIT seed="3,3,1,0,4,128" ten="263,167,308,252" oya="3" hai0="109,101,79,124,99,65,62,8,3,98,50,77,115" hai1="100,82,85,116,103,45,42,131,105,68,54,7,58" hai2="24,83,0,29,37,133,126,80,75,28,6,36,2" hai3="55,11,122,48,76,51,78,53,134,38,44,14,102"/><W47/><G122/><T81/><D109/><U107/><E131/><V63/><F133/><W93/><G38/><N who="2" m="14953" /><F126/><W15/><G134/><T33/><D33/><U132/><E116/><V127/><F127/><W43/><G43/><T12/><D3/><U71/><E7/><V84/><F84/><W13/><G11/><T104/><D115/><U114/><E114/><V66/><F83/><W41/><G41/><T60/><D124/><U87/><E42/><V69/><F29/><W125/><G125/><T30/><D30/><U19/><E45/><V70/><F70/><W1/><G1/><T18/><D50/><U9/><E58/><V59/><F59/><W39/><G39/><T110/><D110/><U89/><E9/><V95/><F95/><W121/><G121/><T34/><D34/><U10/><E10/><V17/><F17/><W64/><G64/><T92/><D81/><U123/><E19/><V130/><F6/><W129/><G129/><T118/><D62/><U96/><E123/><V49/><F49/><W35/><G35/><T73/><D73/><U106/><E132/><V32/><F130/><W113/><G113/><T23/><D118/><U4/><E4/><V27/><F27/><W46/><G46/><T112/><D8/><U72/><E54/><V120/><F120/><W21/><G21/><T67/><D112/><U52/><E52/><V117/><F117/><W57/><G57/><N who="0" m="37007" /><D67/><U90/><E72/><V86/><F75/><W40/><G40/><T31/><D31/><U119/><E119/><V22/><F32/><W61/><G61/><T135/><D135/><RYUUKYOKU ba="3,1" sc="263,10,167,-30,308,10,252,10" hai0="12,18,23,77,79,92,98,99,101,104" hai2="0,2,22,24,28,63,66,69,80,86" hai3="13,14,15,44,47,48,51,53,55,76,78,93,102" /><INIT seed="3,4,1,4,3,22" ten="273,137,318,262" oya="3" hai0="34,2,26,85,31,72,114,87,35,125,91,83,117" hai1="15,65,3,122,112,49,110,79,47,75,44,132,98" hai2="12,80,17,74,123,33,129,57,95,106,104,84,124" hai3="28,24,121,21,97,14,113,134,73,102,23,118,105"/><W55/><G113/><T92/><D117/><U67/><E3/><V94/><F33/><W60/><G118/><T100/><D2/><U63/><E75/><V46/><F74/><W109/><G121/><T38/><D38/><U78/><E122/><V58/><F123/><W42/><G73/><T19/><D125/><U25/><E110/><V82/><F106/><W0/><G0/><T54/><D72/><U71/><E132/><V70/><F70/><W77/><G77/><T62/><D19/><U10/><E112/><V13/><F104/><W5/><G134/><T128/><D128/><U48/><E98/><V52/><F129/><W37/><G109/><T18/><D18/><U119/><E119/><V27/><F27/><W115/><G115/><T103/><D35/><U53/><E67/><V131/><F13/><W29/><G37/><T66/><D54/><U59/><E71/><V127/><F131/><W89/><G42/><T107/><D107/><U61/><E25/><V130/><F130/><W7/><G89/><T39/><D39/><U40/><REACH who="1" step="1"/><E61/><REACH who="1" ten="273,127,318,262" step="2"/><V9/><F127/><W116/><G116/><T43/><D114/><U96/><E96/><V64/><F124/><W4/><G60/><T86/><D62/><U69/><E69/><V51/><F64/><W6/><G24/><T108/><D66/><U135/><E135/><V99/><F84/><W90/><G97/><T126/><D108/><U81/><E81/><N who="2" m="31339" /><F99/><W120/><G120/><T11/><D126/><U56/><E56/><AGARI ba="4,2" hai="9,12,17,46,51,52,56,57,58,94,95" m="31339" machi="56" ten="30,2000,0" yaku="8,1,54,1" doraHai="22" who="2" fromWho="1" sc="273,0,127,-32,318,52,262,0" owari="273,7.3,95,-40.5,370,47.0,262,-13.8" /></mjloggm>