<mjloggm ver="2.3"><GO type="225" lobby="0"/><UN n0="%E3%83%B4%E3%83%A0%EF%BC%99%E3%81%A6" n1="%6E%69%63%6F%6E%74%6F" n2="%E3%83%B4%E3%82%A3%E3%83%AF%E3%82%B3%E3%82%B0%E3%83%8B" n3="%E5%A4%8F%E9%88%B4%E9%88%B4%E5%A4%8F" dan="16,16,17,16" rate="2157.54,2132.37,2214.95,2095.89" sx="M,M,M,F"/><TAIKYOKU oya="0"/><INIT seed="0,0,0,4,4,97" ten="250,250,250,250" oya="0" hai0="42,68,64,88,65,16,90,43,40,98,60,124,21" hai1="69,131,17,20,25,15,31,117,66,18,87,113,122" hai2="80,34,26,1,59,29,135,89,126,51,108,120,4" hai3="63,109,114,78,102,41,100,38,24,79,107,52,47"/><T82/><D124/><U119/><E122/><V12/><F108/><W55/><G114/><T103/><D65/><U94/><E113/><V74/><F59/><W48/><G109/><T92/><REACH who="0" step="1"/><D82/><REACH who="0" ten="240,250,250,250" step="2"/><U121/><E121/><V19/><F80/><W23/><G63/><T71/><D71/><U85/><E119/><V33/><F120/><W8/><G8/><T72/><D72/><U36/><E117/><V110/><F126/><W22/><G23/><T125/><D125/><U104/><E66/><V44/><F74/><W49/><G107/><T105/><D105/><U27/><E69/><V106/><F106/><W28/><G79/><T7/><D7/><U3/><E104/><V39/><F4/><W0/><G78/><T116/><D116/><U14/><E20/><V111/><F111/><W132/><G132/><T73/><D73/><U127/><E127/><V67/><F110/><W86/><G86/><T93/><D93/><U95/><E94/><V96/><F135/><W83/><G83/><T99/><D99/><U129/><E95/><V115/><F96/><W6/><G6/><T91/><D91/><U13/><E87/><V35/><F89/><W2/><G2/><T118/><D118/><U134/><E85/><V53/><F67/><W84/><G84/><T5/><D5/><U46/><E134/><V133/><F133/><W112/><G0/><T81/><D81/><U54/><E3/><V32/><F1/><W57/><G112/><T76/><D76/><U30/><E131/><V61/><F115/><W130/><G130/><T70/><D70/><U123/><E129/><RYUUKYOKU ba="0,1" sc="240,15,250,-15,250,-15,250,15" hai0="16,21,40,42,43,60,64,68,88,90,92,98,103" hai3="22,24,28,38,41,47,48,49,52,55,57,100,102" /><INIT seed="0,1,1,0,5,85" ten="255,235,235,265" oya="0" hai0="64,25,68,109,96,0,74,97,98,22,89,6,130" hai1="114,31,134,94,69,10,50,35,103,81,100,123,105" hai2="52,37,14,115,28,18,36,77,2,4,32,125,42" hai3="110,38,3,45,23,117,79,111,40,66,124,88,127"/><T70/><D74/><U84/><E123/><V15/><F115/><W17/><G117/><T21/><D130/><U72/><E69/><V80/><F125/><N who="3" m="48203" /><G3/><T73/><D73/><U26/><E114/><V104/><F104/><W61/><G79/><T133/><D133/><U53/><E134/><V58/><F42/><W24/><G88/><T47/><D109/><U122/><E122/><V65/><F65/><W95/><G95/><T7/><D47/><U20/><E105/><V33/><F2/><W13/><G13/><T5/><D0/><U75/><E35/><V93/><F93/><W46/><G46/><T78/><D78/><U91/><E10/><V131/><F4/><W9/><G9/><T51/><D51/><U128/><E128/><V107/><F107/><W67/><G67/><T41/><D41/><U44/><REACH who="1" step="1"/><E94/><REACH who="1" ten="255,225,235,265" step="2"/><V34/><F131/><W55/><G55/><T129/><D129/><U39/><E39/><V118/><F36/><W116/><G116/><T43/><D43/><U59/><E59/><AGARI ba="1,2" hai="17,23,24,38,40,45,59,61,66,110,111" m="48203" machi="59" ten="30,1000,0" yaku="18,1" doraHai="85" who="3" fromWho="1" sc="255,0,225,-13,235,0,265,33" /><INIT seed="1,0,0,1,1,65" ten="255,212,235,298" oya="1" hai0="3,16,56,62,129,54,96,121,40,13,36,110,131" hai1="38,7,107,29,134,102,128,73,99,108,76,133,103" hai2="58,109,135,115,83,35,123,23,50,127,2,18,79" hai3="85,124,33,126,67,89,71,55,19,17,20,42,32"/><U93/><E38/><V119/><F109/><W46/><G55/><T100/><D110/><U28/><E108/><V72/><F123/><W10/><G10/><T78/><D121/><U59/><E7/><V132/><F35/><W92/><G67/><T31/><D3/><U70/><E70/><V118/><F2/><W8/><G8/><T98/><D31/><U21/><E59/><V80/><F80/><W11/><G11/><N who="0" m="6207" /><D78/><U41/><E41/><V51/><F127/><N who="3" m="48683" /><G71/><T84/><D84/><U4/><E4/><V44/><F58/><W101/><G101/><T69/><D100/><U77/><E21/><V90/><F90/><W1/><G1/><T5/><D5/><U49/><E49/><V15/><F51/><N who="3" m="27095" /><G17/><T91/><D69/><U105/><E29/><V6/><F6/><W94/><G92/><T112/><D91/><N who="1" m="55743" /><E28/><V39/><F39/><W106/><G106/><N who="1" m="40458" /><E128/><V9/><F9/><W27/><AGARI ba="0,0" hai="19,20,27,32,33,85,89,94" m="27095,48683" machi="27" ten="30,1100,0" yaku="18,1" doraHai="65" who="3" fromWho="3" sc="255,-3,212,-5,235,-3,298,11" /><INIT seed="2,0,0,4,3,106" ten="252,207,232,309" oya="2" hai0="115,134,122,55,70,74,63,20,1,90,100,76,57" hai1="33,125,85,58,41,111,26,66,14,30,97,131,93" hai2="21,7,4,16,29,95,6,54,60,31,47,37,27" hai3="129,94,109,114,99,104,36,68,133,43,87,110,89"/><V123/><F123/><W103/><G133/><T39/><D122/><U38/><E111/><N who="3" m="42506" /><G68/><T91/><D115/><U82/><E131/><V24/><F37/><W49/><G36/><T118/><D134/><U44/><E125/><V53/><F95/><W34/><G34/><T120/><D120/><U28/><E14/><V96/><F96/><W83/><G129/><T52/><D1/><U81/><E30/><V101/><F101/><W17/><G17/><T124/><D124/><U113/><E113/><V13/><F47/><N who="3" m="25855" /><G114/><T67/><D39/><U0/><E0/><V128/><F128/><W42/><G42/><T11/><D100/><U64/><E58/><N who="2" m="34895" /><F54/><W5/><G5/><T50/><D118/><U77/><REACH who="1" step="1"/><E82/><AGARI ba="0,0" hai="82,83,87,89,94,99,103,104" m="25855,42506" machi="82" ten="30,1000,0" yaku="14,1" doraHai="106" who="3" fromWho="1" sc="252,0,207,-10,232,0,309,10" /><INIT seed="3,0,0,5,4,73" ten="252,197,232,319" oya="3" hai0="67,27,80,102,112,10,120,64,132,113,18,99,8" hai1="88,1,115,44,6,26,131,133,63,87,51,45,107" hai2="4,36,84,77,135,110,114,50,76,28,38,46,91" hai3="89,93,23,111,57,55,124,42,7,2,43,98,103"/><W118/><G118/><T15/><D120/><U22/><E115/><N who="0" m="44105" /><D132/><U12/><E131/><V116/><F114/><W24/><G7/><T59/><D80/><U5/><E133/><V119/><F110/><W81/><G2/><T21/><D59/><U92/><E107/><V61/><F135/><W69/><G69/><T40/><D40/><U85/><E1/><V128/><F128/><W53/><G55/><T47/><D47/><U106/><E106/><V123/><F123/><W127/><G111/><T75/><D75/><U82/><E63/><V29/><F4/><N who="1" m="1641" /><E12/><V70/><F70/><W32/><G32/><T3/><D3/><U79/><E51/><V49/><F46/><W52/><G53/><T58/><D58/><U31/><AGARI ba="0,0" hai="22,26,31,44,45,79,82,85,87,88,92" m="1641" machi="31" ten="30,4000,0" yaku="8,1,52,1,54,1" doraHai="73" who="1" fromWho="1" sc="252,-10,197,40,232,-10,319,-20" /><INIT seed="4,0,0,5,1,3" ten="242,237,222,299" oya="0" hai0="18,59,120,117,99,65,37,9,68,110,111,127,88" hai1="132,83,89,62,90,134,118,56,73,109,92,52,119" hai2="74,104,55,87,102,123,6,112,35,24,126,25,31" hai3="4,76,32,81,71,43,44,48,80,135,13,12,38"/><T5/><D117/><N who="1" m="44555" /><E109/><N who="0" m="41481" /><D120/><U75/><E83/><V72/><F123/><W86/><G32/><T27/><D127/><U23/><E23/><V50/><F126/><W29/><G71/><T77/><D77/><U54/><E54/><V10/><F112/><W39/><G29/><T64/><D37/><U45/><E45/><V60/><F60/><W7/><G135/><N who="1" m="51754" /><E90/><V95/><F104/><W124/><G81/><T131/><D131/><U100/><E100/><V51/><F24/><W129/><G129/><T0/><D68/><U17/><E17/><V57/><F51/><W94/><G94/><N who="0" m="56775" /><D59/><U49/><E49/><V106/><F106/><W114/><G114/><T113/><D113/><U19/><E19/><V133/><F133/><W46/><G124/><T22/><AGARI ba="0,0" hai="0,5,9,18,22,27,64,65" m="56775,41481" machi="22" ten="30,6000,0" yaku="10,1,52,1,54,1" doraHai="3" who="0" fromWho="0" sc="242,60,237,-20,222,-20,299,-20" owari="302,40.2,217,-18.3,202,-29.8,279,7.9" /></mjloggm>