<mjloggm ver="2.3"><GO type="225" lobby="0"/><UN n0="%E5%85%88%E7%89%A9%E3%81%AF%74%72%61%73%68" n1="%33%74%72%65%65" n2="%E7%99%BD%E5%80%89%E5%AF%9B%E4%B9%8B" n3="%E6%9C%88%E5%B3%B6%E5%9F%BA" dan="17,17,16,16" rate="2133.13,2208.73,2181.99,2172.81" sx="M,F,M,M"/><TAIKYOKU oya="0"/><INIT seed="0,0,0,4,3,106" ten="250,250,250,250" oya="0" hai0="6,109,127,47,81,61,87,50,72,105,95,44,128" hai1="126,65,118,99,102,9,86,98,69,17,29,57,89" hai2="101,26,71,74,0,67,52,56,33,66,3,22,132" hai3="77,51,39,4,55,134,85,7,58,130,64,114,90"/><T21/><D105/><U129/><E118/><V83/><F33/><W73/><G114/><T49/><D128/><U16/><E129/><V91/><F101/><W1/><G130/><T88/><D127/><U48/><E126/><V36/><F36/><W76/><G39/><T35/><D35/><U63/><E29/><V79/><F132/><W80/><G134/><T107/><D107/><U2/><E2/><V46/><F46/><W123/><G123/><T53/><D109/><U23/><E9/><V15/><F15/><W27/><G1/><T43/><D6/><U62/><E102/><V10/><F91/><W103/><G103/><T110/><D110/><U19/><E48/><V37/><F37/><W119/><G119/><T24/><D61/><U12/><E99/><V20/><F20/><W104/><G104/><T42/><D53/><U125/><E98/><V25/><F25/><W59/><G27/><T54/><D54/><U92/><REACH who="1" step="1"/><E125/><REACH who="1" ten="250,240,250,250" step="2"/><V34/><F3/><W96/><G96/><T131/><D131/><U112/><E112/><V68/><F10/><W40/><G51/><T133/><D133/><U13/><E13/><V70/><F0/><W84/><G7/><T31/><D72/><U75/><E75/><V117/><F117/><W60/><G73/><T8/><D8/><U18/><E18/><N who="2" m="12631" /><F34/><W45/><G4/><T78/><D95/><U121/><E121/><V5/><F5/><W108/><G108/><T116/><D116/><U38/><E38/><V122/><F122/><W93/><G93/><T113/><D113/><U11/><E11/><V94/><F94/><RYUUKYOKU ba="0,1" sc="250,10,240,10,250,10,250,-30" hai0="21,24,31,42,43,44,47,49,50,78,81,87,88" hai1="12,16,17,19,23,57,62,63,65,69,86,89,92" hai2="52,56,66,67,68,70,71,74,79,83" /><INIT seed="0,1,1,5,2,87" ten="260,250,260,220" oya="0" hai0="4,83,108,99,131,55,62,117,17,13,54,134,82" hai1="70,35,12,77,40,1,127,48,105,120,24,45,31" hai2="84,74,10,79,14,33,119,52,103,95,9,20,76" hai3="30,90,96,34,49,47,102,42,60,85,18,122,21"/><T81/><D117/><U115/><E120/><V92/><F33/><W44/><G122/><T27/><D134/><U121/><E121/><V104/><F119/><W15/><G60/><T26/><D131/><U67/><E1/><V32/><F32/><W118/><G118/><T112/><D112/><U11/><E115/><V125/><F104/><W130/><G130/><T58/><D108/><U88/><E105/><V113/><F74/><W19/><G34/><T36/><D36/><U106/><E106/><V3/><F3/><W132/><G132/><T29/><D4/><U28/><E28/><V80/><F79/><W66/><G66/><T100/><D55/><U72/><E127/><V97/><F125/><W116/><G116/><T61/><D61/><U101/><E101/><V22/><F95/><N who="3" m="58655" /><G47/><T16/><D29/><U64/><E70/><V93/><F93/><N who="3" m="54479" /><G15/><T73/><D73/><U129/><E129/><V53/><F113/><W86/><G86/><T46/><D46/><U68/><E68/><V25/><F10/><W94/><G94/><N who="0" m="58487" /><D17/><U89/><E67/><V2/><F2/><W57/><G57/><T75/><D75/><U126/><E64/><V59/><F59/><W39/><G39/><T37/><D37/><U78/><E126/><V63/><F63/><W0/><G0/><T56/><D58/><U51/><E51/><V65/><F65/><W71/><G71/><T98/><D98/><U69/><E69/><V43/><F25/><AGARI ba="1,1" hai="18,19,21,25,30,42,44,49" m="54479,58655" machi="25" ten="30,2000,0" yaku="8,1,52,1" doraHai="87" who="3" fromWho="2" sc="260,0,250,0,260,-23,220,33" /><INIT seed="1,0,0,2,1,2" ten="260,250,237,253" oya="1" hai0="111,25,93,21,135,88,112,67,32,19,127,96,129" hai1="62,64,48,78,3,130,56,40,92,14,110,23,8" hai2="124,63,17,60,66,100,134,70,65,77,29,52,68" hai3="133,72,105,33,115,7,44,5,113,83,118,47,58"/><U55/><E130/><V122/><F122/><W73/><G105/><T81/><D112/><N who="3" m="43081" /><G58/><T116/><D116/><U16/><E110/><V80/><F124/><W24/><G83/><T98/><D111/><U54/><E78/><V89/><F134/><W107/><G107/><T71/><D129/><U49/><E3/><V51/><F100/><W37/><G37/><T36/><D36/><U26/><E92/><V27/><F89/><W117/><G133/><T28/><D127/><U131/><E131/><V91/><F91/><W128/><G128/><T109/><D109/><U1/><E1/><V87/><F17/><W132/><G132/><T18/><D135/><U84/><E84/><V75/><F75/><N who="3" m="28747" /><G24/><T120/><D120/><U43/><E48/><V94/><F94/><W31/><G31/><T85/><D96/><U104/><E104/><V46/><F27/><W102/><G33/><T12/><D19/><U121/><E121/><V9/><F9/><W99/><G99/><T20/><D32/><U123/><E123/><V82/><REACH who="2" step="1"/><F80/><REACH who="2" ten="260,250,227,253" step="2"/><W35/><G102/><T59/><D81/><U22/><E8/><V11/><F11/><W119/><G35/><T10/><D10/><U15/><E26/><V126/><F126/><W76/><G76/><T13/><D13/><U114/><E114/><V79/><F79/><W74/><G74/><T39/><D12/><U53/><E15/><V101/><F101/><W106/><G106/><T38/><D25/><U61/><E14/><V41/><F41/><W0/><G0/><T125/><D125/><U30/><E40/><V86/><F86/><RYUUKYOKU ba="0,1" sc="260,-15,250,-15,227,15,253,15" hai2="29,46,51,52,60,63,65,66,68,70,77,82,87" hai3="5,7,44,47,117,118,119" /><INIT seed="2,1,1,5,4,11" ten="245,235,242,268" oya="2" hai0="69,79,3,135,42,12,102,98,87,8,14,22,47" hai1="10,9,6,59,49,101,64,26,77,25,100,16,18" hai2="132,52,76,33,56,120,116,128,67,107,72,66,90" hai3="80,106,29,17,110,51,0,129,13,62,74,7,83"/><V126/><F33/><W86/><G106/><T133/><D69/><U75/><E75/><V130/><F116/><W37/><G37/><T88/><D79/><U121/><E121/><V94/><F120/><W34/><G110/><T68/><D68/><U60/><E77/><V91/><F107/><W127/><G127/><T123/><D123/><U105/><E105/><V36/><F36/><W28/><G74/><T115/><D115/><U114/><E114/><V119/><F119/><W4/><G0/><T39/><D22/><N who="1" m="13511" /><E49/><N who="2" m="30735" /><F126/><W2/><G129/><N who="2" m="49769" /><F132/><N who="0" m="50762" /><D8/><N who="1" m="3179" /><E6/><V81/><F91/><W19/><G2/><T1/><D3/><U134/><E134/><V103/><F103/><W35/><G7/><T124/><D1/><U122/><E122/><V65/><F67/><W92/><G4/><T20/><D20/><AGARI ba="1,1" hai="18,20,26,59,60,64,100,101" m="3179,13511" machi="20" ten="30,2000,0" yaku="8,1,54,1" doraHai="11" who="1" fromWho="0" sc="245,-23,235,33,242,0,268,0" /><INIT seed="3,0,0,5,0,0" ten="222,268,242,268" oya="3" hai0="84,105,43,106,42,59,126,44,76,19,94,90,36" hai1="104,39,17,61,55,81,87,119,7,14,133,111,135" hai2="24,38,41,23,35,40,88,9,26,32,64,107,124" hai3="121,37,21,116,97,112,48,127,62,3,68,132,51"/><W56/><G112/><T115/><D115/><U12/><E104/><V123/><F107/><W96/><G116/><T114/><D114/><U113/><E39/><V71/><F124/><W69/><G121/><T117/><D117/><U82/><E113/><V102/><F102/><W98/><G37/><T2/><D126/><U5/><E111/><V120/><F64/><W18/><G3/><T91/><D43/><N who="2" m="16458" /><F71/><W95/><G132/><N who="1" m="50762" /><E119/><V77/><F77/><W99/><G69/><T79/><D2/><U125/><E125/><V80/><F38/><W34/><G34/><N who="2" m="12841" /><F23/><W29/><G29/><T134/><D106/><U20/><E12/><V4/><F88/><N who="3" m="55399" /><G68/><T60/><D105/><U86/><E82/><V67/><F80/><W110/><G110/><T73/><D73/><U16/><E17/><V22/><F22/><W74/><G74/><T49/><D134/><U52/><E86/><V30/><F30/><W47/><G127/><T75/><D75/><U27/><E14/><N who="2" m="5415" /><F67/><N who="3" m="39367" /><G47/><T50/><D90/><N who="1" m="51567" /><E61/><V33/><N who="2" m="12849" /><V70/><DORA hai="108" /><F70/><W8/><G8/><T13/><D36/><U63/><E63/><V1/><F1/><W92/><G92/><T109/><D109/><U10/><E10/><V65/><F65/><W72/><G72/><T46/><D60/><U118/><E118/><V53/><F123/><W128/><G128/><T11/><D46/><U103/><E103/><V85/><F120/><W100/><G100/><T31/><D31/><U45/><E45/><V101/><F101/><W130/><G130/><T83/><D83/><U58/><E58/><V78/><F53/><AGARI ba="0,0" hai="11,13,19,42,44,49,50,53,59,76,79,84,91,94" machi="53" ten="40,2600,0" yaku="6,1,8,1" doraHai="0,108" who="0" fromWho="2" sc="222,26,268,0,242,-26,268,0" /><AGARI ba="0,0" hai="5,7,16,20,27,52,53,55" m="51567,50762" machi="53" ten="30,12000,2" yaku="6,1,20,1,52,2,54,2" doraHai="0,108" who="1" fromWho="2" sc="248,0,268,120,216,-120,268,0" owari="248,-15.2,388,48.8,96,-40.4,268,6.8" /></mjloggm>