<mjloggm ver="2.3"><GO type="225" lobby="0"/><UN n0="%E3%83%AC%E3%82%A4%E3%83%88%E3%83%B3%E5%87%86%E6%95%99%E6%8E%88" n1="%E4%BC%8A%E9%81%94%E6%9C%B1%E9%87%8C%E7%B4%97" n2="%E5%B0%8F%E5%AE%AE%E3%81%9F%E3%81%9A%E3%81%8D" n3="%E6%B8%A9%E2%98%85%E6%83%85%E2%98%85%E6%8E%AA%E2%98%85%E7%BD%AE" dan="18,16,16,17" rate="2244.33,2138.57,2138.88,2188.18" sx="M,F,F,M"/><TAIKYOKU oya="0"/><INIT seed="0,0,0,4,0,134" ten="250,250,250,250" oya="0" hai0="43,37,45,15,130,1,126,17,116,0,110,29,78" hai1="66,87,84,20,125,132,99,67,34,62,24,38,11" hai2="28,111,133,40,42,12,36,71,107,80,44,79,131" hai3="127,54,92,25,56,88,21,104,117,68,22,123,13"/><T10/><D116/><U6/><E132/><V85/><F133/><W58/><G117/><T47/><D130/><U2/><E38/><V81/><F131/><W109/><G68/><T9/><D110/><U115/><E115/><V129/><F129/><W4/><G104/><T95/><D29/><U32/><E67/><V41/><F111/><W82/><G109/><T46/><D126/><U94/><E125/><V102/><F71/><W96/><G127/><T121/><D121/><U108/><E108/><V50/><F36/><W30/><G123/><T59/><D95/><U53/><E32/><V33/><F33/><W26/><G82/><T128/><D128/><U35/><E34/><V97/><F28/><N who="3" m="17455" /><G54/><T106/><D106/><U77/><E77/><V55/><F81/><W75/><G75/><T119/><D119/><U7/><E7/><V52/><F55/><W70/><G70/><T98/><D78/><U124/><E35/><V105/><F105/><W5/><G5/><T76/><D76/><U39/><E39/><V103/><F103/><W61/><G61/><T14/><D98/><U18/><E124/><V27/><REACH who="2" step="1"/><F27/><REACH who="2" ten="250,250,240,250" step="2"/><W3/><G3/><T118/><D118/><U83/><E83/><V64/><F64/><W60/><G60/><T114/><D1/><U31/><E31/><V8/><F8/><AGARI ba="0,1" hai="4,8,13,22,26,30,56,58,88,92,96" m="17455" machi="8" ten="30,2000,0" yaku="8,1,54,1" doraHai="134" who="3" fromWho="2" sc="250,0,250,0,240,-20,250,30" /><INIT seed="1,0,0,0,3,58" ten="250,250,220,280" oya="1" hai0="75,134,89,15,96,21,114,123,103,38,61,65,3" hai1="4,127,28,110,106,13,39,124,50,67,108,10,80" hai2="0,27,18,133,135,64,40,37,84,53,100,112,119" hai3="109,36,32,118,91,60,1,122,70,129,33,101,55"/><U22/><E106/><V128/><F119/><W81/><G122/><T105/><D114/><U25/><E39/><V97/><F0/><W24/><G1/><T47/><D123/><U78/><E67/><V59/><F64/><W131/><G36/><T116/><D116/><U107/><E107/><V30/><F18/><W16/><G109/><N who="1" m="42090" /><E50/><V46/><F84/><AGARI ba="0,0" hai="4,10,13,22,25,28,78,80,84,124,127" m="42090" machi="84" ten="30,2900,0" yaku="14,1,10,1" doraHai="58" who="1" fromWho="2" sc="250,0,250,29,220,-29,280,0" /><INIT seed="1,1,0,1,3,42" ten="250,279,191,280" oya="1" hai0="69,35,108,36,43,89,112,16,98,5,57,105,1" hai1="20,58,128,54,49,100,6,59,64,101,30,107,23" hai2="125,70,13,48,32,116,78,122,92,15,34,60,93" hai3="96,121,88,132,81,123,61,124,113,8,77,99,41"/><U33/><E128/><V52/><F116/><W104/><G8/><T103/><D112/><U106/><E6/><V47/><F122/><W91/><G41/><T45/><D108/><U115/><E115/><V62/><F125/><W71/><G61/><T10/><D69/><U50/><E33/><V75/><F75/><W66/><G66/><T18/><D35/><U84/><E84/><V63/><F70/><W39/><G39/><T53/><REACH who="0" step="1"/><D89/><REACH who="0" ten="240,279,191,280" step="2"/><U79/><E79/><V11/><F34/><W97/><G71/><T65/><D65/><U130/><E64/><V7/><F32/><W40/><G91/><T86/><D86/><U2/><E130/><V76/><F15/><W114/><G88/><T90/><D90/><U31/><E2/><V46/><F46/><W129/><G129/><T4/><D4/><U67/><E67/><V14/><F14/><W85/><G114/><T22/><D22/><U83/><E83/><V37/><F37/><W82/><G82/><T127/><D127/><U73/><E73/><V134/><F134/><W56/><G124/><T94/><D94/><AGARI ba="1,1" hai="7,11,13,47,48,52,60,62,63,76,78,92,93,94" machi="94" ten="40,5200,0" yaku="8,1,52,1,54,1" doraHai="42" who="2" fromWho="0" sc="240,-55,279,0,191,65,280,0" /><INIT seed="2,0,0,2,5,71" ten="185,279,256,280" oya="2" hai0="96,125,131,115,82,134,40,120,74,88,53,106,29" hai1="94,39,1,55,7,44,27,86,98,59,67,108,90" hai2="130,11,70,35,26,103,65,25,68,10,62,78,111" hai3="33,6,0,50,60,38,63,57,48,4,58,8,16"/><V56/><F70/><W100/><G33/><T79/><D115/><U52/><E108/><V3/><F111/><W97/><G38/><T45/><D120/><U34/><E1/><V64/><F130/><W123/><G123/><T54/><D131/><U93/><E7/><N who="3" m="2602" /><G0/><T124/><D134/><U117/><E117/><V37/><F3/><W95/><G58/><T42/><D29/><U51/><E67/><V30/><F37/><W105/><G105/><T81/><D42/><U47/><E39/><V91/><F78/><W126/><G126/><N who="0" m="48747" /><D106/><U84/><E44/><V110/><F110/><W109/><G109/><T128/><D128/><U49/><REACH who="1" step="1"/><E94/><REACH who="1" ten="185,269,256,280" step="2"/><V127/><F65/><N who="3" m="39055" /><G63/><T31/><D45/><U28/><AGARI ba="0,1" hai="27,28,34,47,49,51,52,55,59,84,86,90,93,98" machi="28" ten="30,4000,0" yaku="1,1,0,1,54,1,53,0" doraHai="71" doraHaiUra="132" who="1" fromWho="1" sc="185,-10,269,50,256,-20,280,-10" /><INIT seed="3,0,0,4,3,8" ten="175,319,236,270" oya="3" hai0="127,82,9,87,1,27,55,59,12,71,43,31,45" hai1="83,49,68,81,129,23,2,89,65,85,123,13,103" hai2="77,76,37,100,66,15,107,69,122,116,92,118,11" hai3="125,106,90,44,74,96,73,34,40,46,26,109,54"/><W101/><G125/><T86/><D71/><U3/><E123/><V22/><F37/><W99/><G109/><T33/><D1/><U111/><E111/><V17/><F107/><W36/><G90/><T63/><D127/><U132/><E103/><V56/><F69/><W30/><G99/><T18/><REACH who="0" step="1"/><D82/><REACH who="0" ten="165,319,236,270" step="2"/><U10/><E81/><V14/><F122/><W39/><G54/><T133/><D133/><U115/><E83/><V104/><F118/><W108/><G108/><T130/><D130/><U20/><E2/><V24/><F116/><W91/><G91/><T131/><D131/><U32/><E3/><V50/><F77/><W94/><G94/><T105/><D105/><U93/><E93/><V88/><F76/><W42/><AGARI ba="0,1" hai="26,30,34,36,39,40,42,44,46,73,74,96,101,106" machi="42" ten="30,12000,1" yaku="0,1,9,1,33,3" doraHai="8" who="3" fromWho="3" sc="165,-40,319,-40,236,-40,270,130" owari="125,-37.5,279,7.9,196,-20.4,400,50.0" /></mjloggm>