<mjloggm ver="2.3"><GO type="225" lobby="0"/><UN n0="%6D%61%74%69%67%75%73%61" n1="%74%2E%6F%2E%6F%2E%73" n2="%E6%97%A5%E6%9B%9C%E6%97%A5%E3%82%88%E3%82%8A%E3%81%AE%E4%BD%BF%E8%80%85" n3="%E3%82%A2%E3%83%9E%E3%83%9D%EF%BD%9E%EF%BD%9E%E3%83%A9" dan="17,17,17,17" rate="2117.80,2137.40,2232.59,2070.59" sx="M,M,M,M"/><TAIKYOKU oya="0"/><INIT seed="0,0,0,0,4,0" ten="250,250,250,250" oya="0" hai0="116,133,42,18,118,96,16,84,8,45,29,30,103" hai1="31,130,123,74,39,36,125,6,58,129,135,15,112" hai2="66,110,14,51,40,27,71,10,38,48,121,77,117" hai3="70,47,73,113,102,37,100,85,2,9,81,128,32"/><T86/><D133/><U1/><E123/><V80/><F121/><W41/><G128/><N who="1" m="49258" /><E74/><V17/><F110/><W122/><G113/><T50/><D116/><U20/><E135/><V33/><F117/><W104/><G85/><T83/><D86/><U82/><E82/><V91/><F91/><W28/><G102/><T108/><D108/><U59/><E1/><V101/><F101/><W56/><G56/><N who="1" m="21546" /><E125/><V44/><F33/><W78/><G70/><T127/><D127/><U55/><E55/><V131/><F131/><W76/><G76/><T97/><D118/><U46/><E46/><V114/><F114/><W11/><G122/><T25/><D97/><U34/><E34/><V67/><F27/><W89/><G2/><T93/><D8/><N who="1" m="4503" /><E112/><V61/><REACH who="2" step="1"/><F67/><REACH who="2" ten="250,250,240,250" step="2"/><W87/><G100/><T119/><D119/><U24/><AGARI ba="0,1" hai="20,24,31,36,39" m="4503,21546,49258" machi="24" ten="30,2000,0" yaku="19,1,52,1" doraHai="0" who="1" fromWho="1" sc="250,-10,250,30,240,-5,250,-5" /><INIT seed="1,0,0,3,0,14" ten="240,280,235,245" oya="1" hai0="75,110,68,4,111,127,1,16,13,50,135,82,126" hai1="94,23,122,98,103,128,84,99,114,132,105,61,121" hai2="81,86,0,45,80,25,53,97,100,18,134,40,52" hai3="78,72,59,77,69,20,43,22,116,76,48,3,57"/><U32/><E114/><V49/><F0/><W125/><G69/><T133/><D68/><U42/><E32/><V67/><F67/><W93/><G72/><T73/><D50/><U74/><E74/><N who="0" m="28169" /><D82/><U115/><E115/><V95/><F134/><N who="0" m="51210" /><D4/><U9/><E132/><V38/><F38/><W89/><G3/><T83/><D83/><U63/><E42/><V87/><F81/><W101/><G101/><T58/><D58/><N who="3" m="22025" /><G125/><N who="0" m="47627" /><D1/><U120/><E120/><V65/><F65/><W54/><G43/><T104/><D104/><U70/><E105/><V109/><F109/><W117/><G117/><T47/><D47/><U33/><E70/><V44/><F44/><N who="3" m="27911" /><G116/><T90/><D90/><U107/><E107/><V118/><F118/><W29/><G89/><T71/><D71/><U19/><E103/><V66/><F66/><W130/><G77/><T124/><N who="0" m="47635" /><T102/><DORA hai="123" /><D102/><U113/><E121/><V15/><F80/><W27/><G78/><T51/><D51/><U8/><E122/><V112/><F40/><W79/><G79/><T30/><D30/><U108/><E113/><V92/><F112/><W24/><G76/><T37/><D37/><U6/><E6/><V96/><F49/><W26/><G29/><T21/><AGARI ba="0,0" hai="13,16,21,110,111" m="47635,51210,28169" machi="21" ten="50,12000,2" yaku="20,1,18,1,52,3,54,1" doraHai="14,123" who="0" fromWho="0" sc="240,120,280,-60,235,-30,245,-30" /><INIT seed="2,0,0,1,3,7" ten="360,220,205,215" oya="2" hai0="113,50,100,102,56,124,25,69,55,38,10,29,121" hai1="110,39,75,122,14,85,21,99,32,15,73,52,118" hai2="72,79,101,84,95,31,78,109,17,77,18,93,13" hai3="111,88,116,6,58,83,107,131,133,60,40,33,62"/><V71/><F71/><W125/><G116/><T0/><D121/><U61/><E32/><V35/><F72/><W81/><G107/><T59/><D38/><U94/><E39/><V108/><F35/><W68/><G33/><T89/><D69/><U47/><E118/><V57/><F31/><W23/><G40/><T3/><D113/><U22/><E110/><N who="2" m="42603" /><F57/><W19/><G6/><T76/><D76/><N who="2" m="19458" /><V64/><DORA hai="54" /><F64/><W123/><G123/><T48/><D59/><N who="1" m="35047" /><E73/><V9/><F101/><W27/><G111/><T49/><D102/><N who="1" m="60791" /><E75/><V63/><F63/><W119/><G68/><T37/><D100/><U67/><E67/><V87/><F18/><W105/><G62/><T34/><D29/><U97/><E47/><V16/><F17/><W42/><G119/><T112/><D34/><U106/><E106/><V80/><F80/><W114/><G105/><T90/><D56/><U134/><E122/><V120/><F120/><W43/><G60/><T30/><D30/><U11/><E21/><V132/><F132/><W46/><G133/><T5/><D112/><U8/><E22/><V26/><F26/><W128/><G114/><T1/><D90/><U135/><E135/><V117/><F117/><W41/><G88/><T66/><D89/><U12/><E134/><V126/><F126/><W104/><G125/><T44/><D124/><U115/><E115/><V24/><F24/><W28/><G104/><T65/><D25/><U86/><E97/><V70/><F70/><W127/><G127/><T36/><D66/><U53/><E53/><V45/><F45/><W91/><G46/><RYUUKYOKU ba="0,0" sc="360,-15,220,15,205,15,215,-15" hai1="8,11,12,14,15,85,86" hai2="9,13,16,84,87,93,95" /><INIT seed="2,1,0,0,3,52" ten="345,235,220,200" oya="2" hai0="47,45,86,64,78,39,50,129,110,21,103,106,87" hai1="28,65,109,112,119,132,134,49,62,31,66,96,35" hai2="8,131,104,94,37,63,70,40,25,17,4,123,116" hai3="33,24,77,60,14,128,43,71,2,34,108,88,90"/><V98/><F116/><W74/><G2/><T69/><D106/><U53/><E112/><V54/><F123/><W82/><G108/><T15/><D103/><U38/><E119/><V44/><F104/><W97/><G128/><T18/><D69/><U130/><E38/><V118/><F118/><W68/><G43/><T113/><D39/><U29/><E109/><V124/><F124/><W26/><G14/><T11/><D113/><U5/><E130/><V23/><F131/><W16/><G97/><T99/><D99/><U125/><E125/><V42/><F42/><W105/><G105/><T121/><D64/><U126/><E126/><V127/><F127/><W12/><G34/><T10/><D15/><U120/><E120/><V79/><F79/><W58/><G71/><T19/><D78/><U107/><E5/><V102/><F70/><W27/><G33/><T73/><D121/><U36/><E35/><V9/><REACH who="2" step="1"/><F4/><REACH who="2" ten="345,235,210,200" step="2"/><W93/><G68/><T56/><D129/><U51/><E107/><V30/><F30/><W85/><G90/><T81/><D110/><U61/><E28/><V76/><F76/><W13/><REACH who="3" step="1"/><G16/><REACH who="3" ten="345,235,210,190" step="2"/><T72/><D18/><U135/><E29/><V32/><F32/><W0/><G0/><T7/><D19/><U1/><E31/><V3/><F3/><W100/><G100/><T57/><D7/><U41/><E1/><V46/><F46/><W75/><G75/><T48/><D73/><U20/><E41/><V101/><F101/><W67/><AGARI ba="1,2" hai="12,13,24,26,27,58,60,67,74,77,82,85,88,93" machi="67" ten="30,7900,0" yaku="1,1,0,1,52,1,54,1,53,0" doraHai="52" doraHaiUra="95" who="3" fromWho="3" sc="345,-21,235,-21,210,-40,190,102" /><INIT seed="3,0,0,2,1,112" ten="324,214,170,292" oya="3" hai0="2,105,52,115,101,42,21,39,122,16,70,93,41" hai1="128,109,107,14,74,73,33,123,4,0,30,54,130" hai2="111,134,84,48,110,102,57,27,66,13,68,22,103" hai3="69,43,44,132,65,53,116,71,108,129,18,104,85"/><W72/><G116/><T26/><D122/><U40/><E123/><V60/><F134/><W38/><G72/><T90/><D70/><U82/><E109/><V56/><F13/><W126/><G108/><T46/><D2/><U87/><E107/><V8/><F111/><W58/><G132/><T106/><D115/><U6/><E0/><V63/><F110/><W29/><G104/><T12/><D41/><U95/><E40/><V99/><F8/><W121/><G121/><T23/><D52/><U55/><E30/><V96/><F48/><N who="3" m="31015" /><G18/><T62/><D101/><U19/><E33/><V94/><F84/><W91/><G29/><T113/><D62/><U76/><E73/><V119/><F119/><W28/><G28/><T9/><D21/><U35/><E35/><V10/><F10/><W50/><G91/><T92/><D92/><U25/><E4/><V86/><F86/><W49/><G85/><T100/><D100/><U77/><E6/><V124/><F124/><W36/><G129/><T133/><D133/><U47/><E128/><V5/><F5/><W117/><G117/><T31/><D113/><U98/><E130/><V81/><F81/><W97/><G97/><AGARI ba="0,0" hai="9,12,16,23,26,31,39,42,46,90,93,97,105,106" machi="97" ten="30,2000,0" yaku="7,1,54,1" doraHai="112" who="0" fromWho="3" sc="324,20,214,0,170,0,292,-20" owari="344,44.4,214,-18.6,170,-33.0,272,7.2" /></mjloggm>