<mjloggm ver="2.3"><GO type="225" lobby="0"/><UN n0="%E6%B4%BE%E9%81%A3%E3%81%AE%E3%82%B8%E3%83%A3%E3%83%83%E3%82%AF" n1="%77%72%77%72%77%72%77%72" n2="%E3%81%A1%E3%82%83%E3%81%93%E3%81%93" n3="%4C%C3%97%57%C3%97%4C" dan="17,16,16,17" rate="2196.69,2175.55,2120.76,2163.26" sx="M,M,F,M"/><TAIKYOKU oya="0"/><INIT seed="0,0,0,0,2,82" ten="250,250,250,250" oya="0" hai0="132,97,123,120,70,30,20,0,55,76,110,33,59" hai1="56,54,108,116,133,28,104,75,92,117,40,18,42" hai2="13,85,52,44,88,106,72,94,128,67,77,93,22" hai3="130,31,27,79,113,19,95,74,43,62,58,5,86"/><T90/><D70/><U66/><E104/><V23/><F106/><W112/><G130/><T131/><D0/><U4/><E75/><V26/><F128/><W49/><G5/><T64/><D131/><U57/><E108/><V3/><F3/><W107/><G107/><T32/><D76/><U127/><E127/><V81/><F67/><W125/><G125/><T100/><D64/><U65/><E4/><V69/><F69/><W2/><G2/><T73/><D73/><U47/><E28/><V115/><F115/><W17/><G74/><T8/><D8/><U83/><E83/><V60/><F93/><W24/><G113/><T50/><D132/><U121/><E18/><N who="3" m="6666" /><G31/><T124/><D124/><U134/><E92/><V15/><F22/><W48/><G79/><T84/><D20/><U119/><E121/><V38/><F38/><W41/><G49/><T53/><D110/><U35/><E35/><V111/><F111/><W45/><G41/><N who="1" m="15978" /><E47/><V10/><F10/><W129/><G129/><T135/><D135/><N who="1" m="51723" /><E57/><N who="2" m="34855" /><F44/><W96/><G112/><T80/><D33/><U89/><E89/><V78/><F78/><W12/><G96/><T14/><D32/><U36/><E36/><V6/><F6/><W118/><G118/><N who="1" m="30210" /><U91/><DORA hai="25" /><E91/><V39/><F39/><W61/><G58/><N who="0" m="33079" /><D123/><U101/><E101/><V99/><F72/><W122/><G122/><T105/><D120/><U102/><E102/><V109/><F109/><W11/><G62/><AGARI ba="0,0" hai="54,56,62,65,66" m="30210,51723,15978" machi="62" ten="50,6400,0" yaku="20,1,34,2" doraHai="82,25" who="1" fromWho="3" sc="250,0,250,64,250,0,250,-64" /><INIT seed="1,0,0,1,1,62" ten="250,314,250,186" oya="1" hai0="92,2,126,105,24,94,32,13,42,90,25,69,46" hai1="59,1,74,68,3,91,66,101,111,20,70,115,108" hai2="110,119,60,11,51,120,133,54,57,23,100,63,19" hai3="104,30,55,35,14,22,107,38,131,129,93,112,99"/><U34/><E115/><V85/><F120/><W130/><G112/><T49/><D105/><U33/><E74/><V48/><F119/><W18/><G38/><T80/><D2/><N who="1" m="523" /><E101/><V77/><F110/><N who="1" m="42025" /><E20/><V76/><F133/><W73/><G73/><T106/><D106/><U72/><E91/><V9/><F100/><W95/><G55/><T83/><D90/><U21/><E21/><V98/><F11/><W39/><G39/><T103/><D103/><U7/><E7/><V47/><F9/><W65/><G95/><T97/><D94/><U86/><E86/><V116/><F98/><W123/><G123/><T56/><D92/><U10/><E10/><V15/><F116/><W43/><G43/><T26/><D97/><U82/><E82/><N who="2" m="47303" /><F77/><W31/><G35/><N who="1" m="13322" /><E72/><V78/><F78/><W53/><G107/><T102/><D102/><U28/><E28/><V71/><F71/><W17/><G104/><T109/><D69/><U132/><E132/><V58/><F23/><W88/><G18/><T44/><D109/><U117/><E117/><V41/><F19/><W64/><G53/><T45/><D32/><U118/><E118/><V87/><F87/><W128/><N who="3" m="32768" /><DORA hai="135" /><W124/><G124/><T12/><D126/><U113/><E113/><V127/><F127/><W122/><G122/><T37/><D80/><U67/><E59/><V40/><F57/><W4/><G4/><T61/><D83/><U89/><E89/><V5/><F58/><W96/><G99/><T50/><D56/><U6/><E6/><V125/><F5/><W75/><G75/><T0/><D0/><RYUUKYOKU ba="0,0" sc="250,-15,314,15,250,-15,186,15" hai1="66,67,68,70" hai3="14,17,22,30,31,64,65,88,93,96" /><INIT seed="1,1,0,4,1,33" ten="235,329,235,201" oya="1" hai0="108,58,91,82,115,72,6,46,93,107,61,132,57" hai1="67,100,103,39,134,109,36,84,41,14,66,101,96" hai2="85,15,25,119,130,53,0,55,21,69,48,95,35" hai3="10,47,20,105,98,129,128,118,22,116,9,28,122"/><U49/><E134/><V51/><F119/><N who="3" m="45611" /><G47/><T112/><D107/><U120/><E120/><V104/><F69/><W79/><G79/><T86/><D108/><U65/><E109/><V7/><F130/><N who="3" m="50283" /><G122/><T76/><D132/><U38/><E14/><V45/><F104/><W74/><G74/><T83/><D46/><U81/><E96/><V77/><F35/><W94/><G105/><T26/><D26/><U30/><E30/><V32/><F32/><W44/><G44/><T131/><D131/><U52/><E41/><V102/><F0/><W127/><G127/><T3/><D82/><U78/><REACH who="1" step="1"/><E67/><REACH who="1" ten="235,319,235,201" step="2"/><V92/><F15/><W71/><G28/><T68/><D112/><U37/><N who="1" m="9216" /><DORA hai="117" /><U87/><E87/><V4/><F85/><W1/><G1/><T133/><D115/><U59/><AGARI ba="1,1" hai="49,52,59,65,66,78,81,84,100,101,103" m="9216" machi="59" ten="60,11700,0" yaku="1,1,0,1,54,1,53,0" doraHai="33,117" doraHaiUra="29,135" who="1" fromWho="1" sc="235,-40,319,130,235,-40,201,-40" /><INIT seed="1,2,0,3,5,72" ten="195,449,195,161" oya="1" hai0="73,32,62,34,27,61,81,113,67,119,69,82,42" hai1="84,6,126,40,128,55,12,63,33,29,105,45,74" hai2="121,132,16,89,131,41,26,116,49,14,100,88,2" hai3="76,85,58,80,130,122,28,50,120,0,115,110,38"/><U31/><E74/><V30/><F121/><W64/><G115/><T44/><D119/><U5/><E105/><V60/><F116/><W86/><G110/><T93/><D113/><U54/><E128/><V3/><F131/><W51/><G130/><T97/><D62/><U19/><E126/><V118/><F118/><W21/><G38/><T102/><D27/><U59/><E55/><V104/><F132/><W125/><G0/><T103/><D103/><U135/><E135/><V78/><F78/><N who="3" m="46231" /><G125/><T90/><D81/><U22/><E33/><V7/><F60/><N who="3" m="37911" /><G122/><T83/><D83/><U66/><E66/><V114/><F114/><W17/><G28/><N who="1" m="10826" /><E84/><V106/><F106/><W79/><G86/><T13/><D13/><U15/><E15/><V52/><F41/><W95/><G95/><T109/><D109/><U123/><E123/><V53/><F2/><W65/><G65/><T98/><D98/><U94/><E94/><V117/><F117/><W92/><G92/><T127/><D127/><U133/><E133/><V124/><F124/><W10/><G120/><T23/><D102/><U71/><E71/><V20/><F100/><W39/><G39/><N who="0" m="21599" /><D34/><U75/><E75/><V134/><F104/><W112/><G112/><T36/><D32/><U46/><E40/><V25/><F134/><W91/><G91/><N who="2" m="34889" /><F49/><N who="3" m="18443" /><G10/><T101/><D36/><U4/><AGARI ba="2,0" hai="4,5,6,12,19,22,45,46,54,59,63" m="10826" machi="4" ten="30,1500,0" yaku="8,1" doraHai="72" who="1" fromWho="1" sc="195,-7,449,21,195,-7,161,-7" /><INIT seed="1,3,0,4,4,76" ten="188,470,188,154" oya="1" hai0="30,91,85,44,15,61,64,122,1,99,12,40,107" hai1="128,4,42,109,57,29,94,119,47,18,36,104,103" hai2="116,50,126,24,82,8,83,25,16,67,69,53,97" hai3="59,32,114,132,14,48,88,68,133,115,123,0,27"/><U31/><E119/><V90/><F116/><W80/><G68/><T102/><D1/><U111/><E104/><V129/><F69/><W63/><G0/><T74/><D74/><U121/><E121/><V112/><F67/><W6/><G123/><T5/><D122/><U95/><E4/><V46/><F129/><W93/><G48/><T108/><D108/><N who="1" m="41547" /><E128/><V62/><F126/><W49/><G49/><T55/><D55/><U22/><E57/><N who="2" m="35119" /><F112/><W9/><G27/><N who="2" m="10313" /><F90/><W101/><G32/><T73/><D73/><U11/><E11/><V45/><F97/><N who="3" m="59567" /><G59/><T70/><D30/><N who="1" m="11275" /><E103/><V87/><F87/><N who="3" m="50279" /><G63/><T58/><D70/><U19/><E19/><V3/><F3/><W28/><G28/><T134/><D5/><U23/><E23/><V106/><F106/><W96/><G96/><T89/><D89/><U117/><E117/><V52/><F46/><W98/><G98/><T65/><D65/><U131/><E131/><V100/><F100/><W125/><G125/><T124/><D124/><U54/><E54/><V20/><F8/><W127/><G127/><T118/><D118/><U39/><E39/><V17/><F17/><W13/><G13/><AGARI ba="3,0" hai="13,18,22,36,42,47,94,95" m="11275,41547" machi="13" ten="30,2900,0" yaku="14,1,10,1" doraHai="76" who="1" fromWho="3" sc="188,0,470,38,188,0,154,-38" /><AGARI ba="3,0" hai="13,16,20,45,50,52,82,83" m="10313,35119" machi="13" ten="30,8000,1" yaku="8,1,52,2,54,2" doraHai="76" who="2" fromWho="3" sc="188,0,508,0,188,80,116,-80" /><INIT seed="1,4,0,1,1,96" ten="188,508,268,36" oya="1" hai0="27,8,46,112,101,84,110,25,98,23,50,71,125" hai1="103,85,76,135,79,86,31,14,106,16,116,113,13" hai2="59,100,124,9,10,118,63,68,51,120,131,34,88" hai3="48,75,44,70,49,47,62,61,11,121,4,42,128"/><U5/><E113/><V67/><F120/><W129/><G75/><T56/><D112/><U90/><E116/><V105/><F118/><W72/><G72/><T20/><D71/><U108/><E135/><V91/><F131/><N who="3" m="50251" /><G121/><T26/><D110/><U19/><E108/><V17/><F124/><W93/><G93/><N who="0" m="58575" /><D125/><U69/><E69/><V1/><F10/><W117/><G117/><T95/><D56/><U64/><E64/><V66/><F34/><W41/><G70/><T111/><D8/><U82/><E31/><V81/><F81/><W123/><G123/><T99/><D84/><U38/><E38/><V45/><F66/><W94/><G94/><T127/><D127/><U126/><E126/><V83/><F83/><W43/><G11/><T107/><D107/><U40/><E40/><N who="3" m="15466" /><G4/><T102/><D111/><U97/><E5/><V87/><F1/><W104/><G104/><T65/><D65/><U18/><REACH who="1" step="1"/><E79/><REACH who="1" ten="188,498,268,36" step="2"/><V24/><F68/><W114/><G114/><T80/><D80/><AGARI ba="4,1" hai="13,14,16,18,19,76,80,82,85,86,90,97,103,106" machi="80" ten="40,12000,1" yaku="1,1,2,1,52,1,54,1,53,0" doraHai="96" doraHaiUra="32" who="1" fromWho="0" sc="188,-132,498,142,268,0,36,0" /><INIT seed="1,5,0,4,1,38" ten="56,640,268,36" oya="1" hai0="57,43,71,123,23,118,33,10,28,132,114,4,44" hai1="100,107,46,72,122,91,24,98,19,70,127,125,39" hai2="66,58,8,48,22,25,34,50,7,101,64,90,11" hai3="5,109,68,105,32,60,29,120,115,20,113,16,45"/><U93/><E122/><V128/><F34/><W111/><G120/><T78/><D118/><U126/><E70/><V14/><F101/><W117/><G105/><T65/><D114/><N who="3" m="43529" /><G45/><T102/><D71/><U75/><E24/><V83/><F128/><W79/><G79/><T12/><D123/><U112/><E112/><V84/><F11/><W134/><G60/><T0/><D78/><U63/><E63/><N who="2" m="38007" /><F66/><W56/><G56/><T103/><D57/><U116/><E116/><V81/><F83/><W17/><G68/><T99/><D99/><U40/><REACH who="1" step="1"/><E19/><AGARI ba="5,0" hai="7,8,14,19,22,25,48,50,81,84,90" m="38007" machi="19" ten="30,1000,0" yaku="8,1" doraHai="38" who="2" fromWho="1" sc="56,0,640,-25,268,25,36,0" /><INIT seed="2,0,0,5,5,42" ten="56,615,293,36" oya="2" hai0="79,98,121,103,35,88,115,72,13,18,74,100,53" hai1="108,12,0,60,44,84,70,21,113,130,69,117,107" hai2="37,82,128,49,50,29,102,111,48,61,90,120,52" hai3="125,83,10,133,91,76,58,110,135,92,99,54,4"/><V95/><F120/><W93/><G110/><T43/><D115/><U25/><E0/><V47/><F128/><W31/><G125/><T28/><D121/><U131/><E107/><V6/><F111/><W9/><G31/><T132/><D132/><U65/><E108/><V114/><F114/><W77/><G135/><T134/><D134/><U118/><E113/><V87/><F29/><W101/><G133/><T97/><D43/><U7/><E70/><V89/><F102/><W94/><G76/><T119/><D119/><U55/><E84/><N who="2" m="52679" /><F37/><W109/><G109/><T17/><D28/><U19/><E7/><V38/><F38/><W51/><G101/><T1/><D1/><U15/><E118/><V71/><F71/><W34/><G34/><T86/><D35/><U16/><E117/><V85/><F6/><W75/><REACH who="3" step="1"/><G10/><REACH who="3" ten="56,615,293,26" step="2"/><N who="0" m="6327" /><D79/><U124/><E124/><V27/><F61/><W40/><G40/><T36/><D103/><U68/><E68/><V66/><F66/><W73/><G73/><T96/><D100/><U8/><E131/><V112/><F112/><W24/><G24/><T63/><D72/><U20/><E130/><V57/><F27/><W5/><G5/><T81/><D74/><U127/><E127/><V116/><F116/><W64/><G64/><T126/><D126/><U26/><E8/><V67/><F67/><W32/><G32/><T30/><D30/><U59/><E69/><V23/><F89/><W106/><G106/><T104/><D104/><U122/><E122/><V45/><F82/><W2/><AGARI ba="0,1" hai="2,4,9,51,54,58,75,77,83,91,92,93,94,99" machi="2" ten="20,2700,0" yaku="1,1,0,1,7,1,53,0" doraHai="42" doraHaiUra="56" who="3" fromWho="3" sc="56,-7,615,-7,293,-13,26,37" /><INIT seed="3,0,0,4,5,79" ten="49,608,280,63" oya="3" hai0="42,91,67,112,31,14,86,29,43,56,65,108,33" hai1="129,55,6,62,34,130,121,105,0,120,60,100,40" hai2="115,119,87,134,104,16,49,88,77,124,114,90,96" hai3="15,58,73,48,32,20,8,89,126,54,95,128,4"/><W51/><G128/><N who="1" m="49258" /><E34/><V76/><F119/><W41/><G73/><T70/><D70/><U93/><E105/><V24/><F124/><W85/><G32/><T36/><D108/><U52/><E40/><N who="0" m="15401" /><D36/><U57/><E6/><V92/><F134/><W98/><G126/><T2/><D2/><U17/><E0/><V53/><F104/><W10/><G10/><T39/><D39/><U22/><E100/><V45/><F115/><W84/><G20/><T69/><D69/><U28/><E28/><N who="0" m="10825" /><D33/><U82/><E82/><N who="2" m="49271" /><F114/><W127/><G127/><T9/><D56/><N who="1" m="34823" /><E93/><V68/><F68/><W38/><G38/><T64/><D112/><U111/><E111/><V19/><F19/><W71/><G71/><T110/><D110/><U30/><E30/><V11/><F24/><AGARI ba="0,0" hai="17,22,24,55,57,62,120,121" m="34823,49258" machi="24" ten="30,2000,0" yaku="19,1,54,1" doraHai="79" who="1" fromWho="2" sc="49,0,608,20,280,-20,63,0" owari="49,-45.1,628,72.8,260,6.0,63,-33.7" /></mjloggm>