<mjloggm ver="2.3"><GO type="225" lobby="0"/><UN n0="%E3%83%A9%E3%83%BC%E3%83%A1%E3%83%B3%E4%BA%94%E9%83%8E" n1="%E6%B2%B3%E7%AB%A5%E3%81%AE%E3%83%AF%E3%82%AB%E3%83%9E%E3%83%84" n2="%E7%99%BD%E5%80%89%E5%AF%9B%E4%B9%8B" n3="%E9%A6%AC%E5%BC%95%E7%81%AB%33" dan="16,18,16,16" rate="2175.59,2256.79,2135.43,2113.36" sx="M,M,M,M"/><TAIKYOKU oya="0"/><INIT seed="0,0,0,4,2,57" ten="250,250,250,250" oya="0" hai0="71,9,80,133,24,86,17,95,99,112,129,44,55" hai1="33,107,35,83,135,63,98,21,73,11,26,88,66" hai2="110,29,41,58,38,90,94,3,96,105,19,114,46" hai3="103,64,32,23,127,126,6,123,100,65,119,54,68"/><T27/><D112/><U93/><E135/><V0/><F114/><W91/><G119/><T106/><D71/><U12/><E107/><V15/><F110/><W43/><G32/><T5/><D106/><U76/><E12/><V108/><F108/><W20/><G123/><T117/><D117/><U53/><E11/><V30/><F105/><W75/><G75/><T50/><D133/><U113/><E53/><V61/><F0/><W132/><G132/><T8/><D129/><U36/><E36/><V67/><REACH who="2" step="1"/><F3/><REACH who="2" ten="250,250,240,250" step="2"/><W120/><G120/><T72/><D72/><U79/><E113/><V82/><F82/><W62/><G126/><T31/><D80/><U25/><E79/><V131/><F131/><W69/><G127/><T130/><D130/><U51/><E76/><V7/><F7/><W42/><G6/><T49/><D5/><U34/><E73/><V60/><F60/><W16/><G62/><T85/><D31/><U1/><E1/><V101/><F101/><W118/><G118/><T40/><D17/><U70/><E83/><V115/><F115/><W102/><G102/><N who="0" m="60799" /><D8/><AGARI ba="0,1" hai="8,15,19,29,30,38,41,46,58,61,67,90,94,96" machi="8" ten="30,7700,0" yaku="1,1,7,1,52,1,53,1" doraHai="57" doraHaiUra="10" who="2" fromWho="0" sc="250,-77,250,0,240,87,250,0" /><INIT seed="1,0,0,3,3,127" ten="173,250,327,250" oya="1" hai0="24,0,134,60,101,27,30,17,117,79,67,124,13" hai1="66,11,98,39,111,52,94,105,92,78,59,62,65" hai2="108,99,32,89,47,38,103,45,42,109,5,20,71" hai3="84,91,129,72,15,3,35,75,28,1,31,33,69"/><U133/><E39/><V16/><F32/><W73/><G69/><T104/><D117/><U50/><E133/><V97/><F71/><W106/><G106/><T22/><D124/><U64/><E111/><V19/><F5/><W126/><G126/><T96/><D134/><U12/><E78/><V110/><F47/><W57/><G15/><T74/><D0/><U44/><E105/><N who="2" m="63727" /><F20/><W88/><G57/><T112/><D112/><U82/><E82/><V18/><F99/><W76/><G76/><T53/><D53/><U54/><REACH who="1" step="1"/><E98/><REACH who="1" ten="173,240,327,250" step="2"/><V36/><F36/><W118/><G118/><T51/><D79/><U40/><E40/><N who="2" m="22679" /><F89/><W43/><G43/><AGARI ba="0,1" hai="16,18,19,42,43,108,109,110" m="22679,63727" machi="43" ten="40,2600,0" yaku="14,1,54,1" doraHai="127" who="2" fromWho="3" sc="173,0,240,0,327,36,250,-26" /><INIT seed="2,0,0,3,2,17" ten="173,240,363,224" oya="2" hai0="101,96,14,46,11,105,88,71,43,128,72,3,25" hai1="133,51,8,108,34,121,130,107,57,75,126,21,92" hai2="4,53,99,7,73,135,66,94,110,98,12,0,79" hai3="38,52,70,24,55,87,134,115,59,44,40,78,93"/><V45/><F0/><W103/><G70/><T36/><D128/><U77/><E34/><V113/><F113/><W56/><G115/><T69/><D72/><U68/><E107/><V48/><F135/><W118/><G118/><T85/><D25/><U33/><E33/><V106/><F106/><W42/><G134/><T62/><D62/><U22/><E68/><V9/><F66/><W111/><G111/><T18/><REACH who="0" step="1"/><D3/><REACH who="0" ten="163,240,363,224" step="2"/><U95/><E75/><V116/><F73/><W112/><G112/><T91/><D91/><U122/><E130/><V97/><F79/><W119/><G24/><T29/><D29/><U127/><E77/><V120/><F110/><W6/><G78/><T89/><D89/><U65/><E108/><V35/><F116/><W30/><G30/><T15/><D15/><U37/><E133/><V19/><F35/><W20/><G119/><T100/><D100/><U90/><E90/><N who="2" m="55511" /><F120/><W82/><G103/><T58/><D58/><U16/><E57/><V49/><F99/><W102/><G59/><T123/><D123/><U31/><E122/><V63/><F98/><W27/><G56/><T50/><D50/><U10/><E121/><V104/><F63/><W61/><G61/><T13/><D13/><U80/><E31/><V64/><F49/><W125/><G102/><T47/><D47/><U131/><E51/><V54/><F48/><W1/><G44/><T117/><D117/><U83/><E131/><V132/><F45/><W39/><G1/><T129/><D129/><U67/><E37/><V76/><F132/><W114/><G38/><T74/><D74/><RYUUKYOKU ba="0,1" sc="163,15,240,15,363,-15,224,-15" hai0="11,14,18,36,43,46,69,71,85,88,96,101,105" hai1="8,10,16,21,22,65,67,80,83,92,95,126,127" /><INIT seed="3,1,1,3,2,92" ten="178,255,348,209" oya="3" hai0="113,27,64,54,103,45,19,22,2,52,101,35,48" hai1="20,79,43,94,104,12,42,0,110,74,81,11,49" hai2="129,127,102,120,5,41,119,57,56,1,77,107,78" hai3="53,84,37,126,4,114,8,85,9,69,66,125,76"/><W123/><G114/><T132/><D2/><U93/><E104/><V21/><F41/><W105/><G123/><T65/><D35/><U18/><E110/><V122/><F5/><W33/><G33/><T68/><D113/><U58/><E0/><V87/><F87/><N who="3" m="33355" /><G105/><T86/><D68/><U67/><E42/><V134/><F1/><W117/><G117/><T63/><D132/><U91/><E91/><V130/><F107/><W135/><G76/><T124/><D124/><N who="3" m="47721" /><G37/><T128/><D128/><U98/><E93/><V131/><F127/><W72/><G72/><T60/><D86/><U50/><E43/><V40/><F119/><W3/><G9/><T34/><D34/><U96/><E11/><V30/><F122/><W70/><G135/><T106/><D106/><U28/><E28/><V100/><F120/><W82/><G82/><T46/><D103/><U108/><E108/><V89/><F134/><W121/><G121/><T83/><D83/><U116/><E116/><V59/><F78/><W39/><G39/><T10/><D101/><U99/><REACH who="1" step="1"/><E94/><REACH who="1" ten="178,245,348,209" step="2"/><V97/><F130/><W29/><G29/><T95/><D95/><U90/><E90/><V88/><F89/><W133/><G8/><T36/><D10/><U55/><E55/><N who="0" m="21033" /><D36/><U14/><E14/><V17/><F129/><W62/><G3/><T15/><D15/><U23/><E23/><V25/><F21/><W71/><G133/><T7/><D7/><U75/><E75/><V73/><F73/><W24/><G4/><T61/><D48/><U26/><E26/><V47/><F131/><W32/><G24/><RYUUKYOKU ba="1,2" sc="178,15,245,15,348,-15,209,-15" hai0="19,22,27,45,46,60,61,63,64,65" hai1="12,18,20,49,50,58,67,74,79,81,96,98,99" owari="193,-30.7,260,6.0,353,45.3,194,-20.6" /></mjloggm>