<mjloggm ver="2.3"><GO type="225" lobby="0"/><UN n0="%E5%B0%8F%E9%B3%A5%E9%81%8A%E7%B7%B4%E7%84%A1%32%31%E6%AD%B3" n1="%E7%99%BD%E5%80%89%E5%AF%9B%E4%B9%8B" n2="%E3%82%BC%E3%83%AB%E3%83%80%E3%81%AE%E4%BC%9D%E8%AA%AC" n3="%E3%81%A4%E3%81%A3%E3%81%B1%E3%82%8A%E3%83%9D%E3%83%BC%E3%83%AB" dan="17,16,17,17" rate="2149.71,2135.99,2134.14,2263.23" sx="F,M,M,M"/><TAIKYOKU oya="0"/><INIT seed="0,0,0,2,3,68" ten="250,250,250,250" oya="0" hai0="127,15,58,45,59,82,61,40,13,112,65,119,14" hai1="89,50,4,105,37,62,83,125,92,78,87,97,30" hai2="29,111,123,6,103,21,131,55,63,52,134,130,76" hai3="57,66,22,1,110,27,25,80,20,113,28,38,56"/><T64/><D119/><U10/><E125/><V43/><F123/><W101/><G113/><T60/><D112/><U0/><E30/><V51/><F111/><W47/><G1/><T31/><D31/><U75/><E50/><V115/><F115/><W122/><G110/><T86/><D127/><U2/><E62/><V46/><F134/><W32/><G122/><T36/><REACH who="0" step="1"/><D13/><REACH who="0" ten="240,250,250,250" step="2"/><U124/><E124/><V71/><F29/><W48/><G28/><T85/><D85/><U94/><E0/><V54/><F130/><W41/><G32/><T33/><D33/><U84/><E84/><V26/><F131/><W35/><G35/><T39/><D39/><U73/><E37/><V18/><F76/><AGARI ba="0,1" hai="14,15,36,40,45,58,59,60,61,64,65,76,82,86" machi="76" ten="30,11600,0" yaku="1,1,7,1,9,1,52,1,53,0" doraHai="68" doraHaiUra="88" who="0" fromWho="2" sc="240,126,250,0,250,-116,250,0" /><INIT seed="0,1,0,3,0,5" ten="366,250,134,250" oya="0" hai0="104,95,47,57,115,51,28,25,40,108,54,94,7" hai1="110,68,119,11,85,34,0,18,116,129,55,33,37" hai2="101,60,100,8,71,84,15,42,43,82,56,70,122" hai3="36,61,4,74,39,58,118,117,81,59,121,130,62"/><T87/><D104/><U67/><E85/><V52/><F122/><W126/><G74/><T131/><D115/><U30/><E55/><V73/><F73/><W80/><G4/><T113/><D113/><U134/><E67/><V111/><F111/><W31/><G31/><T99/><D131/><U12/><E37/><V41/><F71/><W49/><G49/><T21/><D108/><U88/><E88/><N who="2" m="51223" /><F70/><W123/><REACH who="3" step="1"/><G126/><REACH who="3" ten="366,250,134,240" step="2"/><T89/><D7/><AGARI ba="1,1" hai="7,8,15,41,42,43,52,56,60,100,101" m="51223" machi="7" ten="30,7700,0" yaku="8,1,52,1,54,2" doraHai="5" who="2" fromWho="0" sc="366,-80,250,0,134,90,240,0" /><INIT seed="1,0,0,3,4,130" ten="286,250,224,240" oya="1" hai0="77,44,48,116,20,53,69,38,120,90,23,15,8" hai1="61,35,51,21,63,104,42,55,124,41,100,36,68" hai2="98,107,18,9,123,93,28,91,105,4,82,52,14" hai3="16,58,26,19,40,5,106,62,89,64,65,83,70"/><U7/><E35/><V76/><F123/><W101/><G40/><N who="1" m="15466" /><E21/><V72/><F28/><W94/><G5/><T133/><D38/><U22/><E22/><V31/><F31/><W81/><G106/><T24/><D69/><U86/><E7/><V71/><F71/><W134/><G134/><T50/><D120/><U2/><E2/><V103/><F52/><N who="3" m="34119" /><G70/><T49/><D77/><U118/><E86/><V78/><F78/><W119/><G101/><T25/><D116/><U43/><E100/><V126/><F126/><W84/><G119/><T113/><D113/><U37/><E104/><V115/><F115/><W1/><G1/><T80/><D133/><U88/><E88/><V13/><REACH who="2" step="1"/><F103/><REACH who="2" ten="286,250,214,240" step="2"/><W30/><G30/><T135/><D135/><U66/><E124/><V59/><F59/><W121/><G121/><T45/><D44/><N who="1" m="26015" /><E118/><V114/><F114/><W54/><G54/><T112/><D53/><U97/><E97/><V0/><F0/><W74/><G74/><T87/><D112/><U46/><E46/><V73/><F73/><W127/><G127/><T99/><D45/><U29/><E29/><V33/><F33/><W56/><G89/><T108/><D90/><U125/><E125/><V109/><F109/><W10/><G84/><T60/><D87/><U34/><E34/><V47/><F47/><W27/><G56/><AGARI ba="0,1" hai="36,37,55,56,61,63,66,68" m="26015,15466" machi="56" ten="30,12000,1" yaku="35,5" doraHai="130" who="1" fromWho="3" sc="286,0,250,130,214,0,240,-120" /><INIT seed="1,1,0,4,4,133" ten="286,380,214,120" oya="1" hai0="61,106,7,108,80,24,50,33,2,55,16,67,63" hai1="124,92,111,44,123,103,85,109,100,28,20,56,122" hai2="40,95,120,76,21,66,116,87,60,88,41,83,42" hai3="119,104,97,9,1,130,46,94,22,35,65,107,69"/><U13/><E44/><V5/><F116/><W6/><G35/><T32/><D106/><U43/><E43/><V129/><F129/><W62/><G119/><T51/><D108/><N who="1" m="41547" /><E56/><V91/><F120/><N who="1" m="46121" /><E124/><V81/><F5/><W112/><G130/><T72/><D7/><U113/><E113/><V125/><F125/><W105/><G112/><T3/><D67/><U118/><E118/><V86/><F21/><W101/><G22/><T47/><D55/><U19/><E28/><V59/><REACH who="2" step="1"/><F40/><REACH who="2" ten="286,380,204,120" step="2"/><W34/><G34/><T37/><D33/><U49/><E20/><V135/><F135/><W53/><G53/><T27/><D32/><U57/><E19/><V110/><F110/><W74/><G74/><AGARI ba="1,1" hai="41,42,59,60,66,74,76,81,83,86,87,88,91,95" machi="74" ten="30,8000,1" yaku="1,1,7,1,54,1,53,2" doraHai="133" doraHaiUra="36" who="2" fromWho="3" sc="286,0,380,0,204,93,120,-83" /><INIT seed="2,0,0,4,5,55" ten="286,380,297,37" oya="2" hai0="49,23,4,68,39,83,66,13,28,103,37,74,10" hai1="123,95,117,3,62,91,9,15,57,63,42,36,24" hai2="127,99,14,122,111,100,130,73,52,54,46,133,119" hai3="85,118,86,89,32,126,16,60,11,131,79,92,58"/><V82/><F119/><W125/><G32/><T72/><D103/><U41/><E3/><V19/><F122/><W43/><G43/><N who="1" m="16394" /><E36/><V108/><F127/><N who="3" m="48651" /><G118/><T33/><D23/><U81/><E123/><V18/><F133/><W40/><G40/><T110/><D49/><U67/><E117/><V104/><F130/><W30/><G30/><T109/><D66/><U59/><E24/><V129/><F129/><W97/><G131/><T53/><D68/><U64/><E81/><V31/><F31/><W96/><G96/><T102/><D102/><U84/><E15/><V51/><F54/><N who="3" m="33879" /><G79/><T94/><D28/><U90/><E90/><V107/><F107/><W80/><G80/><T17/><D83/><U115/><E115/><V128/><F128/><W5/><G5/><T88/><D4/><U1/><E1/><V116/><F116/><W70/><G70/><T8/><D33/><U76/><E76/><N who="2" m="44303" /><F14/><AGARI ba="0,0" hai="11,14,16,85,86,89,92,97" m="33879,48651" machi="14" ten="30,3900,0" yaku="18,1,52,1,54,1" doraHai="55" who="3" fromWho="2" sc="286,0,380,0,297,-39,37,39" /><INIT seed="3,0,0,3,2,89" ten="286,380,258,76" oya="3" hai0="81,82,52,48,69,17,90,41,86,15,30,92,25" hai1="85,64,34,38,127,51,133,56,108,73,98,7,58" hai2="132,75,54,83,110,20,11,1,122,2,67,79,55" hai3="49,33,3,23,106,107,59,115,36,95,29,46,80"/><W39/><G115/><T96/><D69/><U118/><E108/><V66/><F110/><W105/><G3/><T62/><D41/><U9/><E127/><V22/><F132/><W101/><G33/><T129/><D129/><U68/><E73/><V26/><F122/><W91/><G59/><T113/><D62/><U100/><E38/><V60/><F20/><W6/><G6/><T14/><D113/><U78/><E34/><V135/><F135/><W5/><G5/><T111/><D111/><U21/><E21/><V40/><F40/><W88/><G80/><T102/><D81/><U35/><E35/><V19/><F67/><W128/><G128/><T37/><D17/><U61/><E85/><V45/><F11/><W50/><G101/><T4/><D37/><U109/><E78/><V130/><F130/><W12/><G91/><T47/><D4/><U8/><E7/><V0/><REACH who="2" step="1"/><F45/><REACH who="2" ten="286,380,248,76" step="2"/><W93/><G29/><T114/><D114/><U28/><E133/><V53/><F53/><N who="3" m="29879" /><G50/><T77/><D102/><U63/><E100/><V18/><F18/><N who="3" m="10695" /><G39/><T131/><D131/><U126/><E51/><V24/><F24/><W72/><G36/><T43/><D43/><U94/><E109/><V65/><F65/><W71/><G71/><AGARI ba="0,1" hai="0,1,2,19,22,26,54,55,60,66,71,75,79,83" machi="71" ten="40,1300,0" yaku="1,1,53,0" doraHai="89" doraHaiUra="103" who="2" fromWho="3" sc="286,0,380,0,248,23,76,-13" owari="286,8.6,380,48.0,271,-12.9,63,-43.7" /></mjloggm>