<mjloggm ver="2.3"><GO type="225" lobby="0"/><UN n0="%E9%A6%AC%E5%BC%95%E7%81%AB%33" n1="%77%72%77%72%77%72%77%72" n2="%E5%B8%86%E7%AB%8B%E5%A4%8F%E8%A1%A3" n3="%E3%83%81%E3%83%83%E3%82%BF%E3%82%BD%E3%83%BC" dan="16,17,17,16" rate="2133.04,2162.23,2191.09,2133.38" sx="M,M,M,F"/><TAIKYOKU oya="0"/><INIT seed="0,0,0,4,2,132" ten="250,250,250,250" oya="0" hai0="15,45,99,106,107,6,11,96,129,127,61,95,114" hai1="35,128,48,57,69,24,110,118,19,98,108,124,104" hai2="4,30,131,59,8,101,29,53,119,88,38,46,44" hai3="133,85,22,122,121,105,42,93,77,65,3,49,100"/><T63/><D114/><U87/><E118/><V43/><F131/><W28/><G3/><T34/><D34/><U102/><E128/><V62/><F119/><W56/><G133/><T116/><D116/><U70/><E124/><V39/><F101/><W125/><G125/><T82/><D129/><U78/><E78/><V32/><F32/><W81/><G105/><T76/><D127/><U135/><E135/><V14/><REACH who="2" step="1"/><F88/><REACH who="2" ten="250,250,240,250" step="2"/><W60/><G122/><T27/><D99/><U33/><E35/><V5/><F5/><W13/><G121/><T36/><D107/><U55/><E33/><V51/><F51/><W9/><G100/><T54/><D106/><U112/><E112/><V86/><F86/><W64/><G93/><T23/><D96/><U109/><REACH who="1" step="1"/><E87/><REACH who="1" ten="250,240,240,250" step="2"/><V72/><F72/><W0/><G85/><T1/><D76/><U103/><E103/><V92/><F92/><W120/><G120/><T37/><D95/><U113/><E113/><V126/><F126/><W12/><G81/><T41/><D82/><U97/><E97/><V67/><F67/><W18/><G77/><T79/><D79/><U52/><E52/><V73/><F73/><W75/><G75/><T47/><D54/><U80/><E80/><V66/><F66/><W17/><G65/><T25/><D37/><U68/><E68/><V40/><AGARI ba="0,2" hai="4,8,14,29,30,38,39,40,43,44,46,53,59,62" machi="40" ten="30,4000,0" yaku="1,1,0,1,9,1,53,0" doraHai="132" doraHaiUra="94" who="2" fromWho="2" sc="250,-20,240,-10,240,60,250,-10" /><INIT seed="1,0,0,1,4,93" ten="230,230,300,240" oya="1" hai0="110,56,13,9,52,62,44,49,55,109,124,91,18" hai1="64,130,14,5,111,17,94,57,34,25,3,99,40" hai2="75,73,79,71,30,50,128,7,58,12,116,100,86" hai3="120,61,115,118,77,113,106,67,81,59,69,1,66"/><U74/><E74/><V114/><F71/><W19/><G106/><T2/><D124/><U36/><E130/><V127/><F116/><W20/><G1/><T133/><D133/><U87/><E111/><N who="0" m="42505" /><D91/><U122/><E122/><V45/><F128/><W27/><G118/><T23/><D2/><U54/><E64/><V16/><F127/><W48/><G120/><T46/><D9/><U76/><E36/><V43/><F30/><W123/><G123/><T89/><D89/><U8/><E40/><V85/><F100/><W72/><G67/><T28/><D28/><U126/><E126/><V29/><F29/><W112/><REACH who="3" step="1"/><G48/><REACH who="3" ten="230,230,300,230" step="2"/><T63/><D63/><U83/><E3/><V108/><F108/><W134/><G134/><T98/><D44/><U47/><E47/><V15/><F45/><W70/><AGARI ba="0,1" hai="19,20,27,59,61,66,69,70,72,77,81,112,113,115" machi="70" ten="40,2700,0" yaku="1,1,0,1,53,0" doraHai="93" doraHaiUra="6" who="3" fromWho="3" sc="230,-7,230,-13,300,-7,230,37" /><INIT seed="2,0,0,2,3,91" ten="223,217,293,267" oya="2" hai0="70,43,71,85,6,78,46,0,22,74,114,8,32" hai1="111,19,106,64,52,79,51,50,4,13,33,90,30" hai2="128,86,77,27,120,10,98,58,67,63,29,94,101" hai3="131,17,135,39,82,47,95,81,12,127,5,99,104"/><V44/><F128/><W25/><G127/><T73/><D114/><U100/><E111/><V41/><F120/><W129/><G104/><T2/><D22/><U80/><E64/><V26/><F10/><W125/><G125/><T36/><D85/><U18/><E33/><V16/><F16/><W61/><G135/><T24/><D0/><U54/><E30/><V66/><F66/><W96/><G5/><T56/><D56/><U20/><E106/><V1/><F1/><W103/><G25/><T87/><D87/><N who="1" m="48543" /><E100/><V122/><F122/><W115/><G115/><T60/><D60/><U57/><E90/><V69/><F69/><N who="0" m="26122" /><D78/><U109/><E109/><V21/><F27/><W68/><G96/><T117/><D117/><U55/><E4/><V65/><F65/><W35/><G35/><T83/><D83/><U88/><E88/><V48/><F86/><W28/><G28/><AGARI ba="0,0" hai="2,6,8,24,28,32,36,43,46,73,74" m="26122" machi="28" ten="30,2000,0" yaku="33,2" doraHai="91" who="0" fromWho="3" sc="223,20,217,0,293,0,267,-20" /><INIT seed="3,0,0,4,5,0" ten="243,217,293,247" oya="3" hai0="130,88,123,9,94,50,57,98,119,32,127,104,116" hai1="71,62,31,22,74,14,113,106,25,20,59,91,110" hai2="30,34,44,102,126,76,29,83,96,56,125,122,135" hai3="46,39,52,75,33,117,95,107,89,18,112,68,19"/><W131/><G117/><T47/><D123/><U92/><E113/><V55/><F44/><W109/><G112/><T61/><D32/><U3/><E3/><V15/><F15/><W73/><G107/><T129/><D127/><N who="2" m="48650" /><F135/><W97/><G131/><N who="0" m="50187" /><D104/><U27/><E110/><V105/><F34/><W60/><G109/><T65/><D9/><U43/><E106/><V111/><F111/><W24/><G73/><T2/><D2/><U90/><E74/><N who="2" m="43415" /><F122/><W36/><G75/><T58/><D58/><U85/><E43/><AGARI ba="0,0" hai="43,47,50,57,61,65,88,94,98,116,119" m="50187" machi="43" ten="30,2000,0" yaku="19,1,54,1" doraHai="0" who="0" fromWho="1" sc="243,20,217,-20,293,0,247,0" /><INIT seed="4,0,0,2,0,133" ten="263,197,293,247" oya="0" hai0="34,19,28,25,55,20,95,85,56,5,24,130,59" hai1="109,114,112,108,38,1,125,4,58,126,86,94,96" hai2="104,72,7,2,122,66,91,60,83,33,134,71,106" hai3="3,32,93,120,26,37,77,15,100,123,16,128,101"/><T27/><D130/><U113/><E38/><V41/><F91/><W51/><G37/><T54/><D5/><U62/><E86/><V57/><F122/><W127/><G3/><T84/><D27/><U121/><E121/><N who="3" m="46666" /><G128/><T39/><D39/><U12/><E12/><V61/><F134/><W105/><G105/><T36/><D36/><U67/><E4/><V73/><F41/><W99/><G77/><T64/><D64/><U116/><E1/><V35/><F57/><W48/><G101/><T21/><D34/><N who="2" m="12810" /><F61/><W92/><G93/><T70/><D70/><U135/><E116/><V74/><F83/><W98/><G99/><T119/><D119/><U79/><E79/><V44/><F44/><W131/><G131/><T129/><D129/><U115/><N who="1" m="28672" /><DORA hai="40" /><U124/><E135/><V111/><F111/><W102/><G100/><AGARI ba="0,0" hai="58,62,67,94,96,100,108,109,124,125,126" m="28672" machi="100" ten="70,12000,2" yaku="18,1,15,1,11,1,52,3" doraHai="133,40" who="1" fromWho="3" sc="263,0,197,120,293,0,247,-120" owari="263,-13.7,317,41.7,293,9.3,127,-37.3" /></mjloggm>