<mjloggm ver="2.3"><GO type="225" lobby="0"/><UN n0="%E4%BC%8A%E9%81%94%E6%9C%B1%E9%87%8C%E7%B4%97" n1="%6C%65%74%69%74%62%65" n2="%E3%81%A4%E3%81%A3%E3%81%B1%E3%82%8A%E3%83%9D%E3%83%BC%E3%83%AB" n3="%E5%A4%8F%E9%88%B4%E9%88%B4%E5%A4%8F" dan="16,16,17,16" rate="2081.47,2113.35,2191.02,2114.87" sx="F,M,M,F"/><TAIKYOKU oya="0"/><INIT seed="0,0,0,3,1,35" ten="250,250,250,250" oya="0" hai0="16,6,31,30,65,98,20,77,22,82,100,33,117" hai1="113,103,52,128,63,38,89,60,107,29,94,37,14" hai2="110,72,23,127,112,131,66,119,4,79,48,58,99" hai3="122,18,13,8,120,46,69,135,86,67,88,5,2"/><T12/><D117/><U10/><E128/><V42/><F112/><W25/><G135/><T44/><D33/><U34/><E113/><V134/><F119/><W83/><G25/><T132/><D132/><U116/><E116/><V71/><F134/><W36/><G67/><T95/><D6/><U57/><E60/><V1/><F131/><W81/><G69/><T17/><D65/><U26/><E103/><V80/><F71/><W104/><G104/><T11/><D44/><U28/><E107/><V115/><F115/><W21/><REACH who="3" step="1"/><G81/><REACH who="3" ten="250,250,250,240" step="2"/><T39/><D39/><U62/><E28/><V32/><F66/><W130/><G130/><T106/><D106/><U47/><E37/><V75/><F80/><W121/><G121/><T102/><D102/><U133/><E38/><V24/><F24/><W50/><G50/><T61/><D61/><U91/><E62/><V118/><F48/><W97/><G97/><T76/><D76/><U70/><E70/><V54/><F99/><W56/><G56/><T125/><D125/><U93/><E133/><V84/><F58/><W9/><G9/><T123/><D123/><U15/><E10/><N who="2" m="2319" /><F79/><W3/><G3/><T27/><REACH who="0" step="1"/><D11/><REACH who="0" ten="240,250,250,240" step="2"/><U43/><E63/><V108/><F127/><W41/><AGARI ba="0,2" hai="2,5,8,13,18,21,36,41,46,83,86,88,120,122" machi="41" ten="30,8000,1" yaku="1,1,0,1,52,1,54,1,53,1" doraHai="35" doraHaiUra="85" who="3" fromWho="3" sc="240,-40,250,-20,250,-20,240,100" /><INIT seed="1,0,0,2,5,98" ten="200,230,230,340" oya="1" hai0="5,52,50,83,96,54,85,32,107,134,73,67,81" hai1="46,14,127,65,56,68,6,7,28,117,70,42,90" hai2="4,111,41,100,30,113,23,72,77,84,89,17,97" hai3="86,78,116,58,57,26,80,92,49,2,74,130,22"/><U55/><E117/><V11/><F111/><W121/><G121/><T35/><D134/><U19/><E28/><V114/><F41/><W112/><G112/><N who="2" m="43113" /><F30/><W29/><G2/><T38/><D38/><U61/><E127/><V9/><F77/><W8/><G130/><T69/><D5/><U122/><E122/><V18/><F72/><W95/><G116/><T87/><D73/><U129/><E129/><V91/><F11/><W105/><G105/><T51/><D67/><U1/><E90/><N who="2" m="34315" /><F84/><W60/><G74/><T94/><D107/><U135/><E135/><V106/><F23/><W128/><G8/><T44/><D69/><U15/><E68/><V40/><F40/><W20/><G22/><T10/><D10/><U63/><E1/><AGARI ba="0,0" hai="1,4,9,17,18,97,100,106" m="34315,43113" machi="1" ten="30,2000,0" yaku="11,1,52,1" doraHai="98" who="2" fromWho="1" sc="200,0,230,-20,230,20,340,0" /><INIT seed="2,0,0,4,3,9" ten="200,210,250,340" oya="2" hai0="60,3,120,19,25,31,121,5,114,109,122,35,110" hai1="45,46,4,15,43,66,67,62,135,58,81,128,86" hai2="71,59,21,13,44,124,38,133,0,18,57,68,23" hai3="37,64,107,115,101,100,125,16,8,117,10,103,111"/><V61/><F133/><W129/><G117/><T48/><D60/><U93/><E135/><V12/><F0/><W22/><G111/><N who="0" m="42507" /><D48/><N who="1" m="26687" /><E128/><V98/><F124/><W108/><G108/><T106/><D106/><U113/><E93/><V11/><F98/><W14/><G37/><T82/><D82/><U76/><E113/><V39/><F44/><W104/><G129/><T91/><D91/><U130/><E46/><V88/><F88/><W105/><G125/><T118/><D114/><U85/><E85/><V24/><F11/><W126/><G126/><T30/><D118/><U83/><E81/><V132/><F24/><W40/><G40/><T72/><D72/><U134/><E134/><V112/><F132/><W20/><G115/><T63/><D63/><U49/><E49/><V77/><F61/><W74/><G74/><T26/><D19/><U52/><E130/><V78/><F18/><W97/><G64/><T28/><D35/><U50/><E62/><V94/><F94/><W6/><REACH who="3" step="1"/><G97/><REACH who="3" ten="200,210,250,330" step="2"/><T119/><D119/><U7/><E66/><V89/><F112/><W54/><G54/><T17/><D122/><U79/><E67/><V41/><F41/><W95/><G95/><T32/><D121/><U73/><E73/><V80/><F80/><W2/><AGARI ba="0,1" hai="2,6,8,10,14,16,20,22,100,101,103,104,105,107" machi="2" ten="40,8000,1" yaku="1,1,0,1,52,1,54,1,53,0" doraHai="9" doraHaiUra="131" who="3" fromWho="3" sc="200,-20,210,-20,250,-40,330,90" /><INIT seed="3,0,0,4,0,11" ten="180,190,210,420" oya="3" hai0="27,122,13,56,80,78,83,77,129,81,128,106,101" hai1="65,37,7,121,124,60,130,48,2,119,74,103,82" hai2="75,71,43,85,134,21,96,131,126,108,29,87,61" hai3="8,112,20,6,19,95,53,0,16,118,111,68,89"/><W66/><G112/><T86/><D122/><U40/><E121/><V14/><F75/><W50/><G118/><T55/><D27/><U63/><E103/><V45/><F108/><W117/><G117/><T91/><D13/><U100/><E100/><V67/><F134/><W110/><G66/><T99/><D56/><U54/><E130/><N who="0" m="50281" /><D55/><U10/><E124/><V30/><F96/><N who="3" m="57455" /><G68/><T88/><D91/><U36/><E119/><V59/><F71/><W113/><G20/><T120/><D120/><U3/><E3/><V24/><F30/><W70/><G70/><T90/><D81/><U105/><E65/><V102/><F126/><W57/><G113/><T35/><D35/><U114/><E114/><V42/><F102/><W23/><G23/><T22/><D22/><U38/><E40/><V44/><F131/><W127/><G127/><T51/><D51/><U39/><E39/><V33/><F43/><W64/><G64/><T69/><D69/><U76/><E60/><V15/><F33/><W26/><G26/><T109/><D109/><AGARI ba="0,0" hai="0,6,8,16,19,50,53,57,109,110,111" m="57455" machi="109" ten="30,5800,0" yaku="14,1,10,1,54,1" doraHai="11" who="3" fromWho="0" sc="180,-58,190,0,210,0,420,58" owari="122,-37.8,190,-21.0,210,1.0,478,57.8" /></mjloggm>