<mjloggm ver="2.3"><GO type="225" lobby="0"/><UN n0="%79%75%72%69%6D%6F%67" n1="%E4%BF%BA%E3%81%A8%E5%A6%96%E5%A4%A2" n2="%E3%83%81%E3%83%83%E3%82%BF%E3%82%BD%E3%83%BC" n3="%E7%99%BD%E9%9B%AA%E4%B9%83%E6%84%9B" dan="16,16,16,16" rate="2185.96,2137.34,2118.00,2032.86" sx="F,F,F,F"/><TAIKYOKU oya="0"/><INIT seed="0,0,0,2,4,108" ten="250,250,250,250" oya="0" hai0="83,45,66,0,110,86,39,124,102,133,46,5,81" hai1="43,118,73,11,94,61,51,24,123,78,131,57,96" hai2="55,48,135,97,14,22,36,29,65,114,75,128,91" hai3="119,9,54,67,90,117,76,42,62,20,99,129,59"/><T7/><D124/><U93/><E118/><V134/><F114/><W106/><G129/><T37/><D133/><N who="2" m="50698" /><F128/><W116/><G76/><T6/><D102/><U35/><E131/><V69/><F36/><W79/><G79/><T21/><D0/><U88/><E123/><V4/><F75/><W56/><G42/><T53/><D66/><U103/><E78/><V107/><F65/><W98/><G9/><T19/><D110/><U3/><E73/><V89/><F69/><W105/><G20/><T125/><D125/><U87/><E11/><N who="2" m="4455" /><F22/><W126/><G126/><T31/><D31/><U10/><E10/><V68/><F29/><W95/><REACH who="3" step="1"/><G99/><REACH who="3" ten="250,250,250,240" step="2"/><T41/><D39/><U15/><E96/><V49/><F68/><W121/><G121/><T58/><D41/><U85/><E43/><V72/><F72/><W47/><G47/><T32/><D37/><U74/><E74/><V104/><F97/><W63/><AGARI ba="0,1" hai="54,56,59,62,63,67,90,95,98,105,106,116,117,119" machi="63" ten="40,2700,0" yaku="1,1,0,1,53,0" doraHai="108" doraHaiUra="44" who="3" fromWho="3" sc="250,-13,250,-7,250,-7,240,37" /><INIT seed="1,0,0,5,2,115" ten="237,243,243,277" oya="1" hai0="41,14,85,8,95,89,11,48,0,126,101,74,24" hai1="61,20,114,27,69,1,4,76,72,117,100,25,62" hai2="108,29,53,38,67,79,129,112,12,5,70,130,118" hai3="7,23,55,52,121,84,13,36,30,119,125,110,66"/><U34/><E114/><V88/><F112/><W64/><G121/><T109/><D74/><U105/><E61/><N who="2" m="40303" /><F38/><W26/><G36/><T90/><D109/><U98/><E76/><V58/><F108/><W81/><G110/><T22/><D126/><U132/><E72/><V33/><F79/><W92/><G125/><T77/><D11/><U3/><E4/><V122/><F122/><W28/><G92/><T78/><D0/><U111/><E111/><V51/><F29/><W43/><G43/><T6/><D101/><U83/><E83/><V18/><F5/><W116/><G30/><T96/><D48/><U120/><E120/><V19/><F33/><W60/><G13/><T37/><D41/><U107/><E107/><V39/><F39/><W93/><G93/><N who="0" m="56367" /><D37/><U134/><E117/><N who="3" m="45130" /><G7/><T40/><D40/><U86/><E27/><V63/><F118/><W135/><G135/><N who="1" m="51754" /><E34/><V87/><F12/><W65/><G60/><T94/><D94/><U91/><E62/><V54/><F63/><W17/><G28/><AGARI ba="0,0" hai="6,8,14,22,24,28,77,78,85,90,95" m="56367" machi="28" ten="30,1000,0" yaku="8,1" doraHai="115" who="0" fromWho="3" sc="237,10,243,0,243,0,277,-10" /><INIT seed="2,0,0,3,2,134" ten="247,243,243,267" oya="2" hai0="126,43,0,116,94,4,8,16,135,51,1,102,121" hai1="19,5,100,80,128,41,50,77,91,84,28,13,3" hai2="79,118,92,130,132,27,46,114,64,101,35,31,69" hai3="123,47,90,24,42,59,57,105,33,26,61,113,73"/><V86/><F132/><W109/><G123/><T98/><D121/><U62/><E128/><V117/><F130/><W95/><G105/><T70/><D70/><U34/><E100/><V14/><F114/><W111/><G73/><T89/><D135/><U131/><E131/><V48/><F14/><W99/><G113/><T65/><D65/><U119/><E119/><V106/><F92/><W23/><G33/><T21/><D1/><U107/><E107/><V85/><F86/><W44/><G57/><T15/><D126/><U9/><E62/><N who="2" m="40087" /><F85/><W66/><G44/><T40/><D116/><U110/><E34/><V124/><F79/><W88/><G90/><T25/><D51/><U6/><E28/><V12/><F12/><W17/><REACH who="3" step="1"/><G26/><REACH who="3" ten="247,243,243,257" step="2"/><T37/><D37/><AGARI ba="0,1" hai="17,23,24,37,42,47,59,61,66,88,95,99,109,111" machi="37" ten="40,8000,1" yaku="1,1,2,1,54,1,53,1" doraHai="134" doraHaiUra="55" who="3" fromWho="0" sc="247,-80,243,0,243,0,257,90" /><INIT seed="3,0,0,0,5,63" ten="167,243,243,347" oya="3" hai0="78,35,90,26,88,71,60,18,96,41,29,58,102" hai1="86,127,72,55,20,115,39,61,15,77,75,6,128" hai2="2,118,1,89,113,32,117,22,68,66,80,7,87" hai3="119,130,21,51,37,47,16,79,59,126,116,92,38"/><W9/><G9/><T27/><D78/><U56/><E115/><V67/><F113/><W0/><G0/><T50/><D27/><U69/><E39/><V81/><F32/><W122/><G122/><T62/><D18/><U110/><E110/><V134/><F68/><W73/><G130/><T8/><D8/><U132/><E128/><V74/><F22/><W84/><G126/><T28/><D28/><U13/><E127/><V3/><F7/><W12/><G73/><T14/><D14/><U54/><E132/><V76/><REACH who="2" step="1"/><F134/><REACH who="2" ten="167,243,233,347" step="2"/><W100/><G119/><AGARI ba="0,1" hai="1,2,3,66,67,74,76,80,81,87,89,117,118,119" machi="119" ten="50,8000,1" yaku="1,1,2,1,52,2,53,0" doraHai="63" doraHaiUra="10" who="2" fromWho="3" sc="167,0,243,0,233,90,347,-80" owari="167,-33.3,243,-15.7,323,42.3,267,6.7" /></mjloggm>