<mjloggm ver="2.3"><GO type="225" lobby="0"/><UN n0="%E6%B7%91%E5%A5%B3%E3%81%AE%E5%97%9C%E3%81%BF" n1="%E9%BB%99%E8%81%B4%E3%81%AE%E3%81%99%E3%82%9D%E3%82%81" n2="%E6%98%93%E5%88%A9%E8%96%A9%E4%BC%AF" n3="%E5%91%A8%E6%9D%B1" dan="16,16,17,17" rate="2081.90,2124.03,2183.57,2247.39" sx="M,M,F,M"/><TAIKYOKU oya="0"/><INIT seed="0,0,0,2,1,80" ten="250,250,250,250" oya="0" hai0="5,103,46,3,62,39,70,21,87,36,102,33,93" hai1="123,99,118,75,12,43,111,135,88,86,83,11,125" hai2="71,2,119,128,50,90,31,10,85,19,91,58,26" hai3="109,69,8,51,55,35,56,44,82,113,132,110,48"/><T7/><D33/><U120/><E118/><V121/><F71/><W78/><G35/><T47/><D21/><U127/><E111/><V76/><F121/><W52/><G113/><T14/><D14/><U94/><E43/><V108/><F108/><BYE who="2" /><W4/><G69/><T9/><D7/><U25/><E25/><V67/><F67/><W112/><G132/><T95/><D39/><UN n2="%E6%98%93%E5%88%A9%E8%96%A9%E4%BC%AF" /><U98/><E11/><V1/><F76/><W133/><G112/><T29/><D29/><U64/><E64/><V15/><F91/><W59/><G44/><T89/><D36/><U117/><E12/><V27/><F27/><W124/><G124/><N who="1" m="47690" /><E117/><V57/><F128/><W68/><G68/><T100/><REACH who="0" step="1"/><D95/><REACH who="0" ten="240,250,250,250" step="2"/><U65/><E135/><V42/><F119/><W23/><G23/><T20/><D20/><U37/><E37/><V92/><F2/><W40/><G133/><T6/><D6/><U126/><E126/><V73/><F1/><W77/><G40/><T81/><D81/><U122/><E65/><AGARI ba="0,1" hai="3,5,9,46,47,62,65,70,87,89,93,100,102,103" machi="65" ten="40,3900,0" yaku="1,1,52,1,53,0" doraHai="80" doraHaiUra="101" who="0" fromWho="1" sc="240,49,250,-39,250,0,250,0" /><INIT seed="0,1,0,2,1,39" ten="289,211,250,250" oya="0" hai0="51,128,46,73,9,114,135,120,104,117,45,96,40" hai1="78,2,66,49,89,124,19,97,58,103,56,47,106" hai2="68,44,10,4,38,62,36,11,0,134,41,123,57" hai3="37,98,28,110,26,16,113,130,119,52,85,132,102"/><T86/><D114/><U84/><E124/><V83/><F123/><W70/><G113/><T22/><D117/><U12/><E2/><V69/><F134/><W107/><G119/><T65/><D120/><U15/><E78/><V108/><F108/><W53/><G110/><T133/><D73/><U32/><E32/><V81/><F38/><W112/><G112/><T31/><D128/><U126/><E126/><V127/><F11/><W92/><G130/><T122/><D122/><U100/><E100/><V18/><F18/><W129/><G129/><T94/><D65/><U29/><E29/><V75/><F127/><W115/><G132/><T13/><D86/><U109/><E12/><V71/><REACH who="2" step="1"/><F75/><REACH who="2" ten="289,211,240,250" step="2"/><W48/><G37/><T105/><D133/><U35/><E109/><V93/><F93/><W23/><G115/><T72/><D72/><U59/><E19/><V27/><F27/><W74/><G74/><T131/><D131/><U76/><E106/><V43/><F43/><W54/><G70/><T118/><D135/><U42/><E42/><V24/><F24/><W30/><REACH who="3" step="1"/><G48/><REACH who="3" ten="289,211,240,240" step="2"/><N who="0" m="26663" /><D118/><U125/><E49/><V77/><F77/><W7/><G7/><T64/><D51/><U8/><E76/><V6/><F6/><W82/><G82/><T33/><D105/><U91/><E125/><V55/><AGARI ba="1,2" hai="0,4,10,36,41,44,55,57,62,68,69,71,81,83" machi="55" ten="30,4000,0" yaku="1,1,0,1,52,1,53,0" doraHai="39" doraHaiUra="121" who="2" fromWho="2" sc="289,-21,211,-11,240,63,240,-11" /><INIT seed="1,0,0,4,5,84" ten="268,200,303,229" oya="1" hai0="125,33,43,117,3,69,80,9,91,126,54,0,99" hai1="83,5,34,70,18,16,105,108,35,113,28,12,56" hai2="131,23,14,100,109,8,26,89,63,115,86,10,98" hai3="7,66,6,96,68,11,13,106,24,123,40,27,20"/><U128/><E70/><V60/><F109/><W61/><G123/><T134/><D117/><U87/><E113/><V41/><F131/><W120/><G120/><T118/><D118/><U67/><E105/><V31/><F41/><W15/><G40/><T121/><D121/><U44/><E128/><V39/><F39/><W119/><G119/><T133/><D33/><U122/><E122/><V38/><F38/><W110/><G110/><T22/><D69/><U25/><E35/><V88/><F10/><W76/><G76/><T79/><D54/><U81/><E81/><N who="2" m="49231" /><F100/><W19/><REACH who="3" step="1"/><G6/><REACH who="3" ten="268,200,303,219" step="2"/><N who="0" m="1223" /><D43/><U4/><E5/><N who="2" m="3343" /><F115/><W37/><G37/><T58/><D126/><U94/><E4/><V103/><F103/><AGARI ba="0,1" hai="7,11,13,15,19,20,24,27,61,66,68,96,103,106" machi="103" ten="40,1300,0" yaku="1,1,53,0" doraHai="84" doraHaiUra="132" who="3" fromWho="2" sc="268,0,200,0,303,-13,219,23" /><INIT seed="2,0,0,0,4,22" ten="268,200,290,242" oya="2" hai0="5,120,17,128,86,64,25,51,16,132,29,135,15" hai1="59,68,82,24,117,74,67,75,27,6,35,30,70" hai2="85,72,92,108,93,36,83,112,124,102,98,89,65" hai3="14,42,9,10,109,61,3,49,13,44,131,11,80"/><V33/><F36/><W88/><G3/><T39/><D39/><U43/><E117/><V99/><F33/><W115/><G109/><T111/><D120/><U38/><E6/><V110/><F112/><W66/><G131/><T18/><D111/><N who="2" m="42538" /><F124/><W94/><G80/><T21/><D128/><U91/><E59/><V58/><F72/><W119/><G119/><T62/><D51/><U105/><E105/><N who="2" m="63703" /><F65/><W123/><G123/><T1/><D1/><U48/><E48/><V60/><F60/><W73/><G73/><T69/><REACH who="0" step="1"/><D86/><REACH who="0" ten="258,200,290,242" step="2"/><U125/><E75/><V103/><F58/><N who="3" m="37175" /><G115/><T97/><D97/><AGARI ba="0,1" hai="9,10,11,13,14,42,44,49,88,94,97" m="37175" machi="97" ten="30,2000,0" yaku="8,1,54,1" doraHai="22" who="3" fromWho="0" sc="258,-20,200,0,290,0,242,30" /><INIT seed="3,0,0,5,0,120" ten="238,200,290,272" oya="3" hai0="0,36,34,21,134,79,114,59,128,48,104,129,50" hai1="56,105,90,100,20,77,42,98,27,131,37,47,97" hai2="43,39,51,19,12,95,81,60,94,1,110,11,45" hai3="6,55,125,126,92,3,93,64,46,71,44,16,82"/><W91/><G82/><T22/><D36/><U40/><E131/><N who="0" m="50249" /><D34/><U112/><E112/><V53/><F110/><W10/><G71/><T72/><D114/><U122/><E122/><V62/><F1/><W132/><G64/><T68/><D68/><U49/><E77/><V96/><F81/><W7/><G132/><T75/><D104/><U78/><E78/><V108/><F108/><W17/><G55/><N who="0" m="32231" /><D0/><U31/><E56/><V86/><F86/><W14/><G3/><T33/><D33/><U102/><E90/><V117/><F95/><N who="3" m="36427" /><G91/><T113/><D113/><U85/><E85/><V83/><F83/><W80/><G80/><N who="0" m="45159" /><D75/><U28/><E37/><V2/><F2/><W15/><G126/><T130/><D130/><U103/><E42/><V35/><F35/><W23/><G125/><T24/><D134/><U30/><REACH who="1" step="1"/><E105/><REACH who="1" ten="238,190,290,272" step="2"/><V101/><F117/><W116/><G116/><T32/><D50/><U66/><E66/><V76/><F76/><W135/><G135/><T99/><D99/><AGARI ba="0,1" hai="20,27,28,30,31,40,47,49,97,98,99,100,102,103" machi="99" ten="40,2600,0" yaku="1,1,8,1,53,0" doraHai="120" doraHaiUra="70" who="1" fromWho="0" sc="238,-26,190,36,290,0,272,0" /><INIT seed="4,0,0,4,0,62" ten="212,226,290,272" oya="0" hai0="83,101,45,86,20,14,57,106,18,82,88,4,2" hai1="52,10,51,99,74,71,104,85,120,56,9,61,26" hai2="118,131,89,119,94,75,63,3,40,127,72,53,28" hai3="0,16,97,100,130,59,60,44,125,87,78,23,79"/><T134/><D134/><U29/><E74/><V5/><F40/><W80/><G130/><T112/><D112/><U93/><E120/><V68/><F28/><W24/><G125/><T34/><D34/><U81/><E104/><V65/><F131/><W1/><G44/><T32/><D32/><U121/><E71/><V11/><F53/><W33/><G78/><T21/><D2/><U69/><E69/><V54/><F54/><W128/><G33/><T48/><D4/><U105/><E105/><V73/><REACH who="2" step="1"/><F127/><REACH who="2" ten="212,226,280,272" step="2"/><W39/><G128/><T102/><D106/><U15/><E29/><V64/><F64/><W129/><G129/><T116/><D116/><U95/><E52/><V108/><F108/><W70/><G39/><T12/><D57/><U114/><E56/><V13/><F13/><W38/><G38/><T41/><REACH who="0" step="1"/><D82/><REACH who="0" ten="202,226,280,272" step="2"/><U107/><E81/><V55/><F55/><W6/><G70/><T8/><D8/><U22/><E9/><V122/><F122/><W98/><G1/><T7/><D7/><U84/><E121/><V133/><F133/><W50/><G6/><T90/><D90/><U103/><E10/><V58/><F58/><W46/><G0/><T37/><D37/><U31/><E107/><V36/><F36/><W66/><G100/><T67/><D67/><U111/><E103/><V19/><F19/><AGARI ba="0,2" hai="12,14,18,19,20,21,41,45,48,83,86,88,101,102" machi="19" ten="40,12000,1" yaku="1,1,9,1,8,1,54,1,53,0" doraHai="62" doraHaiUra="35" who="0" fromWho="2" sc="202,140,226,0,280,-120,272,0" owari="342,44.2,226,-17.4,160,-34.0,272,7.2" /></mjloggm>