<mjloggm ver="2.3"><GO type="225" lobby="0"/><UN n0="%30%2E%31%32%30" n1="%E6%B4%BE%E9%81%A3%E3%81%AE%E3%82%B8%E3%83%A3%E3%83%83%E3%82%AF" n2="%E3%83%A9%E3%82%A4%E3%83%B3%E3%81%AE%E8%99%8E" n3="%E5%B8%86%E7%AB%8B%E5%A4%8F%E8%A1%A3" dan="16,17,16,17" rate="2124.78,2194.43,2154.34,2153.89" sx="M,M,M,M"/><TAIKYOKU oya="0"/><INIT seed="0,0,0,2,4,102" ten="250,250,250,250" oya="0" hai0="69,53,85,63,134,93,94,109,107,22,135,97,26" hai1="41,6,37,88,54,40,76,78,114,122,59,127,99" hai2="106,103,36,73,100,115,52,81,58,91,48,132,39" hai3="55,12,38,65,105,118,30,83,74,80,96,31,18"/><T19/><D109/><U50/><E122/><V51/><F115/><W49/><G118/><T133/><D85/><U46/><E127/><V60/><F132/><N who="0" m="33794" /><T11/><DORA hai="64" /><D26/><U72/><E114/><V57/><F73/><W111/><G38/><T126/><D11/><U25/><E6/><V67/><F51/><W7/><G7/><T21/><D126/><U89/><E41/><V87/><REACH who="2" step="1"/><F100/><REACH who="2" ten="250,250,240,250" step="2"/><W70/><G49/><T24/><D97/><AGARI ba="0,1" hai="36,39,48,52,57,58,60,67,81,87,91,97,103,106" machi="97" ten="40,8000,1" yaku="1,1,2,1,52,1,54,1,53,0" doraHai="102,64" doraHaiUra="120,119" who="2" fromWho="0" sc="250,-80,250,0,240,90,250,0" /><INIT seed="1,0,0,1,1,62" ten="170,250,330,250" oya="1" hai0="43,76,105,7,129,99,44,84,120,92,70,46,93" hai1="103,42,106,49,51,47,32,37,89,27,53,88,35" hai2="6,54,118,22,11,50,127,52,4,48,134,113,34" hai3="63,55,15,86,61,111,135,57,128,24,96,18,130"/><U68/><E68/><V133/><F34/><W110/><G24/><T87/><D70/><U26/><E37/><V10/><F118/><W80/><G96/><T28/><D28/><U71/><E71/><V9/><F22/><W90/><G135/><N who="2" m="51721" /><F127/><W81/><G81/><T91/><D7/><N who="2" m="2602" /><F113/><W83/><G83/><N who="0" m="47207" /><D46/><U31/><E32/><V38/><F38/><W39/><G39/><T12/><D12/><U102/><E27/><V132/><F132/><W1/><G63/><T98/><D44/><U125/><E125/><V65/><F65/><W94/><G80/><N who="0" m="49639" /><D43/><U20/><E35/><V72/><F72/><W131/><REACH who="3" step="1"/><G1/><REACH who="3" ten="170,250,330,240" step="2"/><T104/><D120/><U5/><E26/><V3/><F3/><W100/><G100/><N who="0" m="60495" /><D129/><U58/><E31/><V66/><F48/><W79/><G79/><T40/><D40/><U95/><E49/><V64/><F54/><W8/><AGARI ba="0,1" hai="8,15,18,55,57,61,86,90,94,110,111,128,130,131" machi="8" ten="40,8000,1" yaku="1,1,0,1,19,1,53,2" doraHai="62" doraHaiUra="121" who="3" fromWho="3" sc="170,-20,250,-40,330,-20,240,90" /><INIT seed="2,0,0,4,5,53" ten="150,210,310,330" oya="2" hai0="45,60,82,65,64,55,68,114,106,2,29,23,49" hai1="102,32,111,8,31,62,131,90,104,129,98,80,134" hai2="27,36,38,93,112,63,120,56,125,76,91,118,122" hai3="74,89,121,34,84,97,5,66,46,108,132,0,77"/><V48/><F112/><W43/><G34/><T3/><D106/><U124/><E111/><V103/><F118/><W87/><G121/><T78/><D114/><U21/><E124/><V83/><F125/><W71/><G132/><T95/><D65/><U115/><E115/><V107/><F48/><W9/><G108/><T17/><D29/><U12/><E134/><V72/><F27/><W19/><G19/><T123/><D123/><U75/><E21/><V85/><F122/><W22/><G22/><T119/><D119/><U26/><E62/><V58/><F120/><W79/><G79/><T20/><D95/><U130/><E90/><V40/><F40/><W96/><G87/><T37/><D23/><U116/><E116/><V67/><F58/><W110/><G66/><T127/><D127/><U1/><E1/><V25/><F25/><W11/><G11/><T44/><D44/><U4/><E80/><V13/><F13/><W105/><G105/><T39/><D39/><U101/><E101/><V70/><F70/><W128/><G128/><T57/><D82/><U18/><E75/><V92/><F92/><N who="3" m="54311" /><G71/><T126/><D78/><U35/><E35/><V6/><F6/><AGARI ba="0,0" hai="4,6,8,12,18,26,31,32,98,102,104,129,130,131" machi="6" ten="40,1300,0" yaku="19,1" doraHai="53" who="1" fromWho="2" sc="150,0,210,13,310,-13,330,0" /><INIT seed="3,0,0,0,0,69" ten="150,223,297,330" oya="3" hai0="41,25,37,24,31,39,46,56,53,76,5,58,47" hai1="84,106,88,117,43,23,129,8,97,19,93,86,103" hai2="62,127,96,102,2,114,13,132,85,70,7,48,36" hai3="29,66,54,94,126,64,1,14,133,87,75,63,120"/><W79/><G1/><T21/><D5/><U90/><E129/><V52/><F114/><W60/><G75/><T91/><D76/><U20/><E117/><V77/><F2/><W123/><G126/><T57/><D91/><U100/><E43/><V130/><F130/><W92/><G133/><T42/><REACH who="0" step="1"/><D24/><REACH who="0" ten="140,223,297,330" step="2"/><U61/><E90/><V67/><F77/><W131/><G79/><T40/><D40/><U105/><E88/><V11/><F7/><W9/><G131/><T68/><D68/><U71/><E71/><V3/><F70/><W44/><G123/><T116/><D116/><U35/><E100/><V78/><F78/><W72/><G120/><T27/><D27/><U26/><E26/><V15/><F102/><W50/><G14/><T122/><D122/><U32/><E103/><V74/><F13/><W38/><G72/><T45/><D45/><U82/><E82/><V34/><F15/><W22/><G44/><T55/><AGARI ba="0,1" hai="21,25,31,37,39,41,42,46,47,53,55,56,57,58" machi="55" ten="30,12000,2" yaku="1,1,0,1,9,1,52,2,53,1" doraHai="69" doraHaiUra="16" who="0" fromWho="0" sc="140,130,223,-30,297,-30,330,-60" /><INIT seed="4,0,0,1,4,41" ten="270,193,267,270" oya="0" hai0="74,111,90,119,62,115,29,72,94,6,123,92,44" hai1="101,13,24,27,1,88,91,47,73,31,84,132,2" hai2="28,10,54,79,64,86,98,20,37,83,114,38,127" hai3="116,18,23,9,134,53,70,8,124,69,16,34,46"/><T35/><D119/><U30/><E73/><V39/><F114/><W105/><G34/><T104/><D123/><U128/><E101/><V117/><F127/><W129/><G105/><T22/><D104/><U26/><E128/><V112/><F112/><W76/><G116/><T5/><D35/><U14/><E132/><V65/><F117/><W42/><G76/><T7/><D115/><U58/><E58/><V71/><F71/><W77/><G77/><T122/><D122/><U11/><E47/><V118/><F98/><W21/><G53/><T107/><D107/><U51/><E51/><V97/><F97/><W15/><G124/><T95/><D111/><U49/><E49/><V106/><F106/><W81/><G81/><T36/><D62/><U75/><E75/><V131/><F131/><W57/><G57/><T102/><D102/><U78/><E78/><V133/><F133/><W40/><G134/><T68/><D68/><U130/><E130/><V50/><F10/><W66/><G129/><T61/><D61/><U19/><E84/><V52/><F118/><W135/><G135/><T56/><D56/><U55/><E55/><V82/><F82/><W32/><G32/><T109/><D109/><U25/><N who="1" m="6144" /><DORA hai="67" /><U110/><E110/><V87/><F87/><W100/><G100/><T0/><D0/><N who="1" m="107" /><E13/><V85/><F85/><W60/><G69/><T4/><N who="0" m="1024" /><DORA hai="80" /><T113/><D113/><U17/><E17/><V99/><F99/><W63/><G63/><T125/><D125/><U121/><E121/><V89/><F86/><W43/><G46/><T108/><D108/><RYUUKYOKU ba="0,0" sc="270,-15,193,15,267,-15,270,15" hai1="11,14,19,30,31,88,91" hai3="8,9,15,16,18,21,23,40,42,43,60,66,70" /><INIT seed="5,1,0,1,3,24" ten="255,208,252,285" oya="1" hai0="15,54,131,112,41,22,78,111,59,57,125,44,126" hai1="93,75,103,0,65,42,7,110,84,96,52,101,89" hai2="80,94,46,123,23,33,20,86,8,50,70,17,68" hai3="34,63,69,73,35,26,91,49,88,58,100,31,109"/><U25/><E75/><V9/><F33/><W115/><G109/><T120/><D78/><U85/><E42/><V71/><F94/><W105/><G35/><T124/><D15/><U39/><E39/><V67/><F67/><N who="3" m="41215" /><G115/><T121/><D22/><U129/><E129/><V47/><F123/><N who="0" m="47178" /><D131/><U98/><E110/><V102/><F102/><N who="1" m="38921" /><E65/><V43/><F47/><W127/><G127/><N who="0" m="32515" /><T13/><DORA hai="76" /><D13/><U40/><E0/><V6/><F17/><W18/><G18/><T32/><D32/><U48/><E40/><V119/><F119/><W79/><G79/><T74/><D74/><U21/><E7/><V130/><F130/><W1/><G1/><T83/><D111/><U106/><E106/><V4/><F4/><W37/><G73/><T3/><D3/><U28/><E85/><V133/><F8/><W10/><G10/><T82/><D112/><U118/><E118/><V107/><F107/><W19/><G19/><T135/><D135/><U122/><E122/><V132/><F132/><W116/><G116/><T108/><D108/><U97/><E84/><V5/><F133/><W27/><G105/><T38/><D57/><AGARI ba="1,0" hai="21,25,28,48,52,57,89,93,96,97,98" m="38921" machi="57" ten="30,5800,0" yaku="8,1,52,1,54,1" doraHai="24,76" who="1" fromWho="0" sc="255,-61,208,61,252,0,285,0" /><INIT seed="5,2,0,4,2,17" ten="194,269,252,285" oya="1" hai0="77,12,24,57,68,49,67,117,87,125,51,78,132" hai1="65,62,99,98,127,2,16,93,95,66,70,46,31" hai2="0,121,100,1,73,19,135,33,113,47,58,112,115" hai3="3,39,64,90,129,96,34,107,6,13,131,32,75"/><U18/><E2/><V15/><F121/><W29/><G3/><T23/><D117/><U134/><E134/><V14/><F135/><W120/><G120/><T72/><D72/><U27/><E127/><V80/><F33/><W60/><G75/><T20/><D132/><U22/><E46/><V52/><F100/><N who="3" m="62855" /><G90/><T26/><D125/><U106/><E106/><V40/><F15/><W8/><G39/><T61/><D68/><U79/><E79/><N who="0" m="30217" /><D12/><U44/><E44/><V130/><F80/><W88/><G88/><T92/><D92/><N who="1" m="35403" /><E70/><V10/><F73/><W123/><G123/><T56/><D87/><U54/><E54/><V89/><F89/><W85/><G85/><T102/><D102/><U101/><E101/><V53/><F53/><W4/><G4/><T105/><D105/><U30/><E30/><V7/><F7/><W124/><G29/><N who="0" m="17543" /><D56/><N who="1" m="37063" /><E66/><V111/><F111/><W71/><G124/><T104/><D104/><U103/><E103/><V42/><F42/><W5/><G5/><T48/><D48/><U76/><E76/><V119/><F119/><W35/><G35/><T43/><D43/><U94/><E94/><V59/><F59/><W91/><G91/><T114/><D114/><U69/><E69/><V82/><F82/><W41/><G41/><T128/><D128/><N who="3" m="49225" /><G34/><T50/><D50/><U55/><E99/><V9/><F130/><W38/><G32/><T83/><D83/><U109/><E109/><V37/><F10/><W21/><G38/><T45/><D45/><U36/><E36/><V11/><F11/><W118/><G118/><T108/><D108/><RYUUKYOKU ba="2,0" sc="194,10,269,-30,252,10,285,10" hai0="23,26,49,51,57,61,67" hai2="0,1,9,14,19,37,40,47,52,58,112,113,115" hai3="6,8,13,21,60,64,71" /><INIT seed="6,3,0,4,0,106" ten="204,239,262,295" oya="2" hai0="131,44,98,55,109,3,135,92,76,17,48,11,99" hai1="114,84,89,132,121,62,45,125,54,123,74,115,85" hai2="67,57,31,50,65,37,86,90,6,122,111,102,112" hai3="19,63,81,10,25,41,9,101,56,23,129,104,8"/><V107/><F37/><W93/><G129/><T94/><D109/><U69/><E125/><V16/><F122/><N who="1" m="46601" /><E132/><V51/><F111/><W70/><G70/><T26/><D131/><U118/><E118/><V77/><F77/><W105/><G41/><T47/><D135/><U27/><E27/><V34/><F6/><W83/><G105/><T28/><D76/><U119/><E119/><V127/><F34/><W18/><G104/><T22/><D44/><U14/><E14/><V113/><F31/><W66/><G19/><T58/><D47/><U72/><E69/><V53/><F107/><W12/><G12/><T36/><D36/><U0/><E0/><V42/><F102/><W96/><AGARI ba="3,0" hai="8,9,10,18,23,25,56,63,66,81,83,93,96,101" machi="96" ten="30,2000,0" yaku="0,1,8,1" doraHai="106" who="3" fromWho="3" sc="204,-8,239,-8,262,-13,295,29" owari="196,-30.4,231,-16.9,249,4.9,324,42.4" /></mjloggm>