<mjloggm ver="2.3"><GO type="225" lobby="0"/><UN n0="%E3%82%BC%E3%83%AB%E3%83%80%E3%81%AE%E4%BC%9D%E8%AA%AC" n1="%4C%4F%4C%49%54%41" n2="%E3%81%BF%E3%81%BF%E3%81%9A" n3="%E6%81%A5%E6%99%92%E3%81%97" dan="17,16,18,16" rate="2181.91,2204.72,2255.58,2213.63" sx="M,F,M,M"/><TAIKYOKU oya="0"/><INIT seed="0,0,0,2,0,87" ten="250,250,250,250" oya="0" hai0="36,91,43,50,9,55,18,122,29,30,102,82,34" hai1="107,71,86,6,100,45,93,118,2,11,132,31,21" hai2="73,28,46,48,128,66,129,90,22,56,41,32,84" hai3="51,133,59,113,1,60,65,37,76,27,79,85,64"/><T78/><D122/><U52/><E118/><V15/><F73/><W80/><G113/><T110/><D102/><U44/><E71/><V104/><F104/><W130/><G37/><T68/><D68/><U109/><E109/><V121/><F121/><W13/><G1/><T99/><D34/><U135/><E107/><V83/><F32/><W20/><G130/><T81/><D110/><U72/><E72/><V103/><F103/><W70/><G133/><N who="1" m="51274" /><E31/><N who="0" m="11785" /><D43/><U39/><E39/><V10/><F22/><W38/><G38/><T108/><D36/><U4/><E4/><V62/><REACH who="2" step="1"/><F28/><REACH who="2" ten="250,250,240,250" step="2"/><W97/><G20/><T69/><D108/><U119/><E21/><V96/><F96/><W7/><G97/><T17/><D9/><U101/><E119/><V127/><F127/><W123/><G123/><T61/><D99/><U40/><E101/><V106/><F106/><W114/><G114/><T0/><D0/><U117/><E117/><V105/><F105/><W120/><G120/><T57/><D69/><U88/><E100/><V67/><F67/><W77/><G65/><T8/><D8/><U134/><E134/><V49/><F49/><W5/><G51/><T75/><D50/><N who="1" m="28743" /><E45/><V47/><F47/><W23/><G70/><T54/><D75/><U125/><E125/><V111/><F111/><W53/><G27/><T63/><D63/><U95/><E40/><V12/><F12/><W126/><G126/><T19/><D61/><U94/><AGARI ba="0,1" hai="2,6,11,86,88,93,94,95" m="28743,51274" machi="94" ten="30,7900,0" yaku="20,1,52,1,54,2" doraHai="87" who="1" fromWho="1" sc="250,-39,250,89,240,-20,250,-20" /><INIT seed="1,0,0,2,2,75" ten="211,339,220,230" oya="1" hai0="68,90,97,2,96,40,132,49,72,128,57,56,34" hai1="41,111,42,117,81,87,8,50,84,3,36,115,93" hai2="108,78,29,5,19,71,99,101,38,121,130,14,23" hai3="44,129,64,67,95,20,119,52,65,76,88,116,18"/><U24/><E115/><V133/><F121/><W107/><G107/><T66/><D34/><U26/><E117/><N who="3" m="45130" /><G129/><T70/><D2/><U113/><E113/><V124/><F130/><W11/><G11/><T83/><D128/><U63/><E36/><V94/><F38/><W74/><G74/><T53/><D132/><U103/><E111/><V60/><F108/><W135/><G135/><T79/><D40/><U110/><E110/><V82/><F133/><W120/><G120/><T69/><REACH who="0" step="1"/><D90/><REACH who="0" ten="201,339,220,230" step="2"/><U39/><E3/><V59/><F124/><W118/><G118/><T55/><D55/><U6/><E42/><V86/><F71/><W25/><G67/><T48/><D48/><U28/><E50/><V112/><F112/><W104/><G65/><T127/><D127/><U131/><E41/><V89/><F29/><W106/><G64/><T80/><D80/><U98/><E81/><V0/><F0/><W35/><G35/><T122/><D122/><U51/><E28/><V47/><F47/><W114/><G114/><T16/><D16/><U62/><E131/><V134/><F134/><W77/><G52/><T9/><D9/><U12/><E39/><V105/><F5/><W27/><G44/><T32/><D32/><U92/><E6/><V15/><F19/><W85/><G27/><T46/><D46/><U10/><E26/><V37/><F37/><W1/><G1/><T7/><D7/><U91/><E8/><V102/><F23/><W123/><G123/><T4/><D4/><N who="1" m="3143" /><E24/><V17/><F17/><W21/><G20/><T54/><D54/><U31/><E31/><RYUUKYOKU ba="0,1" sc="201,15,339,-15,220,-15,230,15" hai0="49,53,56,57,66,68,69,70,72,79,83,96,97" hai3="18,21,25,76,77,85,88,95,104,106" /><INIT seed="2,1,1,5,1,108" ten="216,324,205,245" oya="2" hai0="66,47,26,81,86,77,93,116,70,132,48,64,10" hai1="23,82,124,91,73,83,3,49,134,85,8,75,69" hai2="25,101,1,58,99,55,61,18,44,96,30,13,33" hai3="41,29,9,53,76,127,95,31,90,45,56,11,130"/><V102/><F1/><W36/><G127/><T103/><D132/><U128/><E69/><V111/><F111/><W68/><G130/><T112/><D112/><U107/><E107/><V43/><F102/><W52/><G76/><T87/><D116/><U62/><E134/><V113/><F101/><W20/><G68/><T46/><D70/><U0/><E62/><V15/><F113/><W84/><G53/><T88/><D103/><U106/><E106/><V14/><REACH who="2" step="1"/><F18/><REACH who="2" ten="216,324,195,245" step="2"/><W79/><G79/><T119/><D119/><U125/><E0/><V98/><F98/><W51/><REACH who="3" step="1"/><G20/><REACH who="3" ten="216,324,195,235" step="2"/><T16/><D77/><U114/><E23/><V80/><F80/><W71/><G71/><T4/><D81/><U131/><E82/><V97/><F97/><W117/><G117/><T19/><D19/><U126/><E126/><V32/><F32/><W94/><G94/><T135/><D135/><U74/><E124/><V57/><F57/><W40/><G40/><T109/><D109/><U42/><E125/><V24/><F24/><W118/><G118/><T27/><D16/><U17/><E17/><V35/><F35/><W110/><G110/><T6/><D26/><U63/><E74/><V22/><F22/><W28/><AGARI ba="1,3" hai="9,11,28,29,31,36,41,45,51,52,56,84,90,95" machi="28" ten="30,4000,0" yaku="1,1,0,1,54,1,53,0" doraHai="108" doraHaiUra="78" who="3" fromWho="3" sc="216,-11,324,-11,195,-21,235,73" /><INIT seed="3,0,0,4,2,113" ten="205,313,174,308" oya="3" hai0="88,74,90,102,8,92,29,17,104,96,56,100,98" hai1="64,51,106,65,9,111,117,34,19,114,42,32,16" hai2="60,122,112,95,61,93,5,63,14,85,54,38,132" hai3="11,0,2,105,53,127,20,135,133,4,1,21,76"/><W40/><G105/><T81/><D29/><U118/><E114/><V80/><F112/><W10/><G40/><T36/><D36/><U110/><E106/><V57/><F38/><W67/><G67/><N who="1" m="25674" /><E51/><V25/><F132/><N who="3" m="50763" /><G127/><T12/><REACH who="0" step="1"/><D56/><REACH who="0" ten="195,313,174,308" step="2"/><U86/><E111/><V48/><F122/><W103/><G0/><T7/><D7/><U37/><E37/><V125/><F125/><W84/><G1/><T119/><D119/><U121/><E110/><V59/><F59/><W91/><G2/><T82/><D82/><U116/><E116/><V58/><F58/><W89/><G4/><T26/><D26/><U77/><E118/><V46/><F57/><W24/><G24/><T27/><D27/><U47/><E117/><V107/><F107/><W49/><G10/><T130/><D130/><U45/><E9/><N who="2" m="4399" /><F25/><W101/><G11/><T30/><D30/><U70/><E34/><V23/><F23/><W28/><G28/><T123/><D123/><U35/><E121/><V134/><F134/><W73/><G21/><T3/><D3/><U68/><E32/><V13/><F13/><W6/><G6/><T115/><D115/><U97/><E35/><V55/><F54/><W109/><G20/><T39/><D39/><U108/><E108/><V79/><AGARI ba="0,1" hai="46,48,55,60,61,63,79,80,85,93,95" m="4399" machi="79" ten="30,1100,0" yaku="8,1" doraHai="113" who="2" fromWho="2" sc="195,-3,313,-3,174,21,308,-5" owari="192,-30.8,310,41.0,195,-20.5,303,10.3" /></mjloggm>