<mjloggm ver="2.3"><GO type="225" lobby="0"/><UN n0="%E3%81%90%E3%81%A1%E3%82%84%E3%81%BE" n1="%E5%B8%86%E7%AB%8B%E5%A4%8F%E8%A1%A3" n2="%E3%80%93%E3%81%97%E3%83%BC%E3%82%89%E3%80%93" n3="%E9%B3%B3%E6%9D%B1%E3%81%AE%E3%81%BF%E3%81%91%E3%81%AB%E3%82%83%E3%82%93" dan="16,17,16,17" rate="2136.84,2157.49,2166.46,2216.47" sx="M,M,M,F"/><TAIKYOKU oya="0"/><INIT seed="0,0,0,3,2,121" ten="250,250,250,250" oya="0" hai0="68,81,22,78,13,96,26,64,114,128,93,31,28" hai1="16,43,110,34,95,52,118,80,53,122,27,62,125" hai2="17,76,112,129,107,47,132,99,77,75,49,30,87" hai3="97,66,44,20,32,39,3,123,83,15,18,37,54"/><T126/><D114/><U105/><E105/><V4/><F75/><W102/><G3/><T55/><D126/><U50/><E110/><V131/><F112/><W57/><G32/><T25/><D128/><U29/><E118/><V36/><F36/><W42/><G66/><T41/><D68/><U79/><E125/><V70/><F70/><W85/><G123/><T127/><D127/><U82/><E122/><V109/><F30/><W63/><G44/><T113/><D113/><U94/><E82/><V74/><F74/><W60/><G60/><T104/><D64/><U23/><E43/><V8/><F17/><W91/><REACH who="3" step="1"/><G42/><REACH who="3" ten="250,250,250,240" step="2"/><T2/><D41/><U130/><E62/><V67/><F67/><W100/><G100/><T69/><D2/><U108/><E53/><V10/><F47/><W51/><G51/><T86/><D55/><U46/><E130/><V71/><F49/><W133/><G133/><T58/><D58/><U115/><E115/><V1/><F1/><W134/><G134/><T12/><D69/><U92/><E108/><V98/><F71/><W120/><G120/><T89/><REACH who="0" step="1"/><D104/><AGARI ba="0,1" hai="15,18,20,37,39,54,57,63,83,85,91,97,102,104" machi="104" ten="30,2000,0" yaku="1,1,7,1,53,0" doraHai="121" doraHaiUra="24" who="3" fromWho="0" sc="250,-20,250,0,250,0,240,30" /><INIT seed="1,0,0,2,1,94" ten="230,250,250,270" oya="1" hai0="96,87,12,105,33,61,19,42,40,127,92,89,122" hai1="65,15,119,32,50,39,84,69,62,83,109,98,20" hai2="16,126,135,38,49,128,124,25,48,34,0,14,70" hai3="114,41,4,67,9,23,57,37,18,81,108,91,106"/><U102/><E39/><V35/><F38/><W86/><G114/><T115/><D115/><U44/><E119/><V117/><F117/><W66/><G108/><T85/><D33/><U29/><E109/><V59/><F70/><W51/><G37/><T11/><D127/><N who="2" m="48682" /><F0/><W52/><G41/><T116/><D116/><U22/><E15/><V104/><F135/><W93/><G81/><T36/><D122/><U132/><E132/><V112/><F128/><W72/><G72/><T55/><D105/><U45/><E32/><N who="2" m="12331" /><F25/><W28/><G28/><T100/><D36/><U133/><E133/><V60/><F104/><W54/><G54/><T1/><D1/><U121/><E121/><V78/><F78/><W118/><G106/><T5/><D5/><U101/><E45/><V71/><F71/><W88/><G91/><T21/><D11/><U130/><E130/><V134/><F112/><W46/><G46/><T7/><D7/><U17/><E29/><V129/><F129/><W111/><G111/><T8/><D8/><U123/><E123/><V131/><F131/><W74/><G74/><T95/><REACH who="0" step="1"/><D87/><REACH who="0" ten="220,250,250,270" step="2"/><U26/><E22/><N who="2" m="11543" /><F134/><W31/><G118/><T80/><D80/><U120/><E120/><V30/><F30/><W73/><G31/><T10/><D10/><U2/><E2/><V125/><F125/><W64/><G73/><T90/><D90/><U97/><E84/><V99/><F99/><N who="1" m="37897" /><E83/><V77/><F77/><W6/><G9/><T27/><D27/><AGARI ba="0,1" hai="4,6,18,23,27,51,52,57,64,66,67,86,88,93" machi="27" ten="40,5200,0" yaku="8,1,54,2" doraHai="94" who="3" fromWho="0" sc="220,-52,250,0,250,0,270,62" /><INIT seed="2,0,0,5,2,12" ten="168,250,250,332" oya="2" hai0="104,127,128,119,67,98,92,3,135,0,55,105,75" hai1="121,118,79,93,106,131,4,36,64,62,5,95,87" hai2="45,115,20,11,134,29,133,40,94,116,59,51,46" hai3="18,43,91,84,32,41,24,86,33,107,100,15,126"/><V77/><F115/><W54/><G107/><T101/><D67/><U60/><E118/><V47/><F116/><W17/><G100/><T76/><D119/><U58/><E36/><V9/><F77/><W63/><G33/><T57/><D0/><U129/><E106/><N who="0" m="41065" /><D57/><N who="1" m="36879" /><E121/><V125/><F125/><W123/><G32/><T97/><D55/><N who="1" m="34143" /><E131/><V48/><F59/><N who="3" m="35319" /><G126/><T38/><D3/><U44/><E44/><N who="2" m="17003" /><F94/><N who="1" m="35849" /><E129/><V53/><F51/><W14/><G24/><T96/><D38/><U35/><E35/><V114/><F40/><N who="3" m="15435" /><G123/><T78/><D128/><U65/><E65/><V66/><F66/><W27/><G27/><T113/><D127/><U30/><E30/><V39/><F39/><W13/><G91/><N who="0" m="55327" /><D113/><U99/><E99/><N who="0" m="37897" /><D135/><N who="2" m="51722" /><F114/><W50/><G50/><T22/><D22/><U102/><E102/><V80/><F29/><W73/><G73/><T89/><D101/><U42/><E42/><V103/><F103/><W52/><G52/><T82/><D75/><U26/><E26/><V23/><F53/><W2/><G2/><T25/><D25/><U83/><AGARI ba="0,0" hai="4,5,79,83,87" m="35849,34143,36879" machi="83" ten="30,1100,0" yaku="8,1" doraHai="12" who="1" fromWho="1" sc="168,-3,250,11,250,-5,332,-3" /><INIT seed="3,0,0,1,5,89" ten="165,261,245,329" oya="3" hai0="112,0,32,78,18,113,126,86,76,59,65,130,93" hai1="94,34,5,96,103,111,38,29,4,19,85,14,70" hai2="125,58,6,25,42,67,134,102,28,110,45,128,104" hai3="118,64,35,72,116,117,1,119,48,109,50,105,27"/><W82/><G50/><T26/><D0/><U17/><E38/><V39/><F110/><W91/><G48/><T75/><D75/><U30/><E70/><V62/><F125/><W60/><G91/><T131/><D18/><U74/><E74/><V44/><F128/><N who="0" m="49194" /><D26/><U24/><E111/><V22/><F134/><W11/><G105/><T83/><D32/><U12/><E30/><V63/><F6/><N who="3" m="1487" /><G109/><T123/><D59/><U15/><E85/><V100/><F104/><W31/><G117/><T81/><D65/><U57/><E57/><V98/><F98/><W97/><G97/><T107/><D107/><U23/><REACH who="1" step="1"/><E15/><REACH who="1" ten="165,251,245,329" step="2"/><V90/><F58/><W13/><G13/><T21/><D123/><U88/><E88/><V7/><F90/><W54/><G119/><T66/><D66/><U127/><E127/><V95/><F67/><W8/><G118/><T73/><D126/><U129/><E129/><V2/><F2/><W41/><G116/><T79/><D21/><AGARI ba="0,1" hai="4,5,12,14,17,19,21,23,24,29,34,94,96,103" machi="21" ten="30,12000,2" yaku="1,1,7,1,9,1,52,1,53,2" doraHai="89" doraHaiUra="9" who="1" fromWho="0" sc="165,-120,251,130,245,0,329,0" owari="45,-45.5,381,48.1,245,-15.5,329,12.9" /></mjloggm>