<mjloggm ver="2.3"><GO type="225" lobby="0"/><UN n0="%E4%BF%BA%E3%81%A8%E5%A6%96%E5%A4%A2" n1="%E6%B8%A9%E2%98%85%E6%83%85%E2%98%85%E6%8E%AA%E2%98%85%E7%BD%AE" n2="%6C%61%6D%62" n3="%E5%91%A8%E6%9D%B1" dan="16,17,16,17" rate="2213.59,2190.35,2220.77,2226.94" sx="F,M,M,M"/><TAIKYOKU oya="0"/><INIT seed="0,0,0,4,3,94" ten="250,250,250,250" oya="0" hai0="46,100,103,110,104,109,2,52,96,50,79,123,35" hai1="129,114,41,40,66,91,116,95,26,60,34,56,38" hai2="88,55,39,57,98,106,16,68,6,102,89,27,132" hai3="32,108,121,37,90,107,135,8,133,125,65,75,29"/><T53/><D123/><U14/><E116/><V130/><F68/><W7/><G37/><T51/><D2/><U48/><E129/><V122/><F122/><W11/><G121/><T76/><D35/><U117/><E117/><V23/><F39/><W115/><G75/><T126/><D126/><U82/><E114/><V105/><F130/><W120/><G120/><T78/><REACH who="0" step="1"/><D100/><REACH who="0" ten="240,250,250,250" step="2"/><U15/><E34/><V111/><F111/><W124/><G108/><T131/><D131/><U5/><E38/><V113/><F113/><W59/><G115/><T83/><D83/><U24/><E82/><V86/><F132/><W92/><G32/><T43/><D43/><U84/><E41/><V99/><F6/><W112/><G112/><T87/><D87/><U71/><E5/><V74/><F74/><W69/><G7/><T58/><AGARI ba="0,1" hai="46,50,51,52,53,58,76,78,79,96,103,104,109,110" machi="58" ten="30,18000,2" yaku="1,1,0,1,52,1,54,1,53,3" doraHai="94" doraHaiUra="73" who="0" fromWho="0" sc="240,190,250,-60,250,-60,250,-60" /><INIT seed="0,1,0,3,0,49" ten="430,190,190,190" oya="0" hai0="29,120,70,6,35,91,122,101,117,110,58,116,20" hai1="119,1,82,87,5,18,133,83,132,107,124,43,30" hai2="60,16,53,84,131,22,105,66,92,50,74,95,15" hai3="121,111,23,102,45,118,88,112,123,127,113,125,80"/><T61/><D70/><U89/><E119/><V48/><F74/><W99/><G23/><T47/><D35/><U68/><E124/><N who="3" m="47690" /><G111/><T64/><D110/><U44/><E107/><V41/><F105/><N who="3" m="63711" /><G118/><T108/><D108/><U104/><E104/><V11/><F131/><W85/><G45/><T4/><D117/><U130/><E68/><V106/><F106/><W2/><G2/><T129/><D116/><U38/><E130/><V8/><F48/><W25/><G25/><T128/><D128/><U71/><E71/><V32/><F41/><W93/><G80/><T3/><D129/><U100/><E82/><V135/><F32/><W54/><G54/><T77/><D3/><U42/><E42/><V34/><F34/><W46/><G46/><T86/><D47/><U90/><E44/><N who="2" m="27847" /><F135/><W14/><G14/><T126/><D126/><U79/><E43/><V75/><F66/><W76/><G76/><T96/><D77/><U67/><E67/><V10/><F60/><W52/><G52/><T109/><D109/><U26/><E133/><V7/><F7/><W94/><G94/><N who="0" m="58519" /><D4/><U13/><E132/><V21/><F21/><W65/><G65/><T27/><D6/><U0/><E5/><V134/><F134/><W62/><G62/><T63/><D61/><U40/><E1/><V19/><F19/><W72/><G72/><T56/><D56/><U51/><E0/><V31/><F75/><W114/><AGARI ba="1,0" hai="85,88,93,112,113,114,121,123" m="63711,47690" machi="114" ten="40,8000,1" yaku="18,1,34,2,54,1" doraHai="49" who="3" fromWho="3" sc="430,-41,190,-21,190,-21,190,83" /><INIT seed="1,0,0,5,2,108" ten="389,169,169,273" oya="1" hai0="82,122,127,7,130,132,92,73,74,27,125,26,103" hai1="135,17,98,67,43,61,56,28,59,0,2,90,105" hai2="97,58,128,51,70,23,77,4,102,81,89,133,116" hai3="47,86,33,3,21,18,45,49,68,85,129,38,8"/><U55/><E135/><V84/><F70/><W57/><G68/><T117/><D132/><U62/><E28/><V80/><F116/><W131/><G33/><T48/><D117/><U88/><E43/><V35/><F35/><W94/><G38/><T69/><D69/><U31/><E31/><V60/><F128/><N who="3" m="49227" /><G57/><T52/><D7/><U109/><E109/><V78/><F133/><W75/><G75/><T71/><D71/><U65/><E55/><V124/><F124/><N who="0" m="47690" /><D122/><U42/><E42/><V10/><F51/><W121/><G94/><T93/><D130/><U25/><E105/><V54/><F23/><W40/><G47/><N who="0" m="27679" /><D82/><U41/><E41/><V12/><REACH who="2" step="1"/><F81/><REACH who="2" ten="389,169,159,273" step="2"/><W118/><G118/><T100/><D93/><AGARI ba="0,1" hai="4,10,12,54,58,60,77,78,80,84,89,93,97,102" machi="93" ten="30,7700,0" yaku="1,1,2,1,7,1,8,1,53,0" doraHai="108" doraHaiUra="14" who="2" fromWho="0" sc="389,-77,169,0,159,87,273,0" /><INIT seed="2,0,0,2,5,58" ten="312,169,246,273" oya="2" hai0="89,45,107,14,15,99,100,17,1,5,103,102,106" hai1="95,121,104,27,97,112,80,135,81,78,72,3,55" hai2="44,74,86,48,47,41,114,0,113,11,92,34,127" hai3="105,98,68,36,9,56,101,132,19,38,117,128,62"/><V25/><F74/><W46/><G117/><T91/><D1/><U40/><E3/><V83/><F127/><W75/><G75/><T29/><D29/><U16/><E112/><V73/><F73/><W52/><G128/><T79/><D79/><U37/><E135/><V13/><F0/><W42/><G132/><T119/><D119/><U2/><E2/><V94/><F113/><W69/><REACH who="3" step="1"/><G36/><REACH who="3" ten="312,169,246,263" step="2"/><T109/><D109/><U8/><E37/><V60/><F114/><W35/><G35/><T54/><D107/><U63/><E104/><V71/><F34/><W129/><G129/><T31/><D106/><U85/><E121/><V28/><F92/><W32/><G32/><T24/><D103/><U93/><E93/><V6/><F94/><W43/><G43/><T82/><D102/><U18/><E40/><V118/><F118/><W59/><G59/><T134/><D100/><N who="1" m="60479" /><E72/><V115/><F115/><W12/><AGARI ba="0,1" hai="9,12,19,38,42,46,52,56,62,68,69,98,101,105" machi="12" ten="30,8000,1" yaku="1,1,0,1,52,1,54,1,53,1" doraHai="58" doraHaiUra="4" who="3" fromWho="3" sc="312,-20,169,-20,246,-40,263,90" /><INIT seed="3,0,0,4,4,30" ten="292,149,206,353" oya="3" hai0="62,6,113,101,38,28,97,122,88,4,54,61,22" hai1="23,49,118,36,42,91,76,48,59,65,17,70,125" hai2="40,27,43,104,78,60,56,66,57,52,135,126,29" hai3="123,105,41,10,47,39,16,2,102,100,13,46,9"/><W79/><G123/><T31/><D122/><U121/><E121/><V103/><F78/><W134/><G105/><T0/><D38/><U81/><E125/><V116/><F116/><W83/><G134/><T82/><D113/><U11/><E118/><V53/><F126/><W127/><G47/><T132/><D0/><U63/><E11/><V87/><F135/><W25/><G25/><T50/><D31/><U120/><E120/><V12/><F87/><W15/><G127/><T19/><D28/><U114/><E114/><V130/><F130/><W1/><G1/><T68/><D68/><U119/><E119/><V98/><F12/><W58/><G58/><T99/><D101/><U112/><E112/><V96/><F96/><W124/><G2/><T18/><D50/><U109/><E109/><V71/><F56/><W89/><G89/><T93/><D54/><U44/><E91/><V86/><F86/><W74/><G124/><T20/><D88/><U92/><E92/><V77/><F53/><W55/><G55/><T73/><D132/><U107/><E107/><V8/><F8/><W14/><G14/><T45/><D73/><U117/><E117/><V85/><F85/><W35/><G74/><T106/><D106/><U34/><E34/><V5/><F77/><W51/><G79/><T128/><D128/><U72/><REACH who="1" step="1"/><E70/><REACH who="1" ten="292,139,206,353" step="2"/><V84/><F71/><W32/><G9/><T133/><D133/><U110/><E110/><V75/><F104/><W26/><G10/><T129/><D93/><U33/><E33/><V64/><F103/><W94/><G102/><T115/><D115/><RYUUKYOKU ba="0,1" sc="292,-10,139,30,206,-10,353,-10" hai1="17,23,36,42,44,48,49,59,63,65,72,76,81" owari="282,8.2,169,-33.1,196,-20.4,353,45.3" /></mjloggm>