<mjloggm ver="2.3"><GO type="225" lobby="0"/><UN n0="%E3%80%90%E3%83%88%E3%83%AA%E3%83%A5%E3%83%95%E3%80%91" n1="%6E%69%63%6F%6E%74%6F" n2="%50%69%73%38" n3="%28%EF%BF%A3%E2%96%BD%EF%BF%A3%29%CE%B4%E2%8C%92%E3%83%BB" dan="16,16,16,17" rate="2088.86,2153.19,2141.98,2267.48" sx="M,M,M,M"/><TAIKYOKU oya="0"/><INIT seed="0,0,0,5,3,121" ten="250,250,250,250" oya="0" hai0="103,69,7,130,76,46,78,125,118,72,47,107,9" hai1="101,126,119,43,41,120,93,11,135,23,18,73,28" hai2="100,92,32,70,39,131,51,96,114,1,102,53,3" hai3="26,71,62,4,48,83,54,91,10,25,42,127,89"/><T45/><D118/><U63/><E120/><V128/><F114/><W33/><G127/><T110/><D125/><U116/><E73/><V16/><F39/><W117/><G117/><T44/><D130/><N who="2" m="49706" /><F32/><W36/><G36/><T105/><D69/><U19/><E126/><V80/><F70/><W112/><G112/><T59/><D59/><U98/><E135/><V90/><F16/><N who="1" m="6185" /><E119/><V20/><F20/><W124/><G42/><T106/><D103/><N who="2" m="39466" /><F80/><W50/><G33/><T133/><D133/><U115/><E115/><V6/><F6/><W81/><G71/><T79/><D72/><U84/><E116/><V29/><F29/><W24/><G124/><T134/><D134/><U129/><E129/><V64/><F64/><W132/><G132/><T87/><D87/><U75/><E75/><V8/><F8/><W88/><G83/><T68/><D68/><U108/><E11/><V40/><F40/><W67/><G81/><T61/><D61/><U99/><E84/><V56/><AGARI ba="0,0" hai="1,3,51,53,56,90,92,96" m="39466,49706" machi="56" ten="30,1100,0" yaku="19,1" doraHai="121" who="2" fromWho="2" sc="250,-5,250,-3,250,11,250,-3" /><INIT seed="1,0,0,1,5,27" ten="245,247,261,247" oya="1" hai0="95,5,40,125,87,97,105,50,61,109,1,9,35" hai1="75,6,120,52,93,15,119,69,104,21,51,130,77" hai2="131,36,24,72,122,37,70,28,56,0,3,7,12" hai3="43,20,107,65,33,49,16,106,121,102,58,44,64"/><U23/><E119/><V129/><F122/><W74/><G33/><T89/><D109/><U85/><E120/><V4/><F70/><W14/><G74/><T19/><D125/><U132/><E69/><V81/><F56/><W42/><G121/><T118/><D61/><U94/><E104/><V82/><F12/><W53/><G43/><T96/><D118/><U100/><E130/><V62/><F62/><W22/><G22/><N who="1" m="8202" /><E132/><V18/><F18/><W98/><REACH who="3" step="1"/><G107/><REACH who="3" ten="245,247,261,237" step="2"/><T108/><D35/><U10/><E75/><V111/><F72/><W25/><G25/><T114/><D105/><U60/><E100/><V54/><F24/><W88/><G88/><T38/><D40/><U34/><E34/><V115/><F111/><W78/><G78/><T91/><D108/><U110/><E110/><V71/><F129/><W112/><G112/><T39/><D114/><U116/><E116/><V73/><F73/><W101/><G101/><T47/><D19/><U117/><E117/><V92/><F131/><W57/><G57/><T86/><D38/><AGARI ba="0,1" hai="14,16,20,38,42,44,49,53,58,64,65,98,102,106" machi="38" ten="30,3900,0" yaku="1,1,7,1,54,1,53,0" doraHai="27" doraHaiUra="2" who="3" fromWho="0" sc="245,-39,247,0,261,0,237,49" /><INIT seed="2,0,0,2,4,122" ten="206,247,261,286" oya="2" hai0="51,74,100,32,121,28,52,104,49,94,105,116,58" hai1="4,127,60,73,0,61,103,125,90,8,27,72,80" hai2="46,65,95,118,37,131,76,75,7,120,117,43,96" hai3="14,78,47,91,81,107,24,44,22,82,17,71,40"/><V70/><F120/><W83/><G71/><T13/><D121/><U10/><E103/><V54/><F131/><W79/><G107/><T9/><D74/><N who="1" m="28779" /><E27/><V48/><F7/><W133/><G133/><T86/><D116/><U101/><E101/><V84/><F75/><W85/><G24/><T42/><D28/><U92/><E80/><N who="3" m="30826" /><G40/><T124/><D32/><U30/><E30/><V19/><F19/><W45/><AGARI ba="0,0" hai="14,17,22,44,45,47,78,79,83,85,91" m="30826" machi="45" ten="30,1100,0" yaku="8,1" doraHai="122" who="3" fromWho="3" sc="206,-3,247,-3,261,-5,286,11" /><INIT seed="3,0,0,2,1,82" ten="203,244,256,297" oya="3" hai0="33,27,133,15,30,118,44,95,65,14,53,75,115" hai1="90,49,110,26,104,9,51,109,63,40,22,29,122" hai2="61,126,130,24,54,39,60,70,113,66,85,102,4" hai3="58,2,99,1,37,74,12,67,31,96,69,23,25"/><W50/><G74/><T89/><D118/><U127/><E122/><V117/><F113/><W68/><G37/><T116/><D116/><U48/><E104/><V43/><F117/><W91/><G2/><T71/><D115/><U134/><E134/><V88/><F126/><W97/><G1/><T41/><D133/><U36/><E127/><V19/><F4/><W77/><G77/><T46/><D75/><U123/><E123/><V3/><F3/><W100/><G100/><T124/><D124/><U112/><E112/><V92/><F130/><W42/><G69/><T83/><D83/><U38/><E63/><V28/><F19/><W135/><G68/><T132/><D132/><U21/><E9/><V73/><F73/><W105/><G105/><T93/><D93/><U80/><E22/><V131/><F131/><W57/><G135/><T62/><D53/><U103/><E103/><V81/><F60/><N who="3" m="38287" /><G12/><T98/><REACH who="0" step="1"/><D46/><REACH who="0" ten="193,244,256,297" step="2"/><U13/><E40/><V120/><F54/><N who="3" m="32087" /><G42/><T11/><D11/><U111/><REACH who="1" step="1"/><E13/><REACH who="1" ten="193,234,256,297" step="2"/><V72/><F43/><W94/><AGARI ba="0,2" hai="23,25,31,91,94,96,97,99" m="32087,38287" machi="94" ten="30,1500,0" yaku="8,1" doraHai="82" who="3" fromWho="3" sc="193,-5,234,-5,256,-5,297,35" owari="188,-31.2,229,-17.1,251,5.1,332,43.2" /></mjloggm>