<mjloggm ver="2.3"><GO type="225" lobby="0"/><UN n0="%E5%B8%86%E7%AB%8B%E5%A4%8F%E8%A1%A3" n1="%E5%8D%A0%E3%81%84%E5%B8%AB%E8%A3%8F%E3%81%AA%E3%81%84%E3%81%97" n2="%E3%83%81%E3%83%83%E3%82%BF%E3%82%BD%E3%83%BC" n3="%E5%91%A8%E6%9D%B1" dan="17,17,16,17" rate="2175.48,2165.92,2168.61,2248.27" sx="M,M,F,M"/><TAIKYOKU oya="0"/><INIT seed="0,0,0,5,0,106" ten="250,250,250,250" oya="0" hai0="6,133,80,59,23,44,83,50,79,12,37,3,117" hai1="30,61,103,88,56,120,101,95,48,54,10,49,64" hai2="19,73,75,99,123,91,17,53,119,16,126,51,11" hai3="72,124,46,132,39,28,108,4,127,9,68,26,45"/><T87/><D133/><U67/><E120/><V85/><F123/><W58/><G68/><T114/><D114/><U112/><E112/><V130/><F126/><N who="3" m="48171" /><G132/><T135/><D135/><U60/><E30/><V0/><F130/><W111/><G58/><T113/><D113/><U100/><E10/><V77/><F99/><W13/><G72/><T105/><D117/><U24/><E24/><V27/><F77/><W96/><G96/><T65/><D105/><U131/><E131/><V66/><F66/><W97/><G97/><T78/><D37/><U92/><E92/><V134/><F134/><W7/><G39/><T40/><D3/><U15/><E15/><V35/><F119/><W125/><N who="3" m="48179" /><W20/><DORA hai="109" /><G7/><T116/><D116/><U1/><E1/><V76/><F76/><W110/><AGARI ba="0,0" hai="4,9,13,20,26,28,45,46,108,110,111" m="48179" machi="110" ten="50,3200,0" yaku="14,1,18,1" doraHai="106,109" who="3" fromWho="3" sc="250,-16,250,-8,250,-8,250,32" /><INIT seed="1,0,0,4,5,113" ten="234,242,242,282" oya="1" hai0="88,65,118,11,71,12,93,62,70,123,95,45,26" hai1="40,120,116,34,44,94,48,21,81,31,39,112,24" hai2="126,19,4,84,49,111,135,108,23,20,117,114,91" hai3="2,14,41,109,33,29,119,98,15,133,3,99,79"/><U106/><E112/><V102/><F117/><W50/><G79/><T47/><D123/><U131/><E106/><V61/><F126/><W69/><G69/><T51/><D118/><U89/><E120/><V66/><F135/><W125/><G133/><T35/><D71/><U59/><E131/><V27/><F4/><W9/><G125/><T8/><D95/><U13/><E116/><V60/><F102/><W1/><G119/><T5/><D11/><U80/><E39/><V38/><F38/><W0/><G50/><T10/><D8/><U28/><E28/><V7/><F7/><N who="3" m="1255" /><G41/><T121/><D121/><U75/><E75/><V63/><F114/><W115/><G99/><T103/><D103/><U43/><E43/><V56/><F20/><W57/><G98/><T67/><D67/><U92/><E34/><V104/><F104/><W129/><G57/><T100/><D100/><U128/><E128/><V30/><F30/><W127/><G127/><T83/><D83/><N who="1" m="31819" /><E13/><N who="3" m="4618" /><G115/><T53/><D35/><U90/><E59/><V87/><F66/><W96/><G96/><T18/><D51/><U36/><E36/><V32/><F49/><W42/><G42/><T85/><REACH who="0" step="1"/><D53/><REACH who="0" ten="224,242,242,282" step="2"/><U64/><E64/><V16/><F56/><W74/><G129/><T110/><D110/><U6/><E6/><V130/><F108/><W52/><G52/><T77/><D77/><U17/><E94/><V25/><F111/><W46/><G109/><T54/><D54/><U134/><E134/><V78/><F130/><W82/><G74/><T37/><D37/><U124/><E92/><N who="2" m="54375" /><F78/><W76/><G76/><RYUUKYOKU ba="0,1" sc="224,30,242,-10,242,-10,282,-10" hai0="5,10,12,18,26,45,47,62,65,70,85,88,93" /><INIT seed="2,1,1,0,1,40" ten="254,232,232,272" oya="2" hai0="24,61,101,118,90,78,105,81,18,74,17,51,132" hai1="57,31,128,102,34,77,116,86,23,80,84,2,112" hai2="9,121,103,91,131,21,124,83,71,126,127,8,55" hai3="39,1,58,135,5,44,120,106,134,29,94,117,76"/><V54/><F121/><W63/><G120/><T67/><D132/><N who="3" m="50729" /><G106/><T22/><D118/><U49/><E112/><V25/><F131/><W129/><G117/><T6/><D6/><U82/><E116/><V26/><F71/><W68/><G68/><T52/><D105/><U130/><E34/><V133/><F103/><W65/><G129/><N who="1" m="49770" /><E2/><V97/><F133/><W3/><G29/><T32/><D32/><U113/><E113/><V16/><F26/><W93/><G76/><T19/><D90/><N who="1" m="51463" /><E102/><V0/><F0/><N who="3" m="75" /><G5/><T98/><D101/><U42/><E57/><V45/><F83/><W12/><G12/><T43/><D98/><U73/><E73/><V95/><F55/><W15/><G15/><T119/><D43/><AGARI ba="1,1" hai="39,43,44,58,63,65,93,94" m="75,50729" machi="43" ten="30,2000,0" yaku="20,1,52,1" doraHai="40" who="3" fromWho="0" sc="254,-23,232,0,232,0,272,33" /><INIT seed="3,0,0,5,5,133" ten="231,232,232,305" oya="3" hai0="132,97,59,53,65,130,8,114,46,50,109,112,14" hai1="22,126,67,43,94,2,56,104,71,62,89,105,127" hai2="77,100,12,29,40,108,83,68,42,79,7,91,121" hai3="28,125,84,123,81,45,87,47,92,131,118,101,27"/><W41/><G123/><T52/><D109/><U122/><E122/><V17/><F108/><W106/><G125/><N who="1" m="47626" /><E2/><V0/><F68/><W113/><G118/><T44/><D132/><U15/><E43/><N who="2" m="16427" /><F0/><W73/><G106/><N who="1" m="41066" /><E15/><V135/><F7/><W9/><G113/><N who="0" m="43627" /><D130/><U76/><E22/><N who="2" m="11559" /><F121/><W134/><G134/><T64/><D97/><N who="1" m="57551" /><E76/><N who="2" m="29259" /><F135/><W95/><G131/><T70/><D70/><AGARI ba="0,0" hai="56,62,67,70,71" m="57551,41066,47626" machi="70" ten="30,7700,0" yaku="18,1,52,3" doraHai="133" who="1" fromWho="0" sc="231,-77,232,77,232,0,305,0" owari="154,-34.6,309,40.9,232,-16.8,305,10.5" /></mjloggm>