<mjloggm ver="2.3"><GO type="225" lobby="0"/><UN n0="%33%74%72%65%65" n1="%E6%A1%9C%E8%8A%B1%E9%96%83%E3%80%85" n2="%E6%97%A5%E6%9B%9C%E6%97%A5%E3%82%88%E3%82%8A%E3%81%AE%E4%BD%BF%E8%80%85" n3="%E3%81%A4%E3%81%A3%E3%81%B1%E3%82%8A%E3%83%9D%E3%83%BC%E3%83%AB" dan="16,17,17,17" rate="2047.86,2174.89,2205.75,2253.34" sx="F,M,M,M"/><TAIKYOKU oya="0"/><INIT seed="0,0,0,1,0,67" ten="250,250,250,250" oya="0" hai0="135,2,125,113,56,131,42,87,126,32,65,4,115" hai1="84,38,37,79,43,88,85,78,30,80,111,132,58" hai2="103,22,57,133,129,93,119,25,1,61,107,16,128" hai3="8,122,64,69,71,17,60,62,116,121,130,104,46"/><T70/><D32/><U14/><E111/><V15/><F1/><W50/><G104/><T21/><D2/><U92/><E132/><V10/><F133/><W27/><G116/><T117/><D135/><U33/><E79/><V127/><F107/><W72/><G72/><T28/><D117/><U112/><E112/><V3/><F3/><W94/><G130/><N who="2" m="50281" /><F119/><W96/><G8/><T114/><D131/><U100/><E100/><V31/><F127/><N who="0" m="48650" /><D4/><U52/><E14/><V41/><F41/><W35/><G17/><T47/><D56/><U68/><E68/><N who="3" m="26186" /><G64/><T29/><D21/><U83/><E92/><V105/><F105/><W120/><G27/><T34/><D34/><U40/><E38/><V13/><F13/><W63/><G35/><T134/><D134/><U123/><E123/><V53/><F93/><W74/><G74/><T73/><D73/><U39/><E39/><V77/><F77/><W55/><G62/><N who="0" m="40247" /><D87/><U36/><E36/><AGARI ba="0,0" hai="28,29,36,42,47,113,114,115" m="40247,48650" machi="36" ten="40,3900,0" yaku="18,1,52,1" doraHai="67" who="0" fromWho="1" sc="250,39,250,-39,250,0,250,0" /><INIT seed="0,1,0,3,3,88" ten="289,211,250,250" oya="0" hai0="20,61,117,122,10,130,119,118,133,47,98,53,48" hai1="7,27,42,44,32,38,107,84,58,128,15,90,5" hai2="57,22,97,135,111,113,64,1,103,16,18,56,8" hai3="108,94,43,29,52,102,3,14,54,96,85,66,26"/><T105/><D122/><U93/><E128/><V35/><F35/><W17/><G3/><T109/><D130/><U116/><E116/><V70/><F113/><W24/><G108/><T100/><D109/><U68/><E68/><V89/><F111/><W9/><G43/><T51/><D133/><U46/><E107/><V67/><F89/><W50/><G66/><N who="2" m="25129" /><F1/><W28/><G85/><T6/><D20/><U126/><E126/><V101/><F70/><W65/><G65/><T34/><D34/><U129/><E129/><V33/><F33/><W75/><G75/><T127/><D127/><U25/><E58/><N who="2" m="22635" /><F135/><W104/><G104/><T79/><D61/><U37/><E15/><N who="2" m="7271" /><F97/><W21/><G50/><T45/><D79/><U63/><E63/><V134/><F134/><W30/><REACH who="3" step="1"/><G26/><AGARI ba="1,0" hai="18,22,26,101,103" m="7271,22635,25129" machi="26" ten="30,2000,0" yaku="8,1,54,1" doraHai="88" who="2" fromWho="3" sc="289,0,211,0,250,23,250,-23" /><INIT seed="1,0,0,4,0,126" ten="289,211,273,227" oya="1" hai0="29,39,116,53,130,49,10,73,61,85,22,135,121" hai1="105,79,14,78,2,58,34,4,111,133,64,24,96" hai2="82,109,74,3,110,25,88,122,23,60,35,92,132" hai3="84,47,97,106,113,45,108,18,103,94,62,1,40"/><U81/><E2/><V42/><F3/><W119/><G113/><T118/><D73/><U57/><E133/><V27/><F122/><W115/><G115/><T76/><D39/><U104/><E111/><N who="2" m="42507" /><F132/><W26/><G1/><T91/><D135/><U123/><E123/><V77/><F42/><W59/><G108/><T54/><D121/><U6/><E64/><V68/><F35/><W134/><G134/><T67/><D76/><U129/><E14/><V101/><F101/><W13/><G26/><T30/><D10/><U38/><E38/><V56/><F68/><W69/><G69/><T31/><D22/><U43/><E43/><V0/><F23/><W124/><G124/><T99/><D99/><U7/><E96/><N who="2" m="57351" /><F0/><W28/><G40/><T128/><D116/><U117/><E117/><V11/><F11/><N who="3" m="6463" /><G119/><T19/><D118/><U70/><E70/><V98/><F98/><W16/><G106/><T125/><D125/><U107/><E79/><V17/><F17/><W71/><G71/><N who="0" m="42479" /><D19/><U127/><E127/><V93/><F93/><N who="3" m="58799" /><G16/><T90/><D85/><U9/><E9/><V5/><F5/><W100/><G100/><T52/><D49/><U37/><E37/><V112/><F112/><W65/><G28/><T41/><D41/><U46/><E34/><V21/><F21/><W12/><G12/><T72/><D72/><U87/><E78/><V95/><F95/><W66/><G66/><AGARI ba="0,0" hai="25,27,56,60,66,74,77,82" m="57351,42507" machi="66" ten="30,2000,0" yaku="14,1,54,1" doraHai="126" who="2" fromWho="3" sc="289,0,211,0,273,20,227,-20" /><INIT seed="2,0,0,5,2,95" ten="289,211,293,207" oya="2" hai0="0,9,92,22,25,63,19,12,82,50,97,41,38" hai1="46,113,83,85,37,43,58,131,80,51,135,130,124" hai2="106,35,84,57,102,62,129,122,28,20,123,23,40" hai3="77,107,18,66,118,36,93,54,49,33,31,76,60"/><V1/><F1/><W69/><G118/><T27/><D38/><U11/><E113/><V39/><F39/><W61/><G36/><T3/><D63/><U75/><E124/><V120/><F40/><W13/><G107/><T117/><D117/><U17/><E135/><V52/><F129/><N who="1" m="49161" /><E75/><V121/><F121/><W103/><G61/><T99/><D3/><U24/><E85/><V26/><REACH who="2" step="1"/><F84/><REACH who="2" ten="289,211,283,207" step="2"/><W101/><G33/><T34/><D0/><U14/><E24/><V5/><F5/><W71/><G71/><T73/><D41/><U59/><E37/><V108/><F108/><W133/><G133/><T128/><D25/><U114/><E114/><V116/><F116/><W21/><G31/><T89/><D34/><U86/><E80/><V78/><F78/><AGARI ba="0,1" hai="11,14,17,43,46,51,58,59,78,83,86" m="49161" machi="78" ten="30,1000,0" yaku="19,1" doraHai="95" who="1" fromWho="2" sc="289,0,211,20,283,-10,207,0" /><INIT seed="3,0,0,0,0,126" ten="289,231,273,207" oya="3" hai0="51,94,81,133,97,3,58,60,74,36,15,115,113" hai1="117,53,35,120,64,48,83,118,34,31,86,79,57" hai2="95,7,108,13,33,11,2,106,112,30,49,100,32" hai3="93,84,119,43,27,63,134,109,50,130,88,80,46"/><W103/><G119/><N who="1" m="45578" /><E120/><V17/><F106/><W42/><G134/><T110/><D133/><U38/><E38/><V14/><F49/><W125/><G125/><T29/><D3/><U22/><E64/><V72/><F72/><W37/><G109/><T127/><D127/><U45/><E22/><N who="2" m="11567" /><F95/><W18/><G63/><T102/><D36/><U9/><E9/><N who="2" m="2295" /><F108/><W40/><G130/><T44/><D110/><U28/><E45/><V12/><F100/><W68/><G68/><T69/><D69/><U26/><E26/><N who="2" m="18519" /><F112/><W87/><G37/><T76/><D115/><U75/><E75/><V129/><F129/><W124/><G124/><T101/><D113/><U128/><E128/><V0/><F33/><AGARI ba="0,0" hai="28,31,33,34,35,48,53,57,79,83,86" m="45578" machi="33" ten="30,1000,0" yaku="12,1" doraHai="126" who="1" fromWho="2" sc="289,0,231,10,273,-10,207,0" /><INIT seed="4,0,0,5,2,56" ten="289,241,263,207" oya="0" hai0="55,31,16,61,13,81,127,75,78,21,42,30,71" hai1="22,1,82,62,117,107,43,133,135,29,34,80,92" hai2="7,58,41,89,40,25,3,10,46,73,11,122,74" hai3="51,9,57,0,23,69,76,85,14,96,38,121,67"/><T72/><D127/><U132/><E107/><V84/><F122/><W86/><G38/><T88/><D72/><U79/><E117/><V37/><F41/><W39/><G39/><T35/><D42/><U100/><E34/><V68/><F68/><W5/><G121/><T94/><D35/><U33/><E33/><V129/><F129/><W115/><G115/><T104/><D104/><U124/><E124/><V98/><F98/><W48/><G69/><T123/><D123/><U128/><E128/><V101/><F101/><W26/><G0/><T63/><D63/><U131/><E1/><V112/><F112/><W113/><G113/><T15/><D15/><U118/><E118/><V130/><F130/><W28/><G96/><T90/><D90/><U77/><E131/><V120/><F120/><W105/><G105/><T65/><D55/><U36/><E36/><V17/><F58/><W45/><G76/><N who="1" m="29258" /><E43/><V8/><F8/><W111/><G111/><T50/><D50/><N who="3" m="18985" /><G45/><T83/><D83/><U110/><E110/><V66/><F74/><W109/><G109/><T106/><D106/><U47/><E47/><V20/><F73/><W119/><G119/><T49/><D49/><U27/><E62/><AGARI ba="0,0" hai="5,9,14,23,26,28,57,62,67,85,86" m="18985" machi="62" ten="30,2000,0" yaku="8,1,52,1" doraHai="56" who="3" fromWho="1" sc="289,0,241,-20,263,0,207,20" /><INIT seed="5,0,0,3,4,93" ten="289,221,263,227" oya="1" hai0="65,27,58,83,129,99,45,74,118,43,85,53,121" hai1="16,8,12,72,112,36,25,10,1,86,87,57,122" hai2="107,80,40,13,50,113,69,20,3,33,54,26,128" hai3="68,2,132,44,78,102,135,31,119,29,109,115,110"/><U117/><E122/><V103/><F3/><W97/><G68/><T47/><D118/><U84/><E117/><V18/><F69/><W49/><G2/><T46/><D121/><U21/><E112/><V100/><F113/><W24/><G78/><N who="0" m="46327" /><D74/><U61/><E36/><V35/><F128/><W19/><G19/><T95/><D129/><U91/><E72/><V64/><F64/><W52/><G115/><T73/><D73/><U82/><E1/><V90/><F40/><W17/><G17/><T6/><D65/><U0/><E0/><V30/><F35/><N who="3" m="20903" /><G31/><T124/><D124/><U81/><E81/><V106/><F106/><N who="3" m="63823" /><G119/><T92/><D6/><N who="1" m="3095" /><E10/><V32/><F32/><W120/><G120/><T70/><D70/><U88/><E82/><V116/><F116/><W133/><AGARI ba="0,0" hai="44,49,52,109,110,132,133,135" m="63823,20903" machi="133" ten="30,4000,0" yaku="20,1,52,1,54,1" doraHai="93" who="3" fromWho="3" sc="289,-10,221,-20,263,-10,227,40" /><INIT seed="6,0,0,4,3,71" ten="279,201,253,267" oya="2" hai0="61,46,26,128,79,65,118,41,0,7,20,24,56" hai1="120,72,70,45,1,94,125,21,51,87,23,9,60" hai2="110,43,117,91,52,132,103,10,84,63,53,112,121" hai3="73,27,57,15,108,106,13,135,109,99,131,102,119"/><V28/><F117/><W133/><G119/><T129/><D118/><U130/><E72/><V32/><F121/><W40/><G131/><N who="0" m="50251" /><D79/><U55/><E130/><V96/><F112/><W95/><G73/><T66/><D24/><U42/><E120/><V37/><F32/><W122/><G122/><T111/><D111/><U105/><E105/><V80/><F28/><W116/><G116/><T83/><D83/><U107/><E107/><V127/><F110/><W31/><G40/><T100/><D100/><U69/><E125/><V14/><F127/><W36/><G36/><N who="0" m="21799" /><D7/><U74/><E74/><V89/><F89/><W88/><G57/><T25/><D0/><U50/><E70/><V39/><F132/><N who="3" m="50763" /><G109/><T75/><D75/><U19/><E1/><V82/><F82/><W58/><G58/><T22/><D26/><U81/><E94/><V38/><F43/><W67/><G67/><N who="0" m="39335" /><D22/><U62/><E69/><V12/><F63/><N who="1" m="24105" /><E9/><V49/><F12/><W8/><G8/><T92/><D92/><U77/><E19/><AGARI ba="0,0" hai="19,20,25,65,66" m="39335,21799,50251" machi="19" ten="30,2000,0" yaku="19,1,52,1" doraHai="71" who="0" fromWho="1" sc="279,20,201,-20,253,0,267,0" /><INIT seed="7,0,0,3,2,61" ten="299,181,253,267" oya="3" hai0="74,47,123,87,101,34,114,103,124,80,73,77,99" hai1="105,50,88,122,44,125,69,127,131,17,3,66,51" hai2="76,32,135,56,23,53,86,78,84,94,70,128,65" hai3="38,81,6,21,14,49,52,83,75,63,13,43,54"/><W116/><G116/><T5/><D123/><U110/><E105/><V106/><F106/><W107/><G107/><T108/><D108/><U12/><E3/><V4/><F32/><W118/><G118/><T126/><D114/><U46/><E110/><V134/><F4/><W115/><G38/><T39/><D34/><U113/><E122/><V45/><F45/><N who="3" m="25791" /><G75/><N who="0" m="28683" /><D5/><U92/><E113/><V67/><F23/><W29/><G115/><T62/><D99/><U121/><E121/><V48/><F70/><W98/><G98/><T93/><D93/><U16/><E131/><V112/><F112/><W7/><G63/><T2/><D2/><U37/><E37/><V89/><F128/><W24/><G7/><T41/><D62/><N who="1" m="40151" /><E46/><V68/><F68/><W97/><G97/><T100/><D47/><U102/><E102/><V71/><F71/><W27/><G27/><T59/><D59/><U15/><E15/><N who="3" m="5642" /><G6/><T0/><D0/><U130/><E130/><V60/><F60/><W72/><G72/><N who="0" m="43047" /><D39/><U91/><E17/><V55/><F55/><AGARI ba="0,0" hai="21,24,29,52,54,55,81,83" m="5642,25791" machi="55" ten="30,2900,0" yaku="8,1,54,1" doraHai="61" who="3" fromWho="2" sc="299,0,181,0,253,-29,267,29" /><INIT seed="7,1,0,2,1,68" ten="299,181,224,296" oya="3" hai0="41,17,71,19,57,36,106,58,18,51,40,54,48" hai1="128,118,63,9,97,38,119,101,112,67,34,66,12" hai2="47,15,115,90,132,109,8,103,127,84,26,82,96" hai3="72,114,7,4,21,10,79,122,107,131,16,53,86"/><W93/><G122/><T135/><D71/><U100/><E112/><V80/><F109/><W46/><G107/><T120/><D120/><U65/><E34/><V110/><F110/><W89/><G114/><T104/><D135/><U39/><E63/><V123/><F115/><W74/><G131/><T29/><D29/><U56/><E56/><V130/><F123/><W62/><G79/><T81/><D81/><U45/><E128/><V23/><F130/><W92/><G92/><T73/><D73/><U37/><E45/><V5/><F127/><W87/><G87/><T20/><D20/><U77/><E77/><V116/><F116/><N who="1" m="44585" /><E97/><V24/><F132/><W64/><G53/><T44/><D40/><U3/><E3/><V30/><F47/><W75/><G10/><T133/><D133/><U113/><E113/><V43/><F43/><W42/><G42/><T31/><D31/><U13/><E13/><V25/><REACH who="2" step="1"/><F80/><REACH who="2" ten="299,181,214,296" step="2"/><W88/><G46/><T49/><D44/><U11/><E11/><V28/><F28/><W102/><G64/><N who="1" m="16386" /><U85/><DORA hai="55" /><E85/><V50/><F50/><W126/><G86/><T121/><D48/><U35/><E35/><V52/><F52/><W124/><G124/><T69/><D54/><U117/><N who="1" m="44593" /><U32/><DORA hai="33" /><E32/><V76/><F76/><W91/><G126/><T1/><D51/><U99/><E99/><V59/><F59/><W61/><G61/><T0/><D58/><U14/><E14/><V6/><F6/><AGARI ba="1,1" hai="6,9,12,37,38,39,100,101" m="16386,44593" machi="6" ten="60,8000,1" yaku="12,1,52,3" doraHai="68,55,33" who="1" fromWho="2" sc="299,0,181,93,214,-83,296,0" owari="299,39.9,274,-12.6,131,-36.9,296,9.6" /></mjloggm>