<mjloggm ver="2.3"><GO type="225" lobby="0"/><UN n0="%72%65%6E%6B%75%6E" n1="%E3%81%BF%E3%81%BF%E3%81%9A" n2="%E6%A1%9C%E8%8A%B1%E9%96%83%E3%80%85" n3="%E3%83%96%E3%83%83%E3%83%91%E3%82%AA%E3%83%96%E3%83%81%E3%82%AD%E3%83%B3" dan="17,17,17,16" rate="2164.25,2206.84,2281.56,2186.06" sx="M,M,M,M"/><TAIKYOKU oya="0"/><INIT seed="0,0,0,0,1,29" ten="250,250,250,250" oya="0" hai0="80,79,41,90,95,134,31,126,125,0,57,44,3" hai1="119,19,133,99,122,30,23,132,98,116,71,88,63" hai2="83,6,38,73,14,56,52,81,49,33,121,2,4" hai3="107,36,21,110,124,109,100,85,40,61,25,135,45"/><T103/><D103/><U84/><E30/><V35/><F121/><W55/><G124/><N who="0" m="47723" /><D31/><U51/><E51/><V74/><F2/><W91/><G135/><N who="1" m="51786" /><E122/><V66/><F38/><W106/><G61/><T129/><D129/><U16/><E71/><V24/><F24/><W17/><G55/><T115/><D115/><U7/><E7/><V87/><F66/><W76/><G76/><T46/><D57/><U15/><E19/><V75/><F81/><W127/><G127/><T82/><D134/><U50/><E50/><V11/><REACH who="2" step="1"/><F4/><REACH who="2" ten="250,250,240,250" step="2"/><W117/><G25/><T89/><D80/><N who="1" m="49159" /><E63/><V32/><F32/><W39/><G39/><T8/><D3/><U69/><E69/><V20/><F20/><W102/><G21/><T131/><D8/><U78/><E78/><AGARI ba="0,1" hai="6,11,14,33,35,49,52,56,73,74,75,78,83,87" machi="78" ten="40,8000,1" yaku="1,1,52,2,54,1,53,1" doraHai="29" doraHaiUra="72" who="2" fromWho="1" sc="250,0,250,-80,240,90,250,0" /><INIT seed="1,0,0,3,4,28" ten="250,170,330,250" oya="1" hai0="100,5,124,133,29,79,96,40,15,60,127,41,94" hai1="84,3,85,82,63,18,7,120,91,106,125,0,92" hai2="115,102,4,16,105,55,86,89,25,37,20,47,9" hai3="24,135,50,76,69,32,118,67,42,2,117,64,73"/><U104/><E120/><V116/><F116/><N who="3" m="44651" /><G135/><T130/><D130/><U128/><E128/><V26/><F115/><W83/><G2/><T87/><D133/><U107/><E125/><N who="0" m="48201" /><D29/><U48/><E7/><V44/><F26/><W45/><G69/><T46/><D60/><U119/><E119/><V129/><F129/><W77/><G77/><T99/><D99/><U34/><E34/><V12/><F37/><W35/><G24/><T51/><D87/><U27/><E48/><V71/><F71/><W72/><G72/><T8/><D79/><U19/><E63/><V81/><F105/><W36/><G36/><T59/><D59/><U22/><REACH who="1" step="1"/><E18/><REACH who="1" ten="250,160,330,250" step="2"/><V38/><F38/><W80/><G80/><T53/><AGARI ba="0,1" hai="5,8,15,40,41,46,51,53,94,96,100" m="48201" machi="53" ten="30,1100,0" yaku="18,1" doraHai="28" who="0" fromWho="0" sc="250,21,160,-5,330,-3,250,-3" /><INIT seed="2,0,0,0,2,81" ten="271,155,327,247" oya="2" hai0="129,52,17,38,51,127,42,132,97,69,21,32,74" hai1="26,61,9,34,95,72,73,53,90,94,107,79,88" hai2="103,15,71,105,13,134,126,84,62,29,109,8,119" hai3="41,39,110,35,93,135,65,18,14,92,48,83,2"/><V99/><F119/><W87/><G35/><T45/><D32/><U124/><E107/><V30/><F126/><W33/><G33/><T66/><D127/><U106/><E106/><V64/><F134/><W67/><G2/><T85/><D132/><U96/><E124/><V118/><F118/><W104/><G110/><T77/><D129/><U47/><E9/><V113/><F113/><W101/><G104/><T40/><D74/><U121/><E121/><V70/><F70/><W50/><G39/><T49/><D97/><U57/><E79/><V27/><F109/><W3/><G3/><T108/><D108/><U22/><E34/><N who="2" m="20799" /><F30/><W128/><G128/><T11/><D11/><U100/><E47/><V54/><F54/><W63/><G135/><T4/><D4/><U36/><E36/><V123/><F123/><W91/><G101/><T37/><D66/><N who="3" m="25097" /><G63/><T60/><D69/><U7/><E7/><N who="2" m="3231" /><F15/><W120/><G120/><T58/><D60/><U23/><E23/><V59/><F59/><W125/><G125/><T75/><D75/><U56/><E57/><V25/><F25/><W44/><G48/><T10/><D10/><AGARI ba="0,0" hai="10,14,18,41,44,50,83,87,91,92,93" m="25097" machi="10" ten="30,2000,0" yaku="8,1,52,1" doraHai="81" who="3" fromWho="0" sc="271,-20,155,0,327,0,247,20" /><INIT seed="3,0,0,0,5,2" ten="251,155,327,267" oya="3" hai0="83,103,66,91,15,84,93,118,116,106,131,79,56" hai1="58,135,96,77,48,13,11,101,104,47,102,95,9" hai2="113,51,16,94,27,18,39,10,37,126,121,60,124" hai3="55,99,110,86,40,109,5,25,81,130,134,19,46"/><W59/><G130/><T105/><D15/><U78/><E135/><V71/><F113/><W74/><G134/><T38/><D38/><U85/><E58/><V63/><F94/><W88/><G74/><T90/><D66/><U53/><E9/><V28/><F51/><W41/><G5/><T32/><D32/><U80/><E102/><V26/><F10/><W35/><G99/><N who="0" m="59887" /><D56/><U68/><E68/><V107/><F28/><N who="3" m="19855" /><G19/><T1/><D1/><U92/><E92/><V64/><F107/><N who="0" m="40970" /><D131/><U133/><E104/><V21/><F121/><W17/><G17/><T132/><D132/><U7/><REACH who="1" step="1"/><E133/><REACH who="1" ten="251,145,327,267" step="2"/><V123/><F71/><W87/><G46/><T4/><D4/><U122/><E122/><V120/><F120/><W54/><G109/><T125/><D125/><U20/><E20/><V65/><F123/><W6/><G110/><T61/><D61/><U29/><E29/><V114/><F21/><W111/><G59/><T36/><D36/><U50/><E50/><V117/><F39/><W98/><G111/><T45/><D45/><U128/><E128/><V23/><F37/><W100/><G100/><T0/><D0/><U34/><E34/><V8/><F23/><W49/><G49/><T72/><D116/><U3/><E3/><V112/><F8/><W33/><G33/><T22/><D118/><AGARI ba="0,1" hai="16,18,26,27,60,63,64,65,112,114,117,118,124,126" machi="118" ten="25,3200,0" yaku="22,2,54,1" doraHai="2" who="2" fromWho="0" sc="251,-32,145,0,327,42,267,0" owari="219,-18.1,145,-35.5,369,46.9,267,6.7" /></mjloggm>