<mjloggm ver="2.3"><GO type="225" lobby="0"/><UN n0="%E3%81%8B%E3%82%8F%E3%81%A1%E3%82%83%E3%82%93%35%38" n1="%6C%65%74%69%74%62%65" n2="%E3%83%96%E3%83%83%E3%83%91%E3%82%AA%E3%83%96%E3%83%81%E3%82%AD%E3%83%B3" n3="%E6%81%A5%E6%99%92%E3%81%97" dan="16,16,16,17" rate="2165.10,2124.73,2097.02,2121.60" sx="M,M,M,M"/><TAIKYOKU oya="0"/><INIT seed="0,0,0,0,2,40" ten="250,250,250,250" oya="0" hai0="51,76,99,34,114,59,73,65,115,10,133,135,100" hai1="113,134,33,44,2,105,124,28,129,25,96,67,22" hai2="107,16,62,21,17,42,52,116,79,37,86,75,83" hai3="90,23,13,123,56,128,92,126,45,26,20,111,85"/><T93/><D34/><U77/><E129/><V27/><F107/><W97/><G128/><T108/><D10/><U29/><E113/><N who="0" m="43017" /><D65/><U4/><E134/><N who="0" m="51209" /><D108/><U9/><E124/><V84/><F116/><W102/><G126/><T91/><D59/><U125/><E125/><V95/><F17/><W106/><G123/><T38/><D38/><U64/><E44/><V39/><F95/><W53/><G111/><T47/><D76/><U117/><E64/><V49/><F62/><W71/><G71/><T58/><D58/><U43/><E67/><V88/><F42/><W69/><G69/><T31/><D31/><U61/><E28/><V60/><F60/><W66/><G66/><T120/><D73/><U24/><E33/><V36/><REACH who="2" step="1"/><F88/><REACH who="2" ten="250,250,240,250" step="2"/><W30/><G90/><T122/><D91/><U8/><E117/><V131/><F131/><W3/><G30/><T130/><D130/><U46/><E29/><V119/><F119/><W6/><G6/><T118/><D118/><U104/><E4/><V18/><F18/><W87/><G106/><T80/><D80/><U110/><E105/><V50/><F50/><W14/><G92/><T0/><D0/><U72/><E104/><V81/><F81/><W55/><G3/><T78/><D78/><U5/><E5/><V103/><F103/><W48/><G102/><T82/><D82/><U112/><E77/><V94/><F94/><W127/><G127/><T98/><D98/><U11/><E96/><V15/><F15/><W7/><G97/><T109/><D109/><U101/><E110/><V57/><AGARI ba="0,1" hai="16,21,27,36,37,39,49,52,57,75,79,83,84,86" machi="57" ten="30,8000,1" yaku="1,1,0,1,54,2,53,1" doraHai="40" doraHaiUra="12" who="2" fromWho="2" sc="250,-40,250,-20,240,90,250,-20" /><INIT seed="1,0,0,3,2,69" ten="210,230,330,230" oya="1" hai0="70,68,97,34,101,112,17,31,30,44,117,32,103" hai1="19,80,102,120,67,62,51,5,90,65,36,7,123" hai2="43,78,66,124,22,12,93,77,63,2,134,116,60" hai3="105,10,72,58,18,56,46,88,94,104,9,0,64"/><U121/><E102/><N who="0" m="38921" /><D44/><U71/><E65/><V76/><F116/><W79/><G0/><T11/><D11/><N who="3" m="4105" /><G72/><T33/><D97/><U96/><E51/><V15/><F2/><W115/><G115/><T24/><D24/><U49/><E49/><V1/><F1/><W85/><G104/><T131/><D17/><U13/><E36/><V27/><F134/><W119/><G119/><T45/><D45/><U118/><E118/><V52/><F124/><W37/><G37/><T113/><D117/><U108/><E108/><V14/><F43/><W40/><G105/><T4/><D4/><U89/><E96/><V132/><F132/><W99/><G64/><T55/><D55/><U73/><E73/><V87/><F52/><W128/><G128/><T86/><D86/><U130/><E130/><V42/><F42/><W129/><G129/><T20/><D20/><U6/><REACH who="1" step="1"/><E80/><REACH who="1" ten="210,220,330,230" step="2"/><V21/><F66/><W47/><G40/><T3/><D131/><U135/><E135/><V133/><F133/><W8/><G47/><T29/><D3/><U23/><AGARI ba="0,1" hai="5,6,7,13,19,23,62,67,71,89,90,120,121,123" machi="23" ten="40,3900,0" yaku="1,1,0,1,53,0" doraHai="69" doraHaiUra="106" who="1" fromWho="1" sc="210,-13,220,49,330,-13,230,-13" /><INIT seed="1,1,0,0,0,45" ten="197,269,317,217" oya="1" hai0="92,29,60,28,68,2,54,64,117,63,36,106,39" hai1="86,30,101,113,114,122,50,85,72,123,38,44,56" hai2="97,41,34,67,76,43,127,19,132,78,90,133,11" hai3="115,134,128,23,130,98,75,91,71,48,51,104,131"/><U70/><E70/><V103/><F34/><W33/><G115/><T102/><D117/><U119/><E72/><V4/><F19/><W8/><G134/><N who="2" m="51817" /><F90/><W93/><G33/><T120/><D2/><U82/><E30/><V66/><F127/><W21/><G75/><T31/><D106/><U108/><E119/><V26/><F26/><W0/><G71/><T84/><D120/><U20/><E20/><N who="3" m="7754" /><G104/><T5/><D5/><AGARI ba="1,0" hai="0,5,8,48,51,91,93,98,128,130,131" m="7754" machi="5" ten="40,5200,0" yaku="19,1,52,2" doraHai="45" who="3" fromWho="0" sc="197,-55,269,0,317,0,217,55" /><INIT seed="2,0,0,1,4,123" ten="142,269,317,272" oya="2" hai0="32,39,36,133,17,56,23,26,116,0,114,101,119" hai1="48,104,115,94,86,46,135,59,18,80,111,57,103" hai2="15,4,8,30,24,96,105,107,14,70,52,44,53" hai3="34,5,75,125,66,124,71,134,93,62,112,7,87"/><V97/><F70/><W117/><G117/><N who="0" m="45131" /><D114/><U127/><E115/><V126/><F126/><N who="3" m="48747" /><G75/><T78/><D0/><U64/><E104/><V37/><F105/><W25/><G134/><T130/><D133/><U89/><E111/><V40/><F15/><W92/><G112/><T29/><D130/><U95/><E135/><V63/><F63/><W113/><G113/><T118/><N who="0" m="45139" /><T38/><DORA hai="110" /><D101/><U54/><E127/><V106/><F106/><W121/><G121/><T20/><D78/><U22/><E64/><V82/><F82/><W102/><G87/><T58/><D32/><U69/><E69/><V109/><F109/><W49/><G49/><T61/><D61/><U91/><E103/><V68/><F68/><W85/><G85/><T81/><D81/><U131/><E131/><V73/><F73/><W28/><G102/><T6/><D6/><AGARI ba="0,0" hai="5,6,7,25,28,34,62,66,71,92,93" m="48747" machi="6" ten="30,1000,0" yaku="18,1" doraHai="123,110" who="3" fromWho="0" sc="142,-10,269,0,317,0,272,10" /><INIT seed="3,0,0,3,5,7" ten="132,269,317,282" oya="3" hai0="102,60,104,88,57,42,127,19,119,115,14,99,81" hai1="12,64,11,111,100,97,75,34,55,52,95,80,66" hai2="56,110,85,59,32,86,114,13,101,120,5,107,27" hai3="51,43,49,96,67,113,117,17,121,118,68,9,98"/><W71/><G113/><T28/><D127/><U58/><E34/><V26/><F114/><W69/><G121/><T62/><D115/><U90/><E111/><V0/><F0/><W36/><G67/><N who="1" m="25642" /><E75/><V73/><F73/><W124/><G124/><T78/><D119/><U106/><E106/><V92/><F107/><W23/><G36/><T29/><D42/><U31/><E31/><N who="2" m="19575" /><F27/><W65/><G65/><T74/><D60/><U39/><E39/><V10/><F101/><W122/><G122/><T93/><D57/><N who="2" m="22090" /><F92/><W87/><G87/><T35/><D62/><U30/><E30/><V82/><F82/><W125/><G125/><T108/><D35/><U128/><E128/><V105/><F105/><W6/><G117/><T132/><D108/><U131/><E131/><V84/><F110/><W129/><G129/><T77/><D77/><U3/><E3/><V1/><F1/><N who="3" m="207" /><G118/><T41/><D41/><U8/><E58/><V2/><F2/><W50/><G43/><T46/><D46/><U112/><E112/><V25/><F86/><W53/><G53/><N who="1" m="20554" /><E12/><V38/><F38/><W48/><G48/><T47/><D47/><U83/><E83/><V79/><F79/><W103/><G103/><T4/><D4/><U72/><E72/><V89/><F120/><W63/><G63/><T61/><D61/><U116/><E116/><V22/><F89/><W123/><G123/><T133/><D29/><U24/><E24/><V134/><F134/><W21/><G17/><T33/><D28/><U45/><E45/><V44/><F44/><W126/><G126/><T37/><D33/><RYUUKYOKU ba="0,0" sc="132,-30,269,10,317,10,282,10" hai1="8,11,80,90,95,97,100" hai2="5,10,13,22,25,84,85" hai3="21,23,49,50,51,68,69,71,96,98" /><INIT seed="3,1,0,1,0,119" ten="102,279,327,292" oya="3" hai0="46,51,129,15,29,131,121,44,80,10,123,96,76" hai1="110,28,31,43,22,4,5,21,16,74,60,134,11" hai2="65,55,1,100,132,37,114,25,23,0,67,115,71" hai3="69,78,87,103,7,48,108,126,93,89,68,102,13"/><W94/><G126/><T135/><D29/><N who="1" m="11339" /><E74/><V39/><F100/><W41/><G108/><T20/><D20/><N who="1" m="7787" /><E43/><V30/><F55/><W49/><G78/><T112/><D96/><U14/><E60/><V2/><F132/><W122/><G13/><T133/><D76/><U84/><E110/><V116/><F116/><W56/><G7/><N who="1" m="2634" /><E84/><V73/><F73/><W91/><G87/><T92/><D15/><U9/><E134/><V63/><REACH who="2" step="1"/><F67/><REACH who="2" ten="102,279,317,292" step="2"/><W17/><G103/><T111/><D111/><U72/><E72/><V120/><F120/><W36/><G102/><T8/><D112/><AGARI ba="1,1" hai="0,1,2,23,25,30,37,39,63,65,71,112,114,115" machi="112" ten="50,1600,0" yaku="1,1,53,0" doraHai="119" doraHaiUra="125" who="2" fromWho="0" sc="102,-19,279,0,317,29,292,0" owari="83,-41.7,279,-12.1,346,44.6,292,9.2" /></mjloggm>