<mjloggm ver="2.3"><GO type="225" lobby="0"/><UN n0="%E4%B8%89%E5%88%86%E5%B0%8F%E5%83%A7" n1="%E7%99%BD%E5%80%89%E5%AF%9B%E4%B9%8B" n2="%E7%89%B9%E6%9D%B1%E3%81%AF%E4%B8%96%E7%95%8C%E3%82%92%E6%95%91%E3%81%86" n3="%E3%81%8B%E3%82%8F%E3%81%A1%E3%82%83%E3%82%93%35%38" dan="16,16,16,16" rate="2073.68,2131.78,2177.03,2166.78" sx="M,M,M,M"/><TAIKYOKU oya="0"/><INIT seed="0,0,0,2,4,41" ten="250,250,250,250" oya="0" hai0="37,131,73,44,57,61,135,110,97,4,104,86,90" hai1="18,113,42,12,69,96,70,114,84,83,121,19,94" hai2="128,29,78,77,35,120,53,103,62,25,67,122,34" hai3="115,24,85,79,101,60,31,98,76,88,30,56,93"/><T89/><D73/><U9/><E121/><V87/><F128/><W92/><G115/><N who="1" m="44042" /><E18/><V50/><F35/><W51/><G51/><T132/><D131/><U80/><E42/><V74/><F74/><W2/><G2/><T117/><D117/><U49/><E49/><V28/><F28/><W66/><REACH who="3" step="1"/><G31/><REACH who="3" ten="250,250,250,240" step="2"/><T11/><D37/><U109/><E109/><V105/><F122/><W20/><AGARI ba="0,1" hai="20,24,30,56,60,66,76,79,85,88,92,93,98,101" machi="20" ten="20,16000,3" yaku="1,1,2,1,0,1,7,1,25,2,8,1,54,1,53,0" doraHai="41" doraHaiUra="36" who="3" fromWho="3" sc="250,-80,250,-40,250,-40,240,170" /><INIT seed="1,0,0,2,2,84" ten="170,210,210,410" oya="1" hai0="34,11,58,63,87,90,95,92,57,102,107,10,83" hai1="121,49,50,54,32,17,106,105,41,127,2,60,100" hai2="88,131,40,125,37,117,23,19,124,33,47,109,81" hai3="67,38,5,9,44,68,22,62,97,73,94,25,53"/><U108/><E2/><V3/><F117/><W7/><G73/><T59/><D34/><U91/><E32/><V85/><F33/><W129/><G129/><T4/><D107/><U26/><E121/><V113/><F131/><W104/><G104/><T55/><D11/><U93/><E127/><N who="2" m="48715" /><F3/><W29/><G9/><T128/><D128/><U86/><E108/><V111/><F113/><W98/><G98/><T75/><D75/><U35/><E60/><V78/><F78/><W77/><G77/><T76/><D102/><U79/><E100/><V66/><F66/><W71/><G71/><T110/><D95/><U56/><E79/><V31/><F31/><W115/><G115/><T20/><D20/><U101/><E101/><V99/><F99/><W103/><G38/><T16/><D110/><U114/><E114/><V42/><F42/><W28/><G28/><T116/><D116/><U122/><E122/><V30/><F30/><W65/><G65/><T96/><REACH who="0" step="1"/><D16/><REACH who="0" ten="160,210,210,410" step="2"/><U36/><E35/><V0/><F0/><AGARI ba="0,1" hai="0,4,10,55,57,58,59,63,76,83,87,90,92,96" machi="0" ten="30,7700,0" yaku="1,1,2,1,7,1,52,1,53,0" doraHai="84" doraHaiUra="14" who="0" fromWho="2" sc="160,87,210,0,210,-77,410,0" /><INIT seed="2,0,0,2,1,77" ten="247,210,133,410" oya="2" hai0="43,73,133,29,120,30,68,19,45,32,123,35,52" hai1="128,20,37,88,21,118,134,67,14,125,34,12,99" hai2="18,78,57,122,50,81,86,110,60,8,103,101,71" hai3="3,55,0,72,70,16,58,94,5,132,105,48,96"/><V42/><F122/><W113/><G105/><T130/><D68/><U129/><E37/><V131/><F131/><N who="1" m="50249" /><E34/><V49/><F71/><W115/><G132/><T46/><D73/><U119/><E67/><V74/><F110/><W2/><G72/><T85/><D133/><U27/><E134/><V63/><F74/><W108/><G70/><T100/><D130/><U90/><E125/><V44/><F49/><W92/><G108/><T127/><D127/><U126/><E126/><V53/><REACH who="2" step="1"/><F63/><REACH who="2" ten="247,210,123,410" step="2"/><W116/><G48/><T7/><D123/><U31/><E119/><V89/><F89/><N who="1" m="34409" /><E118/><V22/><F22/><N who="1" m="8809" /><E31/><V95/><F95/><W10/><G94/><T26/><D30/><U98/><E27/><V80/><F80/><W106/><G116/><T87/><D26/><U28/><E28/><V13/><AGARI ba="0,1" hai="8,13,18,42,44,50,53,57,60,78,81,86,101,103" machi="13" ten="30,12000,1" yaku="1,1,0,1,8,1,52,1,53,1" doraHai="77" doraHaiUra="82" who="2" fromWho="2" sc="247,-40,210,-40,123,130,410,-40" /><INIT seed="2,1,0,2,3,77" ten="207,170,253,370" oya="2" hai0="5,124,120,31,52,125,69,89,79,50,14,82,84" hai1="94,21,127,40,61,80,29,28,135,58,71,66,134" hai2="75,62,103,102,67,24,47,101,97,2,43,11,70" hai3="49,59,26,110,91,100,23,104,64,129,112,10,46"/><V86/><F75/><W32/><G32/><T65/><D120/><U44/><E127/><N who="0" m="48713" /><D31/><U83/><E71/><V133/><F133/><N who="1" m="50697" /><E94/><V131/><F131/><W22/><G104/><T119/><D119/><U16/><E29/><V90/><F24/><W121/><G100/><T51/><D69/><U63/><E28/><V56/><F70/><W78/><G64/><T57/><D65/><U35/><E63/><V108/><F108/><W39/><G22/><T117/><D117/><U106/><E106/><V96/><F11/><W9/><G91/><T12/><D5/><U73/><E73/><V81/><REACH who="2" step="1"/><F2/><REACH who="2" ten="207,170,243,370" step="2"/><W15/><G15/><T48/><D12/><N who="1" m="9351" /><E35/><V13/><F13/><W54/><G9/><T17/><D14/><U68/><E68/><V37/><AGARI ba="1,1" hai="37,43,47,56,62,67,81,86,90,96,97,101,102,103" machi="37" ten="30,6000,0" yaku="1,1,0,1,52,1,53,0" doraHai="77" doraHaiUra="30" who="2" fromWho="2" sc="207,-21,170,-21,243,73,370,-21" /><INIT seed="2,2,0,5,4,67" ten="186,149,316,349" oya="2" hai0="89,61,65,135,87,33,36,0,26,110,58,34,12" hai1="32,10,54,50,42,83,51,90,35,22,103,81,5" hai2="72,7,122,14,123,60,13,47,9,97,84,79,101" hai3="70,3,114,76,66,125,57,121,30,82,29,71,78"/><V40/><F72/><W63/><G121/><T115/><D0/><U41/><E103/><V106/><F14/><W64/><G3/><T120/><D120/><U15/><E35/><V16/><F60/><W45/><G125/><T127/><D115/><U48/><E32/><V91/><F79/><W53/><G114/><T21/><D36/><U46/><E42/><V31/><F31/><W133/><G133/><T129/><D110/><U23/><E51/><V88/><F7/><W131/><G131/><T98/><D129/><U94/><E81/><V74/><F74/><W37/><G76/><T19/><D98/><U128/><E83/><V52/><F91/><W56/><G56/><T11/><D127/><U2/><E2/><V8/><F8/><W105/><G105/><T109/><D109/><U75/><E75/><V117/><F52/><W4/><G4/><T100/><D100/><U86/><REACH who="1" step="1"/><E128/><REACH who="1" ten="186,139,316,349" step="2"/><V102/><F102/><W20/><G82/><N who="0" m="49399" /><D34/><U112/><E112/><V80/><REACH who="2" step="1"/><F117/><REACH who="2" ten="186,139,306,349" step="2"/><W38/><G78/><T59/><D33/><U116/><E116/><V118/><F118/><W124/><G124/><T99/><D135/><U107/><E107/><V62/><F62/><W25/><G63/><T108/><D61/><U39/><E39/><AGARI ba="2,2" hai="9,13,16,39,40,47,80,84,88,97,101,106,122,123" machi="39" ten="30,11600,0" yaku="1,1,7,1,54,2,53,0" doraHai="67" doraHaiUra="1" who="2" fromWho="1" sc="186,0,139,-122,306,142,349,0" /><INIT seed="2,3,0,0,2,24" ten="186,17,448,349" oya="2" hai0="63,71,131,122,45,0,82,48,32,120,70,89,96" hai1="47,27,5,113,112,33,76,4,65,66,20,46,102" hai2="100,72,118,13,114,19,25,132,62,93,8,87,83" hai3="125,1,85,110,103,94,43,78,7,36,134,29,73"/><V81/><F114/><W91/><G110/><T106/><D0/><U55/><E33/><V64/><F118/><W95/><G134/><T60/><D32/><U75/><E102/><V44/><F132/><W129/><G129/><T130/><D106/><U18/><E75/><V111/><F72/><W98/><G125/><T57/><D96/><U42/><E76/><V10/><F111/><W105/><G95/><T121/><D89/><U126/><E126/><V109/><F109/><W12/><G1/><T2/><D82/><U88/><E55/><V17/><F44/><N who="3" m="23655" /><G29/><T68/><D2/><U92/><E113/><V28/><F100/><W49/><G49/><T23/><D23/><U124/><E124/><V35/><F93/><W58/><G58/><T59/><D45/><U34/><E112/><V79/><F83/><N who="3" m="45519" /><G12/><T90/><D90/><U128/><E47/><V107/><F107/><N who="3" m="63991" /><G7/><T104/><D48/><U9/><E128/><N who="0" m="49193" /><D104/><AGARI ba="3,0" hai="85,91,94,104,105" m="63991,45519,23655" machi="104" ten="30,1000,0" yaku="24,1" doraHai="24" who="3" fromWho="0" sc="186,-19,17,0,448,0,349,19" /><INIT seed="3,0,0,2,0,14" ten="167,17,448,368" oya="3" hai0="94,84,132,110,1,24,80,72,74,29,66,31,133" hai1="123,91,8,125,44,3,107,50,102,39,88,100,124" hai2="57,22,6,25,10,86,81,113,33,87,7,117,52" hai3="96,54,15,19,121,71,21,115,77,93,40,126,11"/><W95/><G115/><T27/><D1/><U63/><E39/><V92/><F117/><W47/><G126/><T60/><D94/><U78/><E3/><V70/><F70/><W103/><G121/><T13/><D13/><U135/><E8/><V130/><F33/><W62/><G77/><T36/><D36/><U34/><E63/><V134/><F113/><W2/><G71/><T18/><D18/><U119/><E34/><V106/><F106/><W46/><G62/><T49/><D49/><U68/><E50/><N who="2" m="30871" /><F10/><W0/><G54/><T98/><D98/><U122/><E44/><V69/><F69/><W41/><G95/><T120/><D120/><U4/><E4/><V23/><F23/><W111/><G111/><T108/><D60/><U127/><E68/><V65/><F65/><W58/><G58/><T128/><D66/><U75/><E119/><V116/><F116/><W35/><G35/><T82/><D84/><U51/><E51/><V26/><F26/><W79/><G79/><T67/><D67/><U43/><E43/><V48/><F92/><W64/><G64/><T118/><D118/><U85/><E135/><V17/><F134/><W101/><G101/><T30/><D30/><U53/><E53/><V28/><F81/><W42/><REACH who="3" step="1"/><G0/><REACH who="3" ten="167,17,448,358" step="2"/><T90/><D132/><U89/><E75/><V59/><F59/><W45/><G45/><T97/><D133/><U76/><E76/><V129/><F129/><W56/><G56/><T5/><D72/><U16/><E102/><V38/><F130/><W12/><G12/><T20/><D74/><U55/><E100/><RYUUKYOKU ba="0,1" sc="167,-10,17,-10,448,-10,358,30" hai3="2,11,15,19,21,40,41,42,46,47,93,96,103" /><INIT seed="3,1,1,3,2,60" ten="157,7,438,388" oya="3" hai0="103,6,124,42,14,2,72,105,20,38,83,126,48" hai1="132,35,119,91,45,55,8,56,1,75,68,99,78" hai2="23,135,98,110,113,89,11,118,74,70,17,58,53" hai3="50,125,93,39,61,111,115,32,104,67,120,90,5"/><W47/><G115/><T92/><D105/><U25/><E119/><V107/><F118/><W71/><G120/><T112/><D112/><U106/><E132/><V69/><F113/><W121/><G121/><T102/><D48/><U100/><E56/><V101/><F74/><W73/><G104/><T123/><D123/><U82/><E55/><V64/><F64/><W122/><G122/><T62/><D62/><U108/><E108/><V43/><F110/><W81/><G111/><T66/><D66/><U40/><E91/><V127/><F43/><W33/><G39/><T49/><D49/><U36/><E25/><V12/><F135/><W4/><G125/><N who="0" m="48235" /><D92/><U44/><E44/><V129/><F127/><W96/><G73/><T63/><D63/><U22/><E22/><V31/><F129/><W3/><G81/><T76/><D20/><U29/><E29/><V65/><F65/><W0/><G4/><T80/><D80/><U84/><E84/><V87/><F11/><W9/><REACH who="3" step="1"/><G0/><REACH who="3" ten="157,7,438,378" step="2"/><T97/><D2/><U46/><E46/><V13/><F31/><W57/><G57/><T94/><D72/><U59/><E59/><V51/><F12/><W131/><G131/><T24/><D83/><AGARI ba="1,2" hai="13,17,23,51,53,58,69,70,83,87,89,98,101,107" machi="83" ten="30,1000,0" yaku="7,1" doraHai="60" who="2" fromWho="0" sc="157,-13,7,0,438,33,378,0" owari="144,-25.6,7,-49.3,471,57.1,378,17.8" /></mjloggm>