<mjloggm ver="2.3"><GO type="225" lobby="0"/><UN n0="%E3%81%90%E3%81%A1%E3%82%84%E3%81%BE" n1="%E3%83%A9%E3%83%96%E3%83%AC%E3%83%BC" n2="%E5%8D%A0%E3%81%84%E5%B8%AB%E8%A3%8F%E3%81%AA%E3%81%84%E3%81%97" n3="%E3%81%BF%E3%81%BF%E3%81%9A" dan="16,16,17,18" rate="2138.48,2118.34,2169.02,2238.59" sx="M,M,M,M"/><TAIKYOKU oya="0"/><INIT seed="0,0,0,2,1,32" ten="250,250,250,250" oya="0" hai0="58,24,65,96,69,23,61,129,110,57,49,111,94" hai1="70,26,51,60,48,85,25,104,31,116,42,46,66" hai2="120,36,2,82,74,27,54,17,130,10,56,91,99" hai3="71,7,135,41,35,28,88,113,107,115,128,127,123"/><T109/><D49/><U125/><E125/><V11/><F120/><W114/><G127/><T78/><D78/><U134/><E134/><V45/><F130/><W79/><G135/><T108/><N who="0" m="27648" /><DORA hai="39" /><T50/><D50/><U76/><E104/><V62/><F74/><W68/><G107/><T102/><REACH who="0" step="1"/><D129/><REACH who="0" ten="240,250,250,250" step="2"/><U77/><E77/><V37/><F37/><W84/><G128/><T18/><AGARI ba="0,1" hai="18,23,24,57,58,61,65,69,94,96,102" m="27648" machi="18" ten="60,18000,2" yaku="1,1,2,1,0,1,14,1,10,1,53,1" doraHai="32,39" doraHaiUra="3,14" who="0" fromWho="0" sc="240,190,250,-60,250,-60,250,-60" /><INIT seed="0,1,0,5,0,75" ten="430,190,190,190" oya="0" hai0="53,12,46,114,44,120,127,43,85,38,20,36,66" hai1="72,98,52,64,35,55,7,37,18,2,25,92,51" hai2="26,28,132,100,61,49,94,70,123,68,89,122,118" hai3="58,22,84,99,6,15,87,0,126,102,91,54,80"/><T125/><D114/><U101/><E37/><V79/><F132/><W1/><G126/><T135/><D85/><U73/><E64/><V74/><F118/><W24/><G87/><T57/><D12/><U86/><E2/><V30/><F100/><W88/><G91/><T5/><D20/><U67/><E67/><V29/><F49/><W39/><G39/><T65/><D5/><U104/><E7/><V56/><F26/><W110/><G110/><T13/><D13/><U108/><E55/><V121/><F74/><W133/><G133/><T93/><D93/><U90/><E108/><V33/><F33/><W19/><G6/><T112/><D112/><U14/><E25/><V78/><F56/><W116/><G116/><T59/><D135/><U128/><E128/><V47/><F47/><W105/><REACH who="3" step="1"/><G15/><REACH who="3" ten="430,190,190,180" step="2"/><T130/><D127/><U96/><E98/><N who="2" m="57679" /><F61/><AGARI ba="1,1" hai="0,1,19,22,24,54,58,61,80,84,88,99,102,105" machi="61" ten="30,3900,0" yaku="1,1,7,1,54,1,53,0" doraHai="75" doraHaiUra="107" who="3" fromWho="2" sc="430,0,190,0,190,-42,180,52" /><INIT seed="1,0,0,2,4,115" ten="430,190,148,232" oya="1" hai0="65,81,86,63,88,4,75,36,125,82,126,12,77" hai1="26,46,64,37,54,128,19,14,10,50,121,68,99" hai2="83,38,72,29,69,95,15,52,89,1,57,92,118" hai3="74,61,120,133,40,104,113,25,84,53,78,97,130"/><U60/><E128/><V0/><F69/><W33/><G113/><T129/><D36/><U109/><E121/><V110/><F38/><W124/><G120/><T22/><D129/><U87/><E109/><V123/><F123/><W2/><G130/><T106/><D106/><U16/><E37/><V32/><F110/><W134/><G2/><T100/><D100/><U79/><E99/><V108/><F108/><W17/><G40/><T66/><D4/><U48/><E48/><V8/><F0/><W55/><G74/><T132/><D132/><N who="3" m="50793" /><G124/><N who="0" m="47723" /><D63/><U85/><E79/><V102/><F1/><W35/><G17/><AGARI ba="0,0" hai="12,17,22,65,66,75,77,81,82,86,88" m="47723" machi="17" ten="30,2000,0" yaku="18,1,54,1" doraHai="115" who="0" fromWho="3" sc="430,20,190,0,148,0,232,-20" /><INIT seed="2,0,0,5,2,27" ten="450,190,148,212" oya="2" hai0="115,117,125,39,104,129,64,128,40,17,84,41,63" hai1="126,15,94,65,16,78,99,34,62,75,10,73,135" hai2="93,38,130,18,88,91,52,30,51,83,4,24,9" hai3="14,77,121,111,102,61,66,90,12,48,110,46,7"/><V80/><F38/><W33/><G121/><T95/><D115/><U119/><E119/><V11/><F130/><W20/><G33/><T118/><D104/><U132/><E126/><V82/><F18/><W68/><G102/><T0/><D0/><U87/><E87/><V31/><F24/><W3/><G77/><T79/><D125/><U70/><E34/><V96/><F91/><W122/><G122/><T6/><D6/><U47/><E47/><N who="2" m="27775" /><F4/><W35/><G35/><T86/><D17/><U25/><E25/><V71/><F71/><W43/><G90/><T106/><D106/><U69/><E69/><V5/><F5/><W76/><G76/><T58/><D79/><U59/><E70/><V124/><F124/><W101/><G101/><T54/><D39/><U50/><E78/><V21/><F21/><W32/><G32/><T133/><D133/><N who="1" m="51275" /><E50/><V29/><AGARI ba="0,0" hai="9,11,29,30,31,80,82,83,88,93,96" m="27775" machi="29" ten="30,18000,2" yaku="8,1,52,3,54,2" doraHai="27" who="2" fromWho="2" sc="450,-60,190,-60,148,180,212,-60" /><INIT seed="2,1,0,0,1,77" ten="390,130,328,152" oya="2" hai0="96,108,70,47,107,10,93,45,7,64,29,17,65" hai1="39,78,38,123,15,30,132,80,0,85,83,84,75" hai2="103,61,50,105,89,53,120,130,58,42,63,23,124" hai3="28,94,88,40,36,33,20,57,8,115,99,121,125"/><V134/><F120/><W52/><G121/><T25/><D107/><U12/><E123/><V49/><F105/><W62/><G125/><T81/><D108/><U90/><E0/><V43/><F103/><W59/><G115/><T91/><D70/><U44/><E132/><V126/><F23/><W3/><G33/><T4/><D17/><U97/><E30/><V18/><F18/><W109/><G109/><T41/><D81/><U119/><E119/><V6/><F6/><N who="0" m="2090" /><D10/><U13/><E75/><V117/><F89/><W72/><G72/><T60/><D60/><N who="2" m="23114" /><F134/><W46/><G8/><T104/><D104/><U116/><E116/><V82/><F82/><W16/><G59/><T32/><D32/><U11/><E11/><V135/><F135/><W127/><G127/><N who="2" m="48681" /><F117/><W24/><G28/><T1/><D1/><AGARI ba="1,0" hai="1,3,16,20,24,36,40,46,52,57,62,88,94,99" machi="1" ten="40,8000,1" yaku="25,2,54,3" doraHai="77" who="3" fromWho="0" sc="390,-83,130,0,328,0,152,83" /><INIT seed="3,0,0,2,3,80" ten="307,130,328,235" oya="3" hai0="40,92,81,47,128,7,100,36,129,103,18,88,97" hai1="109,134,43,39,111,85,44,101,28,114,98,27,54" hai2="132,23,122,41,84,71,42,9,78,131,77,94,104" hai3="57,26,76,45,108,64,82,56,135,20,87,50,74"/><W63/><G135/><T67/><D7/><U93/><E114/><V21/><F104/><W91/><G108/><T121/><D121/><U48/><E134/><V33/><F132/><W52/><G74/><T32/><D32/><U83/><E39/><V4/><F33/><W72/><G72/><T69/><D18/><U123/><E123/><V24/><F71/><W35/><G35/><T46/><D46/><U5/><E5/><V119/><F119/><W49/><G76/><T58/><D69/><U30/><E43/><V115/><F115/><W116/><G116/><T125/><D125/><U99/><E27/><V25/><F131/><N who="0" m="50250" /><D81/><U126/><E126/><V113/><F113/><W86/><G91/><T6/><D6/><U59/><E44/><V102/><F122/><W15/><G82/><T2/><D2/><U65/><E65/><V53/><F53/><N who="3" m="29871" /><G15/><T29/><D29/><AGARI ba="0,0" hai="20,26,29,50,52,56,57,63,64,86,87" m="29871" machi="29" ten="30,11600,0" yaku="8,1,52,2,54,1" doraHai="80" who="3" fromWho="0" sc="307,-116,130,0,328,0,235,116" owari="191,-20.9,130,-37.0,328,12.8,351,45.1" /></mjloggm>