<mjloggm ver="2.3"><GO type="225" lobby="0"/><UN n0="%E3%83%A9%E3%83%BC%E3%83%A1%E3%83%B3%E4%BA%94%E9%83%8E" n1="%E3%82%8F%E3%81%8B%E3%81%B0%2A%E3%82%AC%E3%83%BC%E3%83%AB" n2="%E6%9D%B1%E9%A2%A8%E3%81%AE%E3%81%8D%E3%82%83%E3%81%B7%E3%81%95%E3%82%93" n3="%72%69%6F%75%63%68%61%6E" dan="16,16,16,16" rate="2152.36,2121.81,2178.25,2134.48" sx="M,M,M,M"/><TAIKYOKU oya="0"/><INIT seed="0,0,0,3,0,23" ten="250,250,250,250" oya="0" hai0="17,128,18,110,90,62,59,41,68,37,40,120,86" hai1="67,50,10,131,28,92,102,133,78,44,73,8,1" hai2="49,29,105,123,65,16,12,96,112,13,60,84,81" hai3="70,34,32,47,61,125,38,57,119,43,106,107,115"/><T2/><D120/><U66/><E131/><V46/><F123/><W80/><G125/><T0/><D68/><U11/><E133/><V118/><F112/><W51/><G115/><T3/><D128/><U122/><E1/><V15/><F29/><W104/><G119/><T88/><D110/><U22/><E122/><V6/><F6/><W117/><G117/><T71/><D71/><U116/><E116/><V91/><F118/><W99/><G80/><T4/><D4/><U72/><E78/><V53/><F105/><W132/><G132/><T100/><D100/><U95/><E72/><V33/><F33/><W79/><G79/><T25/><D90/><U77/><E77/><V94/><F60/><W83/><G83/><T14/><D25/><N who="1" m="16439" /><E73/><V101/><REACH who="2" step="1"/><F65/><REACH who="2" ten="250,250,240,250" step="2"/><N who="1" m="24585" /><E102/><V108/><F108/><W75/><G32/><T54/><D18/><AGARI ba="0,1" hai="12,13,15,16,18,46,49,53,81,84,91,94,96,101" machi="18" ten="40,5200,0" yaku="1,1,8,1,54,1,53,0" doraHai="23" doraHaiUra="31" who="2" fromWho="0" sc="250,-52,250,0,240,62,250,0" /><INIT seed="1,0,0,0,5,83" ten="198,250,302,250" oya="1" hai0="20,13,0,127,70,60,113,10,64,69,21,133,19" hai1="101,44,108,55,79,39,103,118,51,107,62,86,16" hai2="48,102,1,46,26,28,75,74,99,15,92,130,45" hai3="27,18,105,3,5,94,58,87,90,135,116,53,134"/><U4/><E118/><V114/><F1/><W50/><G105/><T125/><D113/><U25/><E39/><V71/><F71/><W88/><G116/><T6/><D133/><N who="3" m="50697" /><G90/><T56/><REACH who="0" step="1"/><D21/><REACH who="0" ten="188,250,302,250" step="2"/><N who="1" m="13479" /><E108/><V122/><F114/><W47/><G3/><T24/><D24/><U57/><E107/><V109/><F109/><W100/><G5/><T22/><D22/><U61/><E4/><V106/><F26/><W95/><G27/><T104/><D104/><U67/><E62/><V34/><F106/><W40/><G18/><T132/><D132/><U128/><E128/><V76/><F130/><W31/><G31/><T96/><D96/><U59/><E44/><V77/><F45/><W72/><G72/><T63/><D63/><U42/><E42/><V120/><F74/><W37/><G100/><T121/><D121/><U33/><E33/><V84/><F75/><W98/><G98/><T124/><AGARI ba="0,1" hai="0,6,10,13,19,20,56,60,64,69,70,124,125,127" machi="124" ten="30,4000,0" yaku="1,1,0,1,18,1,53,0" doraHai="83" doraHaiUra="36" who="0" fromWho="0" sc="188,50,250,-20,302,-10,250,-10" /><INIT seed="2,0,0,5,3,66" ten="238,230,292,240" oya="2" hai0="67,117,5,13,31,59,4,97,33,42,29,55,24" hai1="8,134,83,52,30,37,7,58,35,87,20,3,18" hai2="49,6,79,1,16,118,119,70,19,135,107,129,61" hai3="131,0,103,116,54,62,98,46,132,45,14,56,125"/><V10/><F107/><W104/><G116/><T77/><D117/><U68/><E37/><V128/><F79/><W114/><G0/><T90/><D67/><U86/><E134/><V85/><F135/><W130/><G132/><T133/><D133/><U95/><E95/><V84/><F49/><W113/><G125/><T47/><D77/><U27/><E68/><V41/><F41/><W12/><G14/><T40/><D31/><U91/><E86/><N who="2" m="33387" /><F118/><W82/><G12/><T101/><D90/><U81/><E81/><V48/><F48/><W71/><G71/><T73/><D73/><U88/><E91/><V89/><F89/><W25/><G25/><T9/><D47/><N who="3" m="17929" /><G82/><T106/><REACH who="0" step="1"/><D4/><REACH who="0" ten="228,230,292,240" step="2"/><U122/><E122/><V75/><F75/><W124/><G124/><T99/><D99/><U120/><E120/><V2/><F119/><W63/><G63/><AGARI ba="0,1" hai="5,9,13,24,29,33,40,42,55,59,63,97,101,106" machi="63" ten="30,2000,0" yaku="1,1,7,1,53,0" doraHai="66" doraHaiUra="78" who="0" fromWho="3" sc="228,30,230,0,292,0,240,-20" /><INIT seed="3,0,0,0,4,3" ten="258,230,292,220" oya="3" hai0="102,33,39,58,94,25,22,129,97,56,134,68,113" hai1="6,109,79,24,48,43,47,91,128,44,64,53,55" hai2="95,42,105,16,32,14,65,126,67,4,118,62,41" hai3="110,74,27,72,59,107,116,85,73,92,13,1,82"/><W38/><G116/><T93/><D39/><U10/><E109/><V49/><F105/><W35/><G107/><T51/><D68/><U30/><E128/><V34/><F4/><W46/><G110/><T69/><D69/><U88/><E64/><V26/><F67/><W119/><G119/><T99/><D33/><U17/><E17/><V66/><F66/><W0/><G92/><T83/><D129/><U103/><E79/><V21/><F126/><W124/><G124/><T7/><D134/><U60/><E103/><V11/><F95/><W117/><G117/><T87/><D113/><U98/><E98/><V57/><F118/><W131/><G131/><T130/><D130/><U111/><E111/><V40/><F49/><W81/><G13/><T18/><D51/><N who="1" m="27039" /><E30/><V121/><F121/><W122/><G122/><T135/><D135/><U80/><E24/><V101/><F101/><W100/><G100/><T71/><D71/><U15/><E80/><N who="3" m="30826" /><G85/><T127/><D127/><U132/><E132/><V2/><F2/><N who="3" m="1131" /><G59/><AGARI ba="0,0" hai="6,10,15,47,48,53,55,59,60,88,91" m="27039" machi="59" ten="30,3900,0" yaku="8,1,52,1,54,1" doraHai="3" who="1" fromWho="3" sc="258,0,230,39,292,0,220,-39" /><INIT seed="4,0,0,5,0,61" ten="258,269,292,181" oya="0" hai0="64,36,22,15,102,129,43,34,5,35,39,122,27" hai1="31,127,86,133,11,77,113,2,89,81,69,9,13" hai2="76,132,47,79,107,84,117,25,58,115,30,110,78" hai3="90,59,17,41,49,119,121,70,42,40,108,111,83"/><T56/><D122/><U55/><E127/><V118/><F107/><W53/><G119/><N who="2" m="45577" /><F115/><W104/><G104/><T96/><D129/><U29/><E69/><V105/><F105/><W37/><G121/><T74/><D74/><U12/><E2/><V135/><F58/><W24/><G37/><T134/><D134/><N who="2" m="51242" /><F47/><W124/><G124/><T51/><D34/><U97/><E113/><V71/><F71/><W95/><G70/><T46/><D35/><U114/><E114/><V130/><F110/><W38/><G38/><T63/><D15/><U54/><E133/><V66/><F66/><W85/><REACH who="3" step="1"/><G95/><REACH who="3" ten="258,269,292,171" step="2"/><T50/><D36/><U8/><E9/><V106/><F106/><W45/><G45/><T82/><D82/><U16/><E8/><V20/><F130/><W126/><G126/><T128/><D128/><U112/><E112/><V62/><F62/><W87/><G87/><AGARI ba="0,1" hai="20,25,30,76,78,79,84,87" m="51242,45577" machi="87" ten="40,2600,0" yaku="12,1,20,1" doraHai="61" who="2" fromWho="3" sc="258,0,269,0,292,36,171,-26" owari="258,-14.2,269,6.9,328,42.8,145,-35.5" /></mjloggm>