<mjloggm ver="2.3"><GO type="225" lobby="0"/><UN n0="%E5%91%A8%E6%9D%B1" n1="%E9%BB%99%E8%81%B4%E3%81%AE%E3%81%99%E3%82%9D%E3%82%81" n2="%E6%B7%91%E5%A5%B3%E3%81%AE%E5%97%9C%E3%81%BF" n3="%E7%87%90%2E%2E" dan="17,16,16,16" rate="2269.77,2143.84,2105.36,2125.11" sx="M,M,M,M"/><TAIKYOKU oya="0"/><INIT seed="0,0,0,5,1,4" ten="250,250,250,250" oya="0" hai0="131,5,70,95,43,65,59,23,63,19,135,119,62" hai1="18,0,77,8,117,127,42,34,89,91,13,26,76" hai2="94,72,97,71,87,32,9,124,35,105,7,132,73" hai3="31,55,60,64,30,114,58,99,92,111,15,128,67"/><T66/><D119/><U101/><E127/><V3/><F124/><W80/><G114/><T48/><D131/><U68/><E68/><V29/><F71/><W130/><G111/><T85/><D135/><U125/><E125/><V47/><F132/><W112/><G112/><T51/><D43/><U96/><E117/><V54/><F105/><W39/><G39/><T118/><D118/><U134/><E42/><V69/><F69/><W22/><G80/><T103/><D5/><U49/><E134/><V129/><F87/><W116/><G116/><T78/><D78/><U74/><E49/><V90/><F129/><N who="3" m="49771" /><G15/><T53/><D66/><N who="3" m="25129" /><G22/><T84/><D84/><U98/><E0/><V81/><F81/><W108/><G108/><T10/><D10/><U17/><E74/><V37/><F37/><W46/><G46/><T100/><D85/><U122/><E122/><V126/><F126/><W40/><G40/><T52/><D95/><N who="1" m="58591" /><E34/><V133/><F133/><W6/><G6/><T38/><D38/><U50/><E50/><V107/><F107/><W11/><G11/><T28/><D28/><U88/><E96/><V115/><F115/><W20/><G20/><AGARI ba="0,0" hai="8,13,17,18,20,26,76,77,88,89,91" m="58591" machi="20" ten="30,3900,0" yaku="8,1,52,1,54,1" doraHai="4" who="1" fromWho="3" sc="250,0,250,39,250,0,250,-39" /><INIT seed="1,0,0,3,2,60" ten="250,289,250,211" oya="1" hai0="50,71,23,36,117,17,7,95,68,126,57,99,106" hai1="56,88,16,86,109,116,74,123,12,39,78,98,81" hai2="62,31,65,43,135,5,2,6,24,132,80,85,55" hai3="121,118,41,90,115,70,67,14,73,75,29,91,69"/><U32/><E116/><V76/><F43/><W77/><G121/><T129/><D117/><U87/><E32/><V11/><F55/><W125/><G118/><T100/><D36/><U49/><E39/><V28/><F6/><W20/><G115/><T47/><D129/><U133/><E123/><V53/><F53/><W35/><G35/><T107/><D126/><U0/><E0/><V114/><F114/><W19/><G41/><T108/><D108/><U25/><E133/><N who="2" m="51275" /><F24/><W83/><G125/><T102/><D7/><U61/><E109/><V120/><F120/><W79/><G29/><T40/><D57/><AGARI ba="0,0" hai="2,5,11,28,31,57,62,65,76,80,85" m="51275" machi="57" ten="30,2000,0" yaku="20,1,52,1" doraHai="60" who="2" fromWho="0" sc="250,-20,289,0,250,20,211,0" /><INIT seed="2,0,0,2,4,123" ten="230,289,270,211" oya="2" hai0="51,40,121,110,106,27,122,3,67,13,68,97,94" hai1="83,86,53,61,125,102,132,99,58,81,93,42,79" hai2="130,57,76,87,8,59,21,120,62,17,117,69,90" hai3="92,100,11,44,115,71,37,14,2,47,6,43,103"/><V55/><F117/><W118/><G118/><T126/><D3/><U112/><E132/><V7/><F130/><W129/><G129/><T52/><D106/><U70/><E125/><V12/><F69/><W19/><G71/><T32/><D126/><U104/><E112/><V113/><F113/><W1/><G115/><T45/><D110/><U26/><E42/><V4/><F76/><W111/><G111/><T88/><D13/><U101/><E70/><V5/><F59/><W35/><G2/><T31/><REACH who="0" step="1"/><D40/><REACH who="0" ten="220,289,270,211" step="2"/><U116/><E116/><V18/><F120/><W15/><G15/><T128/><D128/><U108/><E108/><V34/><F34/><W84/><G35/><T78/><D78/><U135/><E104/><V65/><F65/><W10/><G43/><T56/><D56/><U107/><E107/><V131/><F131/><W30/><G1/><T114/><D114/><U28/><E135/><V80/><F4/><W25/><G6/><T33/><D33/><U41/><E41/><V109/><F109/><W54/><G44/><T0/><D0/><U24/><E79/><V105/><F105/><W73/><G47/><T91/><D91/><U119/><E119/><V36/><F5/><W72/><G14/><T98/><D98/><U85/><E99/><V89/><F7/><W50/><G25/><T75/><D75/><U46/><E46/><V22/><F90/><W66/><G73/><T127/><D127/><U60/><E58/><V16/><F57/><W48/><G72/><T39/><D39/><U29/><E53/><V96/><F96/><W95/><G66/><RYUUKYOKU ba="0,1" sc="220,15,289,15,270,-15,211,-15" hai0="27,31,32,45,51,52,67,68,88,94,97,121,122" hai1="24,26,28,29,60,61,81,83,85,86,93,101,102" /><INIT seed="3,1,1,3,2,12" ten="235,304,255,196" oya="3" hai0="83,59,37,111,17,112,52,108,115,15,74,40,133" hai1="18,75,67,11,86,46,21,53,25,58,8,118,64" hai2="38,26,93,98,54,113,61,92,94,72,29,69,91" hai3="73,80,71,44,116,114,35,28,87,20,63,22,45"/><W23/><G116/><T1/><D1/><U32/><E75/><V130/><F113/><N who="0" m="43594" /><D133/><U39/><E118/><V14/><F72/><W126/><G114/><T89/><D40/><U4/><E32/><V19/><F38/><W128/><G73/><T134/><D37/><U47/><E86/><V33/><F130/><W31/><G128/><T105/><D105/><U30/><E30/><V85/><F98/><W129/><G129/><T127/><D134/><U120/><E120/><V65/><REACH who="2" step="1"/><F54/><REACH who="2" ten="235,304,245,196" step="2"/><W119/><G119/><T43/><D74/><U66/><E39/><V97/><F97/><W103/><G126/><T101/><D127/><U107/><E107/><V70/><F70/><W95/><G71/><T0/><D108/><U78/><E78/><V49/><F49/><W60/><G63/><T34/><D111/><U124/><E124/><V2/><F2/><W96/><G60/><T79/><D0/><U68/><E68/><V57/><F57/><W36/><G36/><T81/><D79/><U110/><E110/><V7/><F7/><W122/><G122/><T6/><D6/><U76/><E76/><V135/><F135/><W24/><REACH who="3" step="1"/><G31/><REACH who="3" ten="235,304,245,186" step="2"/><T3/><D3/><U106/><E4/><V51/><F51/><W13/><G13/><T16/><D15/><U55/><E55/><V5/><F5/><W109/><G109/><T82/><D52/><U50/><E53/><V99/><F99/><W77/><AGARI ba="1,3" hai="20,22,23,24,28,35,44,45,77,80,87,95,96,103" machi="77" ten="30,3000,0" yaku="1,1,0,1,53,0" doraHai="12" doraHaiUra="131" who="3" fromWho="3" sc="235,-11,304,-11,245,-11,186,63" /><INIT seed="3,2,0,4,2,63" ten="224,293,234,249" oya="3" hai0="131,82,77,87,94,36,45,61,67,27,23,108,11" hai1="1,66,124,59,97,30,132,9,116,103,41,33,72" hai2="85,58,56,64,0,105,118,102,21,26,51,62,7" hai3="13,28,2,123,93,5,86,44,48,92,134,46,121"/><W39/><G2/><T50/><D108/><U81/><E132/><V99/><F118/><W18/><G5/><T127/><D127/><U83/><E124/><V115/><F115/><W25/><G134/><T91/><D131/><U109/><E41/><V34/><F34/><W114/><G114/><T38/><D11/><U78/><E109/><V95/><F0/><W12/><G39/><T71/><D50/><U16/><E81/><V75/><F75/><W42/><G46/><T15/><D15/><U117/><E30/><N who="2" m="17743" /><F105/><W135/><G135/><T106/><D45/><U79/><E79/><V60/><F51/><W29/><G29/><T70/><D70/><U69/><E33/><V68/><F68/><W6/><G6/><T43/><D43/><U24/><E24/><V76/><F7/><W113/><G113/><T14/><D14/><U22/><E69/><V110/><F110/><W73/><G73/><T19/><REACH who="0" step="1"/><D106/><REACH who="0" ten="214,293,234,249" step="2"/><U49/><E49/><V111/><F111/><W84/><G13/><T65/><D65/><U10/><E10/><V57/><F62/><W47/><G44/><T107/><D107/><U90/><E9/><V80/><AGARI ba="2,1" hai="56,57,58,60,64,76,80,85,95,99,102" m="17743" machi="80" ten="30,4000,0" yaku="25,1,8,1,52,1" doraHai="63" who="2" fromWho="2" sc="214,-12,293,-12,234,56,249,-22" /><INIT seed="4,0,0,1,1,104" ten="202,281,290,227" oya="0" hai0="121,55,17,127,59,118,84,122,15,86,116,4,85" hai1="20,81,28,63,7,61,129,73,106,9,133,51,117" hai2="76,11,92,34,26,102,48,45,1,89,36,60,44" hai3="52,5,126,3,53,54,77,22,10,13,0,88,58"/><T75/><D4/><U99/><E117/><V12/><F1/><W94/><G77/><T64/><D64/><U107/><E129/><V23/><F34/><W16/><G126/><T112/><D112/><U90/><E133/><V100/><F60/><W35/><G35/><T78/><D127/><U69/><E51/><V8/><F76/><W41/><G41/><T56/><D78/><U2/><E73/><V50/><F50/><W70/><G70/><T38/><D38/><U97/><E107/><V19/><F8/><W80/><G80/><T105/><D105/><U82/><E106/><V25/><F25/><W39/><G39/><T47/><D47/><N who="2" m="17994" /><F48/><W115/><G115/><T119/><D75/><U96/><E69/><V68/><F68/><W114/><G114/><T83/><D83/><U71/><E90/><V125/><F125/><W98/><G3/><T21/><REACH who="0" step="1"/><D55/><REACH who="0" ten="192,281,290,227" step="2"/><U37/><E37/><V42/><F36/><W130/><REACH who="3" step="1"/><G130/><REACH who="3" ten="192,281,290,217" step="2"/><T120/><AGARI ba="0,2" hai="15,17,21,56,59,84,85,86,116,118,119,120,121,122" machi="120" ten="50,12000,1" yaku="1,1,2,1,0,1,29,2,53,0" doraHai="104" doraHaiUra="43" who="0" fromWho="0" sc="192,140,281,-40,290,-40,217,-40" owari="332,43.2,241,-15.9,250,5.0,177,-32.3" /></mjloggm>