<mjloggm ver="2.3"><GO type="225" lobby="0"/><UN n0="%E6%B4%BE%E9%81%A3%E3%81%AE%E3%82%B8%E3%83%A3%E3%83%83%E3%82%AF" n1="%E5%8D%A0%E3%81%84%E5%B8%AB%E8%A3%8F%E3%81%AA%E3%81%84%E3%81%97" n2="%E7%99%BD%E5%80%89%E5%AF%9B%E4%B9%8B" n3="%E3%81%AF%E3%82%88%E3%81%8A%E3%81%98%E3%81%95%E3%82%93" dan="17,17,16,17" rate="2199.80,2167.55,2189.88,2151.13" sx="M,M,M,M"/><TAIKYOKU oya="0"/><INIT seed="0,0,0,5,2,65" ten="250,250,250,250" oya="0" hai0="8,81,62,74,27,82,110,116,19,2,44,96,22" hai1="26,95,39,124,16,118,10,45,72,121,30,31,123" hai2="47,54,112,129,80,73,4,24,40,89,48,104,100" hai3="55,5,133,57,49,122,109,56,60,3,63,66,86"/><T111/><D116/><U15/><E118/><V14/><F129/><W52/><G109/><N who="0" m="41483" /><D96/><U108/><E108/><V120/><F120/><W6/><G122/><T85/><D74/><U115/><E72/><V25/><F112/><W42/><G133/><T59/><D44/><U71/><E115/><V99/><F73/><W127/><G127/><T114/><D114/><U28/><E124/><V68/><F68/><W103/><G3/><T37/><D37/><U0/><E0/><V79/><F89/><W84/><G42/><T130/><D130/><U1/><E1/><V135/><F135/><W20/><G103/><T64/><D85/><N who="3" m="32873" /><G20/><T46/><D46/><AGARI ba="0,0" hai="5,6,46,49,52,55,56,57,60,63,66" m="32873" machi="46" ten="30,2000,0" yaku="8,1,54,1" doraHai="65" who="3" fromWho="0" sc="250,-20,250,0,250,0,250,20" /><INIT seed="1,0,0,5,2,117" ten="230,250,250,270" oya="1" hai0="18,15,54,67,56,44,16,2,7,43,69,30,60" hai1="51,75,38,104,82,31,100,106,107,105,48,83,32" hai2="28,24,80,45,49,111,36,110,50,8,116,27,65" hai3="127,91,89,118,64,90,41,103,22,35,1,120,19"/><U4/><E38/><V68/><F116/><W20/><G120/><T74/><D74/><U85/><E4/><V109/><F8/><W81/><G35/><T102/><D102/><U79/><E100/><V96/><F96/><W122/><G122/><T98/><D98/><U53/><N who="1" m="26624" /><DORA hai="129" /><U92/><E92/><V130/><F130/><W42/><G1/><T37/><D2/><U66/><E66/><V84/><F36/><W114/><G114/><T126/><D30/><U132/><E132/><V34/><F27/><W108/><G118/><T59/><D126/><U23/><E32/><V11/><F11/><W5/><G5/><T78/><D78/><U71/><E71/><V33/><F33/><W63/><G103/><T77/><D77/><U46/><E48/><V62/><REACH who="2" step="1"/><F45/><REACH who="2" ten="230,250,240,270" step="2"/><W17/><G20/><T76/><D7/><U88/><E23/><V52/><F52/><W93/><G22/><T58/><D54/><U3/><E3/><V99/><F99/><W10/><G10/><T128/><D128/><U21/><REACH who="1" step="1"/><E21/><REACH who="1" ten="230,240,240,270" step="2"/><V112/><F112/><W29/><G29/><AGARI ba="0,2" hai="29,31,46,51,53,75,79,82,83,85,88" m="26624" machi="29" ten="70,12000,1" yaku="1,1,2,1,54,1,53,1" doraHai="117,129" doraHaiUra="87,134" who="1" fromWho="3" sc="230,0,240,140,240,0,270,-120" /><INIT seed="1,1,0,0,5,46" ten="230,380,240,150" oya="1" hai0="11,101,49,26,75,25,36,122,70,135,37,6,89" hai1="88,129,47,67,119,134,22,85,111,48,112,92,2" hai2="76,95,91,9,65,78,10,82,133,118,110,103,126" hai3="45,40,99,16,66,106,64,63,56,30,53,57,1"/><U5/><E112/><V128/><F118/><W15/><G1/><T31/><D75/><U96/><E119/><V68/><F126/><W21/><G30/><T98/><D70/><U125/><E125/><V54/><F133/><W44/><G44/><T83/><D135/><U113/><E113/><V77/><F128/><W104/><G99/><T38/><D122/><U59/><E129/><V105/><F110/><W131/><G131/><T72/><D31/><U58/><E134/><V97/><F68/><W117/><G117/><T29/><D29/><U35/><E35/><V8/><F65/><W62/><REACH who="3" step="1"/><G53/><REACH who="3" ten="230,380,240,140" step="2"/><T12/><D98/><U81/><E2/><V32/><F54/><W17/><G17/><T86/><D101/><U132/><E132/><V107/><F32/><W20/><G20/><T130/><D130/><U71/><E22/><V121/><F121/><W120/><G120/><T60/><D6/><U69/><E5/><V115/><F115/><W55/><G55/><T52/><D52/><N who="1" m="29727" /><E111/><V18/><F18/><W14/><G14/><T24/><D12/><U100/><E67/><V93/><F10/><W7/><G7/><T102/><D11/><U23/><E23/><V123/><F123/><W43/><G43/><T124/><D124/><U41/><E41/><V33/><F33/><W0/><G0/><T116/><D116/><U73/><E96/><N who="2" m="57407" /><F9/><W19/><G19/><T84/><D24/><U42/><E42/><V34/><F8/><W61/><G61/><T109/><D25/><U114/><E114/><V3/><F34/><W51/><AGARI ba="1,1" hai="15,16,21,40,45,51,56,57,62,63,64,66,104,106" machi="51" ten="20,12000,2" yaku="1,1,0,1,7,1,9,1,52,1,54,1,53,0" doraHai="46" doraHaiUra="127" who="3" fromWho="3" sc="230,-31,380,-61,240,-31,140,133" /><INIT seed="2,0,0,3,3,73" ten="199,319,209,273" oya="2" hai0="109,131,42,110,26,6,13,14,54,32,16,132,49" hai1="31,121,91,52,115,66,83,113,35,8,105,133,5" hai2="58,114,85,112,53,17,103,98,86,38,9,79,95" hai3="119,90,25,134,43,99,87,129,68,2,24,70,65"/><V127/><F38/><W19/><G119/><T72/><D72/><U48/><E105/><V63/><F127/><W21/><G2/><T116/><D42/><U1/><E133/><V84/><F114/><W80/><G134/><T135/><D116/><U55/><E121/><V22/><F112/><W108/><G108/><N who="0" m="41579" /><D131/><U3/><E66/><V100/><F9/><W75/><G129/><T122/><D122/><U107/><E107/><V118/><F118/><W77/><G43/><T67/><D67/><U89/><E31/><V51/><F51/><W104/><G25/><T56/><D13/><U28/><E28/><V20/><F20/><W7/><G65/><T41/><D41/><U111/><E35/><V45/><F45/><W88/><G7/><T92/><D92/><U97/><E111/><V57/><F57/><W81/><REACH who="3" step="1"/><G90/><REACH who="3" ten="199,319,209,263" step="2"/><T61/><D6/><U94/><E1/><V33/><F33/><W40/><G40/><T10/><D26/><U117/><E117/><V130/><F130/><W124/><G124/><T101/><D32/><U4/><E5/><V71/><F71/><W44/><G44/><N who="0" m="27943" /><D132/><U126/><E126/><V18/><F103/><AGARI ba="0,1" hai="19,21,24,68,70,75,77,80,81,87,88,99,103,104" machi="103" ten="40,5200,0" yaku="1,1,52,1,54,1,53,0" doraHai="73" doraHaiUra="37" who="3" fromWho="2" sc="199,0,319,0,209,-52,263,62" /><INIT seed="3,0,0,1,1,62" ten="199,319,157,325" oya="3" hai0="63,111,1,69,34,17,103,12,40,133,77,78,112" hai1="7,57,28,124,117,80,120,135,115,25,47,14,83" hai2="88,95,90,122,131,60,0,125,73,53,42,6,114" hai3="102,109,16,8,61,3,64,123,82,26,97,70,32"/><W76/><G123/><T58/><D1/><U87/><E120/><V121/><F73/><W15/><G3/><T27/><D69/><U54/><E115/><V10/><F114/><W94/><G109/><T104/><D111/><U30/><E135/><V85/><F125/><W5/><G32/><T119/><D133/><U66/><E124/><V43/><F131/><W110/><G110/><T50/><D119/><U2/><E2/><V68/><F122/><W130/><G130/><T38/><D38/><U67/><E117/><V9/><F121/><W11/><G26/><T45/><D112/><U23/><E28/><V118/><F118/><W106/><G106/><T22/><D103/><U59/><E47/><V35/><F35/><W71/><G70/><T4/><D104/><U99/><E99/><V129/><F129/><W13/><G82/><N who="1" m="31274" /><E87/><V20/><F90/><W48/><G48/><T116/><D116/><U101/><E101/><V128/><F128/><W126/><G126/><T86/><D86/><U29/><E29/><V127/><F127/><W56/><G71/><T33/><D33/><U79/><E79/><AGARI ba="0,0" hai="5,8,11,13,15,16,56,61,64,76,79,94,97,102" machi="79" ten="40,7700,0" yaku="8,1,52,1,54,1" doraHai="62" who="3" fromWho="1" sc="199,0,319,-77,157,0,325,77" owari="199,-20.1,242,4.2,157,-34.3,402,50.2" /></mjloggm>