<mjloggm ver="2.3"><GO type="225" lobby="0"/><UN n0="%E6%A0%B9%E5%85%83%E3%81%8B%E3%82%89%E5%90%B9%E3%81%A3%E9%A3%9B%E3%81%B6" n1="%E6%A1%9C%E6%B2%A2%E5%A2%A8" n2="%E3%81%A4%E3%81%A3%E3%81%B1%E3%82%8A%E3%83%9D%E3%83%BC%E3%83%AB" n3="%E9%B7%B9%E5%80%89%E6%9D%8F%E9%88%B4" dan="16,17,17,16" rate="2115.10,2185.24,2174.48,2074.41" sx="F,F,M,F"/><TAIKYOKU oya="0"/><INIT seed="0,0,0,0,1,83" ten="250,250,250,250" oya="0" hai0="24,32,59,72,104,134,67,102,58,92,97,63,42" hai1="56,47,129,43,117,61,16,101,50,31,13,130,51" hai2="8,46,71,48,44,90,29,6,132,45,19,131,69" hai3="111,81,52,98,85,116,89,109,94,15,7,93,1"/><T125/><D125/><U35/><E117/><V135/><F131/><W84/><G116/><T126/><D134/><N who="2" m="51242" /><F29/><W86/><G1/><T66/><D126/><U55/><E101/><V23/><F48/><W87/><G52/><T54/><D72/><U103/><E103/><V21/><F90/><N who="3" m="51471" /><G15/><T73/><D73/><U133/><E133/><V22/><F19/><W106/><G7/><T107/><D42/><U49/><E35/><V38/><F38/><W36/><G36/><T121/><D121/><U41/><E31/><V105/><F105/><W118/><G118/><T99/><D99/><U123/><E123/><V74/><F74/><W2/><G2/><AGARI ba="0,0" hai="2,6,8,21,22,23,44,45,46,69,71" m="51242" machi="2" ten="40,1300,0" yaku="20,1" doraHai="83" who="2" fromWho="3" sc="250,0,250,0,250,13,250,-13" /><INIT seed="1,0,0,1,5,110" ten="250,250,263,237" oya="1" hai0="24,35,118,3,71,22,0,18,47,129,20,21,39" hai1="43,120,66,51,135,60,80,65,105,126,119,109,91" hai2="56,95,44,10,46,72,68,41,122,34,1,55,96" hai3="99,90,33,9,4,102,12,107,103,123,70,100,64"/><U124/><E119/><V84/><F122/><W114/><G123/><T6/><D71/><U116/><E116/><V127/><F72/><W113/><G33/><T52/><D39/><U61/><E120/><V111/><F34/><W104/><G90/><T121/><D47/><N who="1" m="26111" /><E105/><V86/><F68/><W101/><REACH who="3" step="1"/><G107/><REACH who="3" ten="250,250,263,227" step="2"/><T117/><D121/><U97/><E109/><V128/><F111/><W49/><G49/><T28/><D118/><U37/><E37/><V79/><F79/><W36/><G36/><T54/><D117/><U88/><E135/><V115/><F128/><W106/><G106/><T67/><D35/><U15/><E124/><V38/><F127/><W2/><G2/><T30/><D3/><U63/><E126/><V53/><F1/><W27/><G27/><T50/><D24/><U74/><E15/><V8/><F38/><W48/><G48/><T83/><D50/><U77/><E91/><V125/><F125/><W17/><G17/><T29/><D18/><U31/><E31/><V81/><F44/><W130/><G130/><T87/><D129/><U40/><E40/><V69/><F46/><W78/><G78/><N who="0" m="46583" /><D0/><U16/><E16/><V73/><F41/><W108/><G108/><T62/><D6/><U11/><E11/><V23/><F10/><W131/><G131/><T92/><D92/><U26/><E26/><V93/><F8/><W13/><G13/><T19/><D19/><U134/><E134/><V45/><F93/><W58/><G58/><N who="0" m="37335" /><D30/><U94/><E77/><V112/><F45/><W132/><G132/><T25/><D29/><U7/><E7/><RYUUKYOKU ba="0,1" sc="250,10,250,10,263,-30,227,10" hai0="20,21,22,25,28,52,54" hai1="60,61,63,65,66,74,80,88,94,97" hai3="4,9,12,64,70,99,100,101,102,103,104,113,114" /><INIT seed="1,1,1,0,2,2" ten="260,260,233,237" oya="1" hai0="100,16,127,8,32,109,75,89,29,6,66,23,0" hai1="36,103,46,95,34,45,135,41,121,52,24,48,1" hai2="133,99,9,43,72,128,77,82,70,22,13,118,18" hai3="17,80,69,26,93,85,126,97,50,68,27,44,81"/><U49/><E121/><V39/><BYE who="0" /><F118/><UN n0="%E6%A0%B9%E5%85%83%E3%81%8B%E3%82%89%E5%90%B9%E3%81%A3%E9%A3%9B%E3%81%B6" /><W15/><G126/><T87/><D75/><U42/><E1/><V14/><F133/><W4/><G69/><T65/><D109/><U111/><E135/><V110/><F110/><W106/><G68/><T125/><D100/><U79/><E111/><V124/><F124/><N who="0" m="47690" /><D29/><U73/><E73/><V19/><F70/><W107/><G107/><T47/><D47/><U57/><E79/><V86/><F128/><W83/><G85/><T115/><D32/><U129/><E129/><V123/><F123/><W96/><G106/><T58/><D58/><U114/><E114/><V30/><F72/><W113/><G113/><T71/><D71/><U7/><E7/><V120/><F120/><W130/><G4/><T56/><D56/><U94/><REACH who="1" step="1"/><E103/><REACH who="1" ten="260,250,233,237" step="2"/><V20/><F77/><W60/><G130/><T119/><D115/><U5/><E5/><V104/><F19/><W131/><G131/><T62/><D119/><U108/><E108/><V76/><F18/><W59/><G17/><T31/><D31/><AGARI ba="1,2" hai="24,31,34,36,41,42,45,46,48,49,52,57,94,95" machi="31" ten="40,12000,1" yaku="1,1,54,1,53,2" doraHai="2" doraHaiUra="40" who="1" fromWho="0" sc="260,-123,250,143,233,0,237,0" /><INIT seed="1,2,0,1,5,83" ten="137,393,233,237" oya="1" hai0="77,123,66,117,116,35,102,45,56,71,13,112,2" hai1="31,96,78,15,65,88,37,72,23,115,103,113,25" hai2="62,93,18,58,49,98,114,126,26,40,121,89,73" hai3="54,81,135,70,67,5,16,76,105,39,90,124,127"/><U75/><E37/><V22/><F121/><W29/><G105/><T109/><D112/><U14/><E65/><V95/><F114/><W118/><G39/><T1/><D109/><U104/><E115/><V41/><F126/><W30/><G5/><T52/><D35/><U0/><E0/><V106/><F106/><W129/><G129/><T86/><D123/><U101/><E113/><V79/><F49/><W132/><G118/><T97/><D117/><U82/><E75/><V51/><F51/><W38/><G38/><T91/><D116/><U128/><E128/><V69/><F69/><W44/><G90/><T20/><D1/><U8/><E103/><V92/><F79/><W87/><G54/><T61/><D2/><U10/><E10/><V46/><F73/><W27/><G44/><T64/><D77/><U108/><E108/><V4/><F4/><W85/><G85/><T131/><D45/><U59/><E59/><V130/><F130/><W11/><G67/><T74/><D74/><U34/><E34/><V36/><REACH who="2" step="1"/><F41/><REACH who="2" ten="137,393,223,237" step="2"/><W122/><G70/><T99/><D71/><U48/><E48/><V53/><AGARI ba="2,1" hai="18,22,26,36,40,46,53,58,62,89,92,93,95,98" machi="53" ten="20,12000,2" yaku="1,1,2,1,0,1,7,1,25,2,53,1" doraHai="83" doraHaiUra="17" who="2" fromWho="2" sc="137,-32,393,-62,223,136,237,-32" /><INIT seed="2,0,0,5,0,18" ten="105,331,359,205" oya="2" hai0="35,44,28,104,122,59,26,7,33,120,15,37,62" hai1="14,25,29,63,135,55,80,103,24,67,38,2,49" hai2="40,30,48,23,61,21,74,66,46,133,47,101,124" hai3="113,0,39,19,130,51,43,118,45,79,97,90,73"/><V115/><F115/><W58/><G118/><T34/><D104/><U129/><E2/><V31/><F74/><W42/><G130/><T9/><D37/><U17/><E38/><V105/><F133/><W32/><G32/><N who="0" m="20503" /><D44/><U78/><E129/><V86/><F124/><W10/><G113/><T87/><D87/><U75/><E135/><V114/><F114/><W108/><G108/><T71/><D59/><U84/><E103/><V16/><F101/><W93/><G43/><T11/><D62/><U41/><E41/><V123/><F105/><W76/><G76/><T20/><D71/><U125/><E125/><V117/><F123/><W22/><G58/><T54/><D54/><U88/><E29/><V53/><F23/><W56/><G56/><T106/><D106/><U85/><E63/><V132/><F117/><W134/><G51/><T12/><D122/><U36/><E67/><V92/><F132/><W127/><G134/><T121/><D120/><U98/><E98/><V94/><F66/><W128/><G127/><T100/><D100/><U112/><E36/><N who="2" m="21767" /><F61/><W99/><G128/><T83/><D83/><N who="1" m="49215" /><E75/><V5/><F86/><N who="3" m="52439" /><G79/><T52/><D52/><U82/><E82/><V111/><F94/><W50/><G73/><T27/><D121/><U68/><E68/><V126/><F92/><W91/><G39/><T110/><D110/><U102/><E102/><V70/><F111/><W57/><G91/><T109/><D109/><U72/><E72/><V60/><F126/><W119/><G57/><T131/><D131/><U6/><E112/><V13/><F5/><N who="3" m="1319" /><G119/><T107/><D107/><RYUUKYOKU ba="0,0" sc="105,-15,331,-15,359,15,205,15" hai2="13,16,21,30,31,47,48,53,60,70" hai3="19,22,42,45,50,97,99" /><INIT seed="2,1,0,2,3,60" ten="90,316,374,220" oya="2" hai0="56,70,20,107,19,53,49,113,12,73,24,52,1" hai1="111,43,54,32,63,96,16,118,64,82,90,75,47" hai2="109,128,42,105,15,34,98,25,61,119,133,115,132" hai3="100,69,110,108,93,23,29,45,36,22,2,121,51"/><V11/><F115/><W37/><G121/><T101/><D73/><U67/><E118/><V10/><F119/><W135/><G2/><T21/><D113/><U91/><E32/><V102/><F128/><W44/><G69/><T134/><D134/><N who="2" m="51818" /><F109/><N who="3" m="42091" /><G135/><T80/><D70/><U131/><E111/><V4/><F42/><N who="3" m="22607" /><G29/><T76/><D1/><U112/><E112/><V130/><F130/><W13/><G13/><T27/><D107/><U55/><E131/><V87/><F87/><W117/><G36/><T50/><D101/><U126/><E126/><V129/><F129/><W65/><G65/><N who="1" m="25162" /><E75/><V57/><F11/><W48/><G48/><T39/><D39/><U88/><E82/><V94/><F25/><W78/><G78/><T31/><D12/><U81/><E81/><V71/><F34/><W18/><G18/><T59/><REACH who="0" step="1"/><D80/><REACH who="0" ten="80,316,374,220" step="2"/><U85/><E85/><V62/><F71/><W46/><G117/><T9/><D9/><U28/><E96/><N who="2" m="61639" /><F57/><W116/><G116/><T38/><D38/><U35/><E91/><AGARI ba="1,1" hai="4,10,15,61,62,91,94,98" m="61639,51818" machi="91" ten="30,1500,0" yaku="20,1" doraHai="60" who="2" fromWho="1" sc="80,0,316,-18,374,28,220,0" /><INIT seed="2,2,0,5,1,37" ten="80,298,402,220" oya="2" hai0="16,17,22,96,119,113,89,54,131,46,65,51,23" hai1="56,30,5,44,71,90,18,3,133,127,87,52,12" hai2="118,36,8,42,53,77,41,1,6,26,116,61,40" hai3="99,20,58,125,14,32,43,110,21,67,111,80,4"/><V70/><F36/><W130/><G32/><T73/><D113/><U83/><E71/><V82/><F26/><W69/><G69/><T62/><D131/><U122/><E133/><V72/><REACH who="2" step="1"/><F53/><REACH who="2" ten="80,298,392,220" step="2"/><W97/><G130/><T19/><D119/><U55/><E55/><V50/><F50/><W134/><G134/><T92/><REACH who="0" step="1"/><D73/><REACH who="0" ten="70,298,392,220" step="2"/><U102/><E122/><V109/><F109/><W129/><G111/><T47/><D47/><U45/><E44/><V66/><AGARI ba="2,2" hai="1,6,8,40,41,42,61,66,70,72,77,82,116,118" machi="66" ten="30,12000,1" yaku="1,1,0,1,52,3,53,0" doraHai="37" doraHaiUra="29" who="2" fromWho="2" sc="70,-42,298,-42,392,146,220,-42" /><INIT seed="2,3,0,4,5,47" ten="28,256,538,178" oya="2" hai0="131,117,69,13,19,34,108,86,48,42,116,10,23" hai1="55,54,111,45,18,122,6,72,66,12,129,15,91" hai2="95,85,65,59,75,41,115,84,125,99,76,130,68" hai3="46,8,11,70,87,110,123,97,83,63,62,106,40"/><V103/><F115/><W33/><G123/><T50/><D69/><U25/><E72/><V3/><F130/><W90/><G33/><T17/><D131/><U93/><E129/><V9/><F125/><W114/><G110/><T102/><D42/><U88/><E111/><V94/><F68/><W100/><G114/><T32/><D102/><U134/><E134/><V5/><F41/><W79/><G70/><T135/><D135/><U67/><E122/><V29/><F29/><W14/><G90/><T53/><D108/><U52/><E45/><V109/><F109/><W39/><REACH who="3" step="1"/><G11/><REACH who="3" ten="28,256,538,168" step="2"/><T35/><D86/><N who="1" m="52375" /><E91/><V120/><F120/><W118/><G118/><N who="0" m="45675" /><D53/><U21/><E25/><AGARI ba="3,1" hai="10,13,17,19,23,25,32,34,35,48,50" m="45675" machi="25" ten="40,5200,0" yaku="12,1,52,2" doraHai="47" who="0" fromWho="1" sc="28,71,256,-61,538,0,168,0" /><INIT seed="3,0,0,1,5,41" ten="99,195,538,168" oya="3" hai0="69,110,24,30,90,100,57,6,28,44,97,103,113" hai1="15,12,68,43,77,82,18,75,80,36,126,120,106" hai2="45,60,89,58,102,119,5,116,21,25,62,109,83" hai3="94,96,70,2,130,26,85,23,112,17,101,52,29"/><W88/><G112/><T4/><D69/><U16/><E68/><V99/><F109/><W13/><G70/><T47/><D110/><U31/><E106/><V34/><F34/><W129/><G2/><T33/><D113/><U107/><E107/><V35/><F35/><W92/><REACH who="3" step="1"/><G52/><REACH who="3" ten="99,195,538,158" step="2"/><T73/><D57/><U56/><E56/><V124/><F58/><W14/><G14/><T76/><D33/><AGARI ba="0,1" hai="13,17,23,26,29,33,85,88,92,94,96,101,129,130" machi="33" ten="40,3900,0" yaku="1,1,54,1,53,0" doraHai="41" doraHaiUra="3" who="3" fromWho="0" sc="99,-39,195,0,538,0,158,49" /><INIT seed="3,1,0,4,4,98" ten="60,195,538,207" oya="3" hai0="121,130,10,117,16,5,67,94,110,50,38,43,111" hai1="78,93,134,20,36,6,60,42,27,92,41,34,29" hai2="52,55,102,105,15,7,63,75,126,113,19,40,82" hai3="96,99,108,0,91,48,49,59,125,72,51,124,21"/><W23/><G0/><T100/><D38/><U30/><E134/><V18/><F113/><W95/><G72/><T79/><D117/><U112/><E112/><V88/><F126/><N who="3" m="48747" /><G108/><T9/><D121/><U65/><E6/><V118/><F75/><W2/><G2/><T132/><D130/><U39/><E78/><V11/><F118/><W28/><G28/><T84/><D132/><U33/><E20/><N who="3" m="7754" /><G99/><T22/><D67/><U35/><E65/><V13/><F13/><W123/><G123/><T74/><D74/><U17/><E17/><V122/><F18/><W131/><G59/><T128/><D128/><AGARI ba="1,0" hai="48,49,51,91,95,96,128,131" m="7754,48747" machi="128" ten="40,2000,0" yaku="18,1" doraHai="98" who="3" fromWho="0" sc="60,-23,195,0,538,0,207,23" /><INIT seed="3,2,0,3,2,107" ten="37,195,538,230" oya="3" hai0="109,32,97,130,122,104,81,62,60,88,123,0,46" hai1="15,57,17,105,67,108,11,129,90,61,70,106,87" hai2="29,118,99,9,131,95,68,19,50,47,103,74,77" hai3="96,102,71,45,8,115,132,128,33,117,63,78,72"/><W65/><G115/><T27/><D0/><U91/><E108/><V89/><F118/><W134/><G117/><T59/><D27/><U64/><E129/><V44/><F68/><W73/><G128/><T121/><D32/><U37/><E37/><V20/><F131/><W5/><G45/><T127/><D46/><U92/><E67/><V41/><F74/><N who="3" m="28779" /><G78/><T1/><D1/><U75/><E70/><V100/><F77/><W7/><G33/><T80/><D59/><U69/><E69/><V43/><F29/><W18/><G18/><T85/><D130/><U56/><E56/><V113/><F9/><W110/><G110/><T4/><D4/><U23/><E75/><V76/><F76/><W111/><G111/><T25/><D25/><U135/><E135/><N who="3" m="51754" /><G8/><T51/><D109/><U125/><E125/><V36/><F113/><W82/><G82/><T66/><D127/><U14/><REACH who="1" step="1"/><E91/><REACH who="1" ten="37,185,538,230" step="2"/><V35/><F35/><W124/><G124/><T101/><D88/><U22/><E22/><V119/><F119/><W98/><G98/><T114/><D97/><U21/><E21/><V58/><F99/><W52/><G52/><T10/><D122/><U31/><E31/><V84/><F89/><W12/><G96/><T34/><D123/><U30/><E30/><V38/><F19/><AGARI ba="2,1" hai="11,14,15,17,19,23,57,61,64,87,90,92,105,106" machi="19" ten="30,2000,0" yaku="1,1,7,1,53,0" doraHai="107" doraHaiUra="48" who="1" fromWho="2" sc="37,0,185,36,538,-26,230,0" owari="37,-46.3,221,-17.9,512,61.2,230,3.0" /></mjloggm>