<mjloggm ver="2.3"><GO type="225" lobby="0"/><UN n0="%E3%81%95%E3%81%8D%E3%81%9F%E3%81%BE%E6%9E%97%E6%AA%8E" n1="%E3%82%B2%E3%82%B9%E8%8C%82%E5%8B%9D" n2="%E3%83%96%E3%83%83%E3%83%91%E3%82%AA%E3%83%96%E3%83%81%E3%82%AD%E3%83%B3" n3="%E3%81%93%E3%81%9F%E3%82%8D%E3%81%86%E3%81%8F%E3%82%93" dan="16,16,16,16" rate="2123.69,2112.29,2138.66,2066.83" sx="M,F,M,M"/><TAIKYOKU oya="0"/><BYE who="1" /><UN n1="%E3%82%B2%E3%82%B9%E8%8C%82%E5%8B%9D" /><INIT seed="0,0,0,4,0,128" ten="250,250,250,250" oya="0" hai0="121,56,22,45,53,8,33,70,24,48,90,103,126" hai1="21,135,38,123,16,102,4,120,36,110,116,47,99" hai2="31,51,14,13,0,20,35,42,79,134,23,106,1" hai3="114,34,89,92,93,26,119,63,18,125,50,127,66"/><T65/><D121/><U68/><E116/><V112/><F106/><W80/><G119/><T37/><D33/><U117/><E117/><V40/><F79/><W122/><G122/><T59/><D103/><U60/><E36/><V61/><F51/><W111/><G114/><T105/><D105/><U129/><E129/><V55/><F55/><W82/><G50/><T32/><D32/><U118/><E118/><V30/><F61/><W76/><G111/><T83/><D126/><N who="3" m="48137" /><G18/><T100/><D100/><U12/><E110/><V54/><F35/><W74/><G82/><T115/><D115/><U71/><E4/><V11/><F54/><W107/><G107/><T52/><D37/><U87/><E87/><V69/><F112/><W78/><G89/><T81/><D70/><U29/><E29/><V67/><F69/><N who="3" m="42207" /><G78/><T27/><D90/><U10/><E71/><V58/><F58/><W25/><G25/><T41/><D65/><U3/><E60/><V75/><F67/><W94/><G94/><T98/><D27/><U6/><E68/><V124/><F124/><W132/><G132/><T17/><D59/><U43/><REACH who="1" step="1"/><E135/><REACH who="1" ten="250,240,250,250" step="2"/><V15/><F134/><W133/><G133/><T85/><D48/><U62/><E62/><V19/><F31/><AGARI ba="0,1" hai="26,31,34,74,76,80,92,93" m="42207,48137" machi="31" ten="30,1000,0" yaku="18,1" doraHai="128" who="3" fromWho="2" sc="250,0,240,0,250,-10,250,20" /><INIT seed="1,0,0,5,0,89" ten="250,240,240,270" oya="1" hai0="26,65,70,61,78,122,49,102,95,100,15,127,14" hai1="108,42,52,36,59,33,57,38,66,118,99,37,110" hai2="73,97,124,135,43,40,77,96,45,101,84,64,54" hai3="121,47,4,17,2,90,44,20,87,119,23,114,107"/><U106/><E33/><V51/><F73/><W0/><G121/><T115/><D115/><U24/><E24/><V132/><F64/><W27/><G114/><T30/><D127/><U29/><E29/><V113/><F113/><W76/><G76/><T19/><D78/><U16/><E16/><V34/><F34/><W46/><G107/><T63/><D122/><U18/><E18/><V5/><F5/><W3/><G119/><T123/><D123/><U86/><E86/><V82/><F124/><W112/><G112/><T71/><D49/><N who="1" m="30863" /><E99/><N who="2" m="37963" /><F101/><W22/><REACH who="3" step="1"/><G4/><REACH who="3" ten="250,240,240,260" step="2"/><T88/><D102/><U9/><E106/><V21/><F135/><W55/><G55/><T83/><D100/><U91/><E118/><V10/><F132/><W68/><G68/><T69/><D69/><U79/><E79/><V48/><F54/><W129/><G129/><T111/><D71/><U120/><E120/><V81/><F77/><W12/><G12/><T53/><D15/><U74/><E74/><V105/><F105/><W6/><G6/><T93/><D53/><U128/><E128/><V130/><F130/><W126/><G126/><T56/><D14/><U80/><E42/><V98/><F40/><W117/><G117/><T92/><D70/><U109/><E66/><V133/><F43/><W75/><G75/><T67/><D67/><U8/><E59/><V116/><F133/><W85/><G85/><T94/><D65/><U7/><E7/><V72/><F84/><W50/><G50/><T134/><D56/><U103/><E103/><V125/><F72/><W104/><G104/><T35/><D134/><RYUUKYOKU ba="0,1" sc="250,-15,240,15,240,-15,260,15" hai1="8,9,36,37,38,80,91,108,109,110" hai3="0,2,3,17,20,22,23,27,44,46,47,87,90" /><INIT seed="1,1,1,0,0,88" ten="235,255,225,275" oya="1" hai0="85,69,128,18,21,112,126,29,124,106,122,120,123" hai1="82,37,115,133,41,98,74,56,71,62,89,118,53" hai2="11,130,83,119,113,43,30,114,68,116,13,1,101" hai3="55,34,5,46,135,58,110,70,39,109,35,19,28"/><U44/><E133/><V15/><F68/><W92/><G135/><T84/><D69/><U72/><E115/><N who="2" m="44043" /><F43/><N who="3" m="22911" /><G70/><T50/><D112/><U6/><E118/><N who="2" m="45099" /><F101/><W14/><G5/><T22/><D128/><U0/><E6/><N who="2" m="1487" /><F83/><W73/><G73/><T9/><D106/><U3/><E71/><V57/><F57/><W67/><G67/><T104/><D104/><U52/><E53/><V134/><F134/><W131/><G131/><T79/><D79/><U93/><REACH who="1" step="1"/><E72/><REACH who="1" ten="235,245,225,275" step="2"/><V108/><F130/><W111/><G55/><T17/><D123/><U45/><E45/><V8/><F108/><W33/><G58/><T60/><D122/><U91/><E91/><V23/><F8/><W64/><G64/><T47/><D9/><U63/><E63/><V90/><F90/><W87/><G110/><T48/><D60/><U40/><E40/><V12/><F30/><W59/><G28/><T86/><D120/><U125/><E125/><N who="0" m="48233" /><D29/><U102/><E102/><V99/><F99/><W97/><G59/><T51/><D47/><U38/><E38/><V4/><F4/><W10/><G87/><T42/><D42/><U27/><E27/><V107/><F107/><W76/><G76/><AGARI ba="1,2" hai="0,3,37,41,44,52,56,62,74,76,82,89,93,98" machi="76" ten="40,12000,1" yaku="1,1,52,1,54,1,53,1" doraHai="88" doraHaiUra="54" who="1" fromWho="3" sc="235,0,245,143,225,0,275,-123" /><INIT seed="1,2,0,5,1,129" ten="235,388,225,152" oya="1" hai0="4,114,103,130,100,80,14,76,8,10,71,13,105" hai1="56,58,121,28,0,125,22,72,37,24,66,113,63" hai2="69,29,79,19,127,104,16,53,107,64,106,51,128" hai3="88,46,59,77,131,54,96,75,36,133,62,34,15"/><U41/><E125/><V123/><F128/><W122/><G131/><T86/><D130/><U81/><E113/><V98/><F123/><W55/><G122/><T118/><D118/><U132/><E132/><V7/><F127/><W67/><G34/><T18/><D114/><U97/><E121/><V117/><F117/><W2/><G2/><T26/><D71/><U85/><E72/><V112/><F112/><W108/><G108/><T43/><D105/><U115/><E115/><V40/><F7/><W17/><G77/><T23/><REACH who="0" step="1"/><D43/><REACH who="0" ten="225,388,225,152" step="2"/><U73/><E41/><V95/><F40/><W116/><G116/><T39/><D39/><U12/><E37/><V65/><F69/><W84/><G36/><T83/><D83/><U44/><E81/><V25/><F106/><W120/><G120/><T110/><D110/><U21/><E73/><V109/><F107/><W94/><G75/><T99/><D99/><U68/><E97/><V45/><F104/><W47/><G133/><T1/><D1/><U134/><E0/><V32/><F109/><W119/><G119/><T6/><AGARI ba="2,1" hai="4,6,8,10,13,14,18,23,26,76,80,86,100,103" machi="6" ten="20,8000,1" yaku="1,1,0,1,7,1,9,1,8,1,53,0" doraHai="129" doraHaiUra="135" who="0" fromWho="0" sc="225,96,388,-42,225,-22,152,-22" /><INIT seed="2,0,0,5,1,30" ten="321,346,203,130" oya="2" hai0="75,14,29,119,128,52,122,123,1,19,47,20,70" hai1="44,66,17,12,59,80,111,129,132,63,39,25,72" hai2="87,124,86,89,36,113,93,115,24,34,33,98,88" hai3="0,133,135,38,37,26,106,9,94,10,96,8,32"/><V95/><F124/><W77/><G77/><T126/><D75/><U16/><E111/><V79/><F36/><W28/><G106/><T6/><D70/><U53/><E132/><V121/><F121/><W131/><G131/><T91/><D126/><U104/><E129/><V49/><F49/><W41/><G0/><T42/><D128/><U74/><E104/><V107/><F79/><W81/><G81/><T78/><D78/><U108/><E108/><V45/><F45/><W58/><G58/><T117/><D91/><U27/><E17/><V54/><F54/><W62/><G62/><T60/><D42/><U50/><E39/><V2/><F2/><W18/><G18/><T112/><D112/><U103/><E103/><V13/><F13/><W35/><G38/><T57/><D47/><U127/><E127/><V43/><F43/><W71/><G71/><T21/><D1/><U65/><E65/><V7/><F7/><W15/><G15/><T69/><D6/><U46/><E46/><V67/><F67/><W109/><G109/><T22/><D69/><U125/><E125/><V76/><F76/><W11/><N who="3" m="2048" /><DORA hai="120" /><W90/><REACH who="3" step="1"/><G32/><REACH who="3" ten="321,346,203,120" step="2"/><T92/><D122/><U3/><E3/><V64/><F107/><W85/><G85/><T31/><D123/><U51/><E80/><V99/><F64/><W68/><G68/><T83/><D83/><U5/><E66/><V134/><F134/><W48/><G48/><T84/><D14/><U73/><E50/><V110/><F110/><W130/><G130/><T55/><D19/><U100/><E16/><V56/><F56/><RYUUKYOKU ba="0,1" sc="321,-15,346,-15,203,15,120,15" hai2="24,33,34,86,87,88,89,93,95,98,99,113,115" hai3="26,28,35,37,41,90,94,96,133,135" /><INIT seed="2,1,1,5,0,84" ten="306,331,218,135" oya="2" hai0="51,100,98,54,59,26,31,126,34,3,35,111,78" hai1="21,132,71,49,90,103,44,42,86,95,47,123,125" hai2="110,25,89,4,102,91,40,29,23,7,133,50,94" hai3="32,96,62,37,33,97,18,9,130,41,82,36,56"/><V39/><F39/><W48/><G130/><T118/><D111/><U16/><E125/><V52/><F133/><W60/><G82/><T108/><D108/><U112/><E132/><V76/><F40/><W64/><G9/><T115/><D115/><U57/><E112/><V109/><F76/><W6/><G18/><T67/><D3/><U114/><E114/><V135/><F135/><W128/><G128/><T55/><D126/><U30/><E123/><V12/><F110/><W116/><G41/><T0/><D0/><U22/><E71/><V70/><F70/><W74/><G48/><T20/><D118/><U79/><E103/><V8/><F4/><W53/><G53/><T27/><D78/><U77/><E44/><N who="2" m="27719" /><F109/><W80/><G80/><T38/><D38/><U11/><E11/><V87/><F87/><W107/><G6/><T93/><D55/><U24/><E57/><V75/><F75/><W65/><G56/><T1/><D1/><U72/><E72/><V19/><F7/><W113/><G113/><T69/><D69/><U122/><E122/><V124/><F124/><W99/><G74/><T17/><REACH who="0" step="1"/><D67/><REACH who="0" ten="296,331,218,135" step="2"/><N who="3" m="25673" /><G116/><T68/><D68/><U63/><E63/><N who="3" m="24106" /><G107/><T46/><D46/><U61/><E61/><V85/><F85/><W43/><G43/><T5/><D5/><U15/><AGARI ba="1,2" hai="15,16,21,22,24,30,42,47,49,77,79,86,90,95" machi="15" ten="20,8000,1" yaku="0,1,7,1,8,1,52,1,54,1" doraHai="84" who="1" fromWho="1" sc="296,-21,331,103,218,-41,135,-21" /><INIT seed="3,0,0,0,0,34" ten="275,434,177,114" oya="3" hai0="38,75,14,110,25,12,108,121,8,78,94,90,65" hai1="95,88,113,6,54,97,36,51,126,125,56,21,33" hai2="83,132,59,27,22,15,20,46,70,44,55,128,103" hai3="76,72,122,109,107,134,119,35,89,99,105,67,50"/><W74/><G35/><T66/><D121/><U69/><E113/><V73/><F70/><W92/><G67/><T53/><D38/><U112/><E112/><V40/><F128/><W30/><G122/><T13/><D8/><U131/><E131/><V43/><F132/><W77/><G30/><T84/><D25/><U42/><E33/><V81/><F103/><W41/><G41/><N who="2" m="15945" /><F73/><N who="3" m="28267" /><G50/><T24/><D24/><U29/><E69/><V86/><F15/><W64/><G64/><T48/><D75/><U16/><E6/><V58/><F58/><W80/><G134/><T28/><D78/><N who="3" m="30313" /><G119/><T10/><D10/><U63/><E51/><N who="2" m="31231" /><F20/><W39/><G39/><T93/><D28/><U62/><E63/><V135/><F135/><W0/><G0/><T32/><D32/><U118/><E118/><V71/><F71/><W1/><G1/><T7/><D7/><U115/><E29/><V60/><F60/><W17/><G17/><T45/><D66/><U18/><E115/><V49/><F49/><W31/><G31/><T130/><D130/><U3/><E3/><V104/><F44/><W61/><G61/><T47/><D47/><N who="1" m="24007" /><E18/><V87/><F46/><W52/><G52/><T116/><D116/><U19/><E19/><V133/><F133/><W23/><G23/><T124/><D65/><U26/><AGARI ba="0,0" hai="16,21,26,54,56,62,88,95,97,125,126" m="24007" machi="26" ten="30,4000,0" yaku="25,1,54,2" doraHai="34" who="1" fromWho="1" sc="275,-10,434,40,177,-10,114,-20" owari="265,6.5,474,57.4,167,-23.3,94,-40.6" /></mjloggm>