<mjloggm ver="2.3"><GO type="225" lobby="0"/><UN n0="%E5%A4%8F%E9%88%B4%E9%88%B4%E5%A4%8F" n1="%E5%B6%BA%E4%B8%8A%E5%92%B2" n2="%72%61%6B%33" n3="%E7%99%BD%E5%80%89%E5%AF%9B%E4%B9%8B" dan="16,16,16,16" rate="2106.17,2104.70,2083.33,2109.39" sx="M,F,M,M"/><TAIKYOKU oya="0"/><INIT seed="0,0,0,2,0,125" ten="250,250,250,250" oya="0" hai0="1,89,4,50,95,102,43,64,85,75,94,15,81" hai1="96,12,107,63,135,72,119,60,88,40,42,116,97" hai2="130,6,18,99,112,73,29,3,129,131,26,98,101" hai3="48,5,128,66,39,30,74,10,51,92,83,47,120"/><T14/><D1/><U106/><E72/><V49/><F112/><W19/><G120/><T108/><D108/><U110/><E12/><N who="0" m="4649" /><D75/><U54/><E54/><V121/><F121/><W38/><G19/><T13/><D102/><U71/><E71/><V0/><F73/><W105/><G105/><T44/><D64/><U127/><E127/><V24/><F6/><W32/><G66/><T84/><D84/><U132/><REACH who="1" step="1"/><E88/><REACH who="1" ten="250,240,250,250" step="2"/><V53/><F18/><W123/><G74/><T113/><D113/><U41/><E41/><V8/><F8/><AGARI ba="0,1" hai="4,8,13,43,44,50,81,85,89,94,95" m="4649" machi="8" ten="30,1500,0" yaku="8,1" doraHai="125" who="0" fromWho="2" sc="250,25,240,0,250,-15,250,0" /><INIT seed="0,1,0,3,0,56" ten="275,240,235,250" oya="0" hai0="44,29,14,84,59,106,1,4,101,89,47,62,128" hai1="31,125,52,51,73,102,36,132,67,12,119,30,116" hai2="25,71,87,77,32,83,120,63,80,55,115,26,78" hai3="11,117,20,0,123,110,94,134,127,33,107,70,96"/><T76/><D1/><U40/><E73/><V72/><F120/><W105/><RYUUKYOKU type="yao9" ba="1,0" sc="275,0,240,0,235,0,250,0" hai3="0,11,20,33,70,94,96,105,107,110,117,123,127,134" /><INIT seed="0,2,0,5,2,27" ten="275,240,235,250" oya="0" hai0="30,49,108,106,74,61,78,22,117,40,3,36,82" hai1="53,59,35,89,103,91,58,66,87,15,121,1,120" hai2="125,7,124,126,29,113,26,115,34,45,101,93,65" hai3="33,50,47,77,80,132,63,111,9,118,76,39,52"/><T16/><D117/><U68/><E1/><V88/><F101/><W71/><G118/><T72/><D72/><U104/><E35/><V0/><F65/><W92/><G111/><T14/><D106/><U23/><E68/><V57/><F57/><W6/><G132/><T21/><D36/><U94/><E89/><V96/><F45/><W51/><G33/><T69/><D3/><U13/><E66/><V17/><F17/><W100/><G39/><T97/><D97/><U67/><E67/><V109/><F109/><W19/><G71/><T102/><D102/><U122/><E23/><V2/><F2/><W99/><G63/><T38/><D38/><U48/><REACH who="1" step="1"/><E59/><REACH who="1" ten="275,230,235,250" step="2"/><V114/><F114/><W5/><G9/><AGARI ba="2,1" hai="0,7,9,26,29,34,88,93,96,113,115,124,125,126" machi="9" ten="40,5200,0" yaku="18,1,52,1,54,1" doraHai="27" who="2" fromWho="3" sc="275,0,230,0,235,68,250,-58" /><INIT seed="1,0,0,3,5,101" ten="275,230,303,192" oya="1" hai0="82,58,63,20,128,121,30,32,7,106,11,119,78" hai1="65,55,129,81,113,2,108,102,56,104,90,24,17" hai2="52,39,37,133,70,6,124,125,50,74,29,44,123" hai3="67,117,87,66,40,35,46,68,75,130,73,127,86"/><U71/><E2/><V53/><F74/><W69/><G35/><T126/><D119/><U1/><E1/><V12/><F29/><W51/><G117/><T111/><D32/><U38/><E38/><N who="2" m="14347" /><F12/><W13/><G13/><T27/><D111/><U109/><E113/><V77/><F77/><W49/><G46/><T45/><D45/><U5/><E5/><V88/><F88/><W10/><G40/><T15/><D126/><N who="2" m="48746" /><F6/><W96/><G127/><T16/><D128/><U122/><E122/><V114/><F123/><W42/><G42/><T62/><D121/><U23/><E129/><V43/><F114/><W116/><G116/><T131/><D63/><N who="1" m="40383" /><E81/><V59/><F133/><W19/><G130/><T112/><D131/><U25/><E90/><V3/><F3/><W134/><G96/><T61/><D62/><N who="1" m="36127" /><E24/><V99/><F99/><W79/><G79/><T105/><D7/><U76/><E76/><V118/><F118/><W100/><G100/><T60/><D61/><U98/><E25/><V97/><F97/><W48/><G19/><T94/><D112/><U93/><E17/><V9/><F70/><W41/><G10/><T8/><D11/><U28/><E28/><V54/><F9/><W115/><G115/><T72/><D94/><U107/><E23/><V85/><F85/><W26/><G26/><T36/><D36/><AGARI ba="0,0" hai="36,43,44,50,52,53,54,59" m="48746,14347" machi="36" ten="30,7700,0" yaku="18,1,34,2,54,1" doraHai="101" who="2" fromWho="0" sc="275,-77,230,0,303,77,192,0" /><INIT seed="2,0,0,4,0,44" ten="198,230,380,192" oya="2" hai0="96,7,11,57,86,79,106,13,49,21,100,22,89" hai1="76,99,70,81,19,91,73,130,9,33,109,63,66" hai2="48,2,6,61,132,27,17,78,32,74,102,37,108" hai3="29,120,12,38,23,82,128,68,95,134,94,103,101"/><V124/><F37/><W39/><G68/><T54/><REACH who="0" step="1"/><D79/><REACH who="0" ten="188,230,380,192" step="2"/><U34/><E76/><V62/><F78/><W52/><G120/><T53/><D53/><U59/><E109/><V121/><F108/><W60/><G128/><T125/><D125/><U18/><E130/><V50/><F124/><W127/><G127/><T114/><D114/><U84/><E73/><V24/><F74/><W80/><G134/><T115/><D115/><U15/><E70/><V77/><F77/><W112/><G112/><T36/><D36/><U41/><E41/><V122/><F132/><W135/><G135/><T129/><D129/><U123/><E123/><V110/><F110/><W117/><G39/><T113/><D113/><U64/><E64/><V87/><F122/><W111/><G38/><T1/><D1/><U92/><E34/><V93/><F2/><W116/><G111/><T67/><D67/><U10/><E33/><V90/><F32/><W118/><G118/><T25/><D25/><U72/><E72/><V65/><F24/><W43/><G117/><T42/><D42/><U40/><E40/><V47/><F27/><W69/><G69/><T58/><D58/><U28/><E28/><V75/><F65/><W46/><G116/><T119/><D119/><U0/><E0/><V98/><F75/><W45/><G29/><T71/><D71/><U126/><E126/><V14/><F121/><W16/><G43/><T56/><D56/><U131/><E131/><V5/><F47/><N who="3" m="17931" /><G52/><T4/><D4/><U26/><E26/><V31/><F31/><W51/><G12/><T8/><D8/><RYUUKYOKU ba="0,1" sc="188,30,230,-10,380,-10,192,-10" hai0="7,11,13,21,22,49,54,57,86,89,96,100,106" /><INIT seed="3,1,1,2,0,64" ten="218,220,370,182" oya="3" hai0="110,13,80,43,131,111,84,82,48,46,108,2,30" hai1="69,14,40,70,117,78,17,5,130,45,135,107,95" hai2="6,11,19,20,63,112,15,125,88,37,92,96,4" hai3="53,65,115,42,1,128,113,134,90,114,56,16,61"/><W101/><G128/><T120/><D131/><U133/><E107/><V97/><F112/><W105/><G134/><N who="1" m="51210" /><E130/><V129/><F129/><W94/><G1/><T62/><D120/><U51/><E117/><V58/><F37/><W74/><G74/><T27/><D2/><U124/><E124/><V99/><F125/><W3/><G3/><T118/><D118/><U87/><E5/><N who="2" m="2155" /><F11/><W93/><G42/><T68/><D13/><U54/><E54/><AGARI ba="1,1" hai="15,19,20,54,58,63,88,92,96,97,99" m="2155" machi="54" ten="30,2000,0" yaku="8,1,54,1" doraHai="64" who="2" fromWho="1" sc="218,0,220,-23,370,33,182,0" owari="218,1.8,197,-20.3,403,50.3,182,-31.8" /></mjloggm>