<mjloggm ver="2.3"><GO type="225" lobby="0"/><UN n0="%E6%9C%88%E5%B3%B6%E5%9F%BA" n1="%4D%2E%61%72%74%65%74%61" n2="%E3%81%A1%E3%82%83%E3%81%93%E3%81%93" n3="%E7%99%BD%E5%80%89%E5%AF%9B%E4%B9%8B" dan="17,16,16,16" rate="2186.70,2189.92,2150.95,2169.77" sx="M,M,F,M"/><TAIKYOKU oya="0"/><INIT seed="0,0,0,1,1,133" ten="250,250,250,250" oya="0" hai0="68,10,112,40,71,64,27,63,61,94,110,69,108" hai1="107,122,41,73,106,88,114,130,99,55,116,85,26" hai2="19,67,79,59,78,62,75,20,39,43,65,25,74" hai3="120,49,125,50,83,77,35,4,104,31,80,42,0"/><T53/><D27/><U3/><E3/><V56/><F39/><W134/><G104/><T96/><D10/><U129/><E41/><V121/><F43/><W30/><G134/><T95/><D96/><U52/><E116/><V32/><F121/><W51/><G120/><T124/><D95/><U38/><E38/><V101/><F101/><W7/><G42/><T45/><D94/><U66/><E122/><V82/><F32/><W48/><G0/><T117/><D117/><U9/><E73/><V111/><F111/><N who="0" m="42538" /><D124/><U123/><E123/><V8/><F8/><W97/><G97/><T34/><D34/><U17/><E66/><V90/><F90/><W127/><G35/><T47/><D112/><U44/><E114/><V87/><F78/><W76/><G50/><N who="0" m="28879" /><D64/><U135/><E135/><V89/><F89/><W115/><G51/><AGARI ba="0,0" hai="40,47,51,61,63,68,69,71" m="28879,42538" machi="51" ten="40,12000,1" yaku="14,1,10,1,34,2" doraHai="133" who="0" fromWho="3" sc="250,120,250,0,250,0,250,-120" /><INIT seed="0,1,0,0,0,55" ten="370,250,250,130" oya="0" hai0="75,51,10,25,44,9,130,23,111,60,66,134,59" hai1="16,90,49,53,98,96,85,115,70,42,32,127,103" hai2="79,11,84,117,106,110,104,126,67,97,13,1,109" hai3="91,52,38,56,30,73,46,54,4,61,118,45,120"/><T129/><D75/><U8/><E127/><V124/><F1/><W41/><G73/><T39/><D39/><U78/><E115/><V81/><F67/><W29/><G118/><T63/><D134/><U116/><E116/><V133/><F117/><W34/><G120/><T94/><D111/><N who="2" m="42506" /><F11/><W12/><G34/><T132/><D132/><U26/><E70/><V20/><F20/><W65/><G91/><T27/><D63/><U21/><E32/><V7/><F7/><W121/><G121/><T74/><D74/><U89/><E42/><V68/><F13/><W48/><REACH who="3" step="1"/><G65/><REACH who="3" ten="370,250,250,120" step="2"/><T87/><D66/><U122/><E122/><V92/><F133/><W2/><G2/><T128/><D128/><U36/><E89/><N who="2" m="55439" /><F68/><W114/><G114/><T43/><D130/><U58/><E78/><V33/><F33/><W76/><G76/><T50/><D129/><U64/><E64/><V82/><F82/><W83/><G83/><T125/><D125/><AGARI ba="1,1" hai="79,81,84,104,106,124,125,126" m="55439,42506" machi="125" ten="30,7700,0" yaku="18,1,14,1,34,2" doraHai="55" who="2" fromWho="0" sc="370,-80,250,0,250,90,120,0" /><INIT seed="1,0,0,3,1,59" ten="290,250,340,120" oya="1" hai0="121,106,35,16,39,82,92,55,101,8,87,134,111" hai1="75,128,79,88,5,20,89,31,1,49,104,36,97" hai2="71,3,90,43,102,69,117,135,130,44,70,109,18" hai3="107,129,119,86,7,98,65,53,114,37,17,19,34"/><U62/><E36/><V61/><F117/><W126/><G37/><T10/><D106/><U2/><E128/><V13/><F109/><W131/><G65/><T63/><D35/><U94/><E104/><V132/><F3/><W47/><G119/><T14/><D39/><U56/><E5/><V50/><F102/><W112/><G86/><T46/><D134/><N who="2" m="51242" /><F90/><W26/><G98/><N who="0" m="59591" /><D121/><U60/><E75/><V0/><F0/><W38/><G53/><T127/><D127/><U80/><E89/><V54/><F130/><N who="3" m="49675" /><G107/><T29/><D29/><U118/><E118/><V68/><F68/><W124/><G47/><T73/><D73/><U23/><E1/><V64/><F54/><W72/><G38/><T66/><D111/><U30/><E2/><V78/><F78/><W57/><G57/><N who="0" m="35263" /><D46/><U27/><E49/><V116/><F116/><W76/><G76/><N who="0" m="46535" /><D66/><U100/><E56/><V81/><F81/><W99/><G99/><T22/><AGARI ba="0,0" hai="8,10,14,16,22" m="46535,35263,59591" machi="22" ten="30,4000,0" yaku="8,1,52,1,54,1" doraHai="59" who="0" fromWho="0" sc="290,40,250,-20,340,-10,120,-10" /><INIT seed="2,0,0,5,0,134" ten="330,230,330,110" oya="2" hai0="18,10,12,102,42,30,82,64,58,37,132,38,110" hai1="54,6,97,39,126,46,106,71,4,74,87,15,16" hai2="89,117,47,100,53,109,9,135,66,24,69,84,130" hai3="26,124,114,49,14,19,133,91,29,112,127,32,52"/><V27/><F117/><W41/><G41/><T7/><D132/><U94/><E74/><V43/><F135/><W73/><G73/><T13/><D110/><U96/><E71/><V44/><F130/><W20/><G133/><T60/><D102/><U72/><E72/><V45/><F109/><W128/><G91/><T81/><D30/><U55/><E126/><N who="3" m="48170" /><G128/><T62/><D42/><U75/><E75/><V2/><F100/><W50/><G50/><T3/><D38/><U123/><E123/><V121/><F43/><W107/><G107/><T85/><D37/><U21/><E39/><V25/><F121/><W36/><G36/><T105/><D105/><U68/><E68/><V17/><F69/><W63/><G63/><T131/><D62/><U23/><E23/><V104/><F104/><W70/><G70/><T108/><D131/><U8/><E106/><V40/><F40/><W61/><G61/><T51/><D51/><N who="1" m="29047" /><E55/><V57/><F66/><W86/><G86/><T120/><D85/><U0/><E87/><V111/><F84/><W92/><G92/><T31/><D120/><U35/><E94/><V11/><F111/><W115/><G114/><T77/><D108/><U116/><E97/><V78/><F89/><W65/><G65/><T88/><D64/><U48/><E96/><V83/><F83/><W118/><G118/><T90/><D82/><U103/><E116/><V99/><F99/><W125/><N who="3" m="48178" /><W34/><DORA hai="113" /><G34/><T101/><D81/><U98/><E35/><V56/><F53/><W119/><G119/><T22/><D90/><U80/><E98/><RYUUKYOKU ba="0,0" sc="330,-10,230,-10,330,-10,110,30" hai3="14,19,20,26,29,32,49,52,112,115" /><INIT seed="3,1,0,1,4,81" ten="320,220,320,140" oya="3" hai0="58,115,72,113,29,99,10,102,118,64,33,63,131" hai1="18,38,84,69,96,40,6,8,124,37,110,2,45" hai2="127,125,66,44,106,130,114,15,88,98,36,123,30" hai3="95,51,117,56,94,27,52,82,132,11,28,75,85"/><W121/><G121/><T134/><D118/><U4/><E110/><V53/><F114/><N who="0" m="43530" /><D72/><U41/><E69/><V133/><F130/><W54/><G117/><T49/><D131/><U62/><E124/><N who="2" m="47691" /><F133/><W70/><G70/><T93/><D134/><U119/><E119/><V78/><F123/><W91/><G132/><T80/><D80/><U103/><E62/><V24/><F78/><W17/><G75/><T135/><D135/><U107/><E84/><V116/><F116/><W34/><REACH who="3" step="1"/><G54/><REACH who="3" ten="320,220,320,130" step="2"/><T47/><D64/><U101/><E101/><V3/><F66/><W86/><G86/><T50/><D102/><U57/><E57/><V12/><F53/><W0/><G0/><T111/><D58/><U126/><E126/><V87/><F3/><W39/><G39/><T31/><D111/><U23/><E2/><V79/><F36/><W97/><G97/><T9/><D99/><U21/><E38/><V42/><F98/><W32/><G32/><T43/><D33/><U16/><E41/><V61/><F42/><W105/><G105/><T100/><D43/><U128/><E128/><V13/><F106/><W108/><G108/><T14/><D50/><U122/><E122/><V20/><F61/><W59/><G59/><T5/><D63/><U67/><E67/><V92/><F44/><W83/><G83/><T89/><D49/><U71/><E71/><V55/><F55/><W22/><G22/><T1/><D47/><U90/><E37/><V65/><F65/><W35/><G35/><T26/><D1/><N who="1" m="15" /><E40/><V48/><F48/><W112/><G112/><T68/><D68/><RYUUKYOKU ba="1,1" sc="320,-15,220,-15,320,15,130,15" hai2="12,13,15,20,24,30,79,87,88,92" hai3="11,17,27,28,34,51,52,56,82,85,91,94,95" /><INIT seed="3,2,1,4,3,64" ten="305,205,335,145" oya="3" hai0="123,25,63,16,26,35,78,127,14,59,82,132,61" hai1="39,12,73,3,120,0,102,109,113,85,76,99,33" hai2="58,87,4,67,106,96,11,48,34,111,86,6,27" hai3="44,69,105,100,45,13,53,77,52,55,135,130,47"/><W15/><G135/><T71/><D123/><U30/><E120/><V89/><F111/><W1/><G130/><T91/><D132/><U115/><E12/><V19/><F34/><W23/><G1/><T24/><D127/><U81/><E109/><V118/><F118/><W7/><G77/><T121/><D121/><U8/><E85/><N who="2" m="32267" /><F106/><W29/><G69/><T21/><D71/><U125/><E39/><V129/><F129/><W72/><G72/><T43/><D43/><U41/><E41/><V31/><F31/><W116/><G116/><T95/><D35/><U10/><E10/><V75/><F75/><W37/><G37/><T65/><D63/><U20/><E20/><N who="2" m="13727" /><F11/><W92/><G105/><T101/><D101/><U110/><E125/><V131/><F131/><W133/><G133/><T60/><D60/><U128/><E102/><V126/><F126/><W108/><G108/><T124/><D124/><U74/><E99/><V36/><F36/><W38/><G38/><T88/><REACH who="0" step="1"/><D95/><REACH who="0" ten="295,205,335,145" step="2"/><U94/><E94/><N who="2" m="56399" /><F67/><W68/><G68/><T18/><D18/><U117/><E110/><V49/><F49/><W51/><G51/><T22/><D22/><U104/><E33/><V119/><F119/><W84/><G7/><T32/><D32/><U114/><E117/><V97/><F4/><W40/><G40/><T98/><D98/><U42/><E42/><V90/><F6/><W5/><G5/><T122/><D122/><U80/><E104/><V83/><F97/><N who="3" m="59431" /><G84/><AGARI ba="2,2" hai="14,16,21,24,25,26,59,61,65,78,82,84,88,91" machi="84" ten="40,8000,1" yaku="1,1,8,1,54,2,53,0" doraHai="64" doraHaiUra="2" who="0" fromWho="3" sc="295,106,205,0,335,0,145,-86" owari="401,50.1,205,-19.5,335,13.5,59,-44.1" /></mjloggm>