<mjloggm ver="2.3"><GO type="225" lobby="0"/><UN n0="%77%72%77%72%77%72%77%72" n1="%6B%75%72%69%73%75" n2="%E6%A1%9C%E8%8A%B1%E9%96%83%E3%80%85" n3="%E7%9A%AE%E3%80%85" dan="17,16,16,16" rate="2188.19,2042.41,2140.03,2154.60" sx="M,F,M,M"/><TAIKYOKU oya="0"/><INIT seed="0,0,0,1,5,120" ten="250,250,250,250" oya="0" hai0="29,48,1,132,42,24,8,87,116,23,129,63,82" hai1="95,28,5,33,118,128,101,59,106,83,68,66,131" hai2="43,39,100,52,121,127,41,102,73,2,111,99,50" hai3="61,103,79,21,35,110,7,22,25,54,58,98,126"/><T78/><D116/><U93/><E118/><V12/><F121/><W3/><G126/><T27/><D129/><N who="1" m="49739" /><E59/><V11/><F127/><W72/><G35/><T74/><D132/><U14/><E83/><V30/><F2/><W4/><G21/><T124/><D124/><U46/><E46/><V122/><F73/><W19/><G3/><T60/><D74/><U55/><E55/><V65/><F39/><W89/><G89/><T91/><D78/><U62/><E14/><V51/><F65/><W67/><G67/><T36/><D36/><U76/><E5/><V125/><F125/><W32/><G32/><T119/><D119/><U40/><E40/><V13/><F52/><W81/><G110/><T96/><D1/><U10/><E10/><V84/><F11/><W77/><REACH who="3" step="1"/><G79/><REACH who="3" ten="250,250,250,240" step="2"/><N who="0" m="46559" /><D8/><U117/><E76/><V90/><F111/><W133/><G133/><T115/><D24/><N who="1" m="18567" /><E117/><V57/><F122/><W97/><G97/><AGARI ba="0,1" hai="62,66,68,93,95,97,101,106" m="18567,49739" machi="97" ten="30,2000,0" yaku="25,1,19,1" doraHai="120" who="1" fromWho="3" sc="250,0,250,30,250,0,240,-20" /><INIT seed="1,0,0,2,1,42" ten="250,280,250,220" oya="1" hai0="36,107,64,75,102,37,129,135,21,93,123,41,88" hai1="18,109,45,96,133,119,6,74,1,118,131,7,76" hai2="99,3,31,47,15,113,24,10,104,22,54,58,61" hai3="85,72,79,80,48,132,77,2,81,11,130,94,55"/><U13/><E1/><V16/><F113/><W12/><G132/><T38/><D135/><U121/><E121/><V66/><F3/><W26/><G130/><T117/><D117/><U30/><E133/><V50/><F104/><W20/><G2/><T59/><D75/><U122/><E122/><V126/><F126/><W27/><G94/><T62/><D123/><U33/><E131/><V127/><F127/><W9/><G20/><T8/><D129/><U92/><E74/><V84/><F84/><W73/><G85/><T87/><D8/><U49/><E76/><V19/><REACH who="2" step="1"/><F99/><REACH who="2" ten="250,280,240,220" step="2"/><W115/><G115/><T5/><D107/><U63/><E119/><V25/><F25/><W40/><G40/><T60/><D41/><U39/><E118/><V105/><F105/><W70/><G70/><T34/><D87/><U23/><E96/><V57/><F57/><W98/><G98/><T110/><D59/><U43/><E43/><V83/><F83/><W125/><G125/><T78/><D93/><U134/><E92/><V114/><F114/><W0/><G0/><T28/><D110/><U86/><E109/><V67/><F67/><W17/><REACH who="3" step="1"/><G11/><REACH who="3" ten="250,280,240,210" step="2"/><T89/><D64/><U97/><E86/><V69/><F69/><W90/><G90/><T51/><D88/><U95/><E97/><V116/><F116/><W35/><G35/><T71/><D89/><U68/><E33/><V56/><F56/><AGARI ba="0,2" hai="9,12,17,26,27,48,55,56,72,73,77,79,80,81" machi="56" ten="30,3900,0" yaku="1,1,7,1,9,1,53,0" doraHai="42" doraHaiUra="112" who="3" fromWho="2" sc="250,0,280,0,240,-39,210,59" /><INIT seed="2,0,0,3,2,41" ten="250,280,201,269" oya="2" hai0="47,27,89,42,87,132,97,135,133,52,12,43,117" hai1="24,107,77,2,57,1,18,102,3,116,78,9,123" hai2="38,64,72,4,63,126,23,121,36,99,93,74,85" hai3="134,130,80,86,68,20,15,55,119,48,111,30,58"/><V129/><F121/><W79/><G119/><T75/><D75/><U73/><E116/><V108/><F126/><W101/><G68/><T6/><D117/><U21/><E123/><V8/><F129/><W26/><G130/><T66/><D66/><U49/><E73/><V76/><F85/><W13/><G111/><T31/><D97/><U92/><E107/><V29/><F108/><W98/><REACH who="3" step="1"/><G134/><REACH who="3" ten="250,280,201,259" step="2"/><T65/><D135/><U105/><E105/><AGARI ba="0,1" hai="13,15,20,26,30,48,55,58,79,80,86,98,101,105" machi="105" ten="30,3900,0" yaku="1,1,2,1,7,1,53,0" doraHai="41" doraHaiUra="67" who="3" fromWho="1" sc="250,0,280,-39,201,0,259,49" /><INIT seed="3,0,0,1,1,47" ten="250,241,201,308" oya="3" hai0="34,82,107,90,44,121,14,68,11,48,89,37,7" hai1="126,63,3,130,100,104,108,73,94,21,10,5,20" hai2="128,31,59,119,52,92,117,61,97,25,15,91,118" hai3="111,70,30,109,53,60,131,103,132,98,40,66,113"/><W45/><G113/><T79/><D121/><U19/><E73/><V129/><REACH who="2" step="1"/><F15/><REACH who="2" ten="250,241,191,308" step="2"/><W23/><G111/><T64/><D14/><U57/><E108/><V96/><F96/><W18/><G109/><T69/><D37/><U72/><E72/><V83/><F83/><W78/><G98/><T54/><D82/><U4/><E130/><V27/><F27/><W115/><G131/><T80/><D80/><U105/><E126/><V8/><F8/><W81/><G81/><T127/><D11/><U2/><E2/><V99/><F99/><W22/><G115/><T135/><D127/><U134/><E3/><V88/><F88/><W49/><G78/><T133/><D90/><U93/><E10/><V85/><F85/><W13/><G13/><T75/><D89/><U116/><E100/><V1/><F1/><W41/><G103/><T58/><D79/><U39/><E39/><V123/><F123/><W87/><G87/><T112/><D75/><U36/><E36/><V114/><F114/><W124/><G124/><T106/><D112/><U55/><E4/><V101/><F101/><W26/><G132/><T65/><D7/><U33/><E5/><V110/><F110/><W32/><G26/><T77/><D77/><U56/><E134/><V24/><F24/><W122/><G122/><T43/><D135/><U17/><E33/><AGARI ba="0,1" hai="25,31,33,52,59,61,91,92,97,117,118,119,128,129" machi="33" ten="40,8000,1" yaku="21,2,54,1,53,2" doraHai="47" doraHaiUra="125" who="2" fromWho="1" sc="250,0,241,-80,191,90,308,0" owari="250,-15.0,161,-33.9,281,8.1,308,40.8" /></mjloggm>