<mjloggm ver="2.3"><GO type="225" lobby="0"/><UN n0="%E4%BF%BA%E3%81%A8%E5%A6%96%E5%A4%A2" n1="%E6%98%93%E5%88%A9%E8%96%A9%E4%BC%AF" n2="%E7%B4%94%E6%BD%94%E3%83%94%E3%83%A9%E3%83%8B%E3%82%A2" n3="%70%68%65%6E%6F%6D%65" dan="16,17,17,16" rate="2224.96,2167.65,2210.98,2159.41" sx="F,F,M,M"/><TAIKYOKU oya="0"/><INIT seed="0,0,0,3,2,11" ten="250,250,250,250" oya="0" hai0="106,60,22,54,61,86,3,121,120,45,119,9,53" hai1="6,125,5,135,132,31,23,104,2,78,63,33,43" hai2="29,35,58,57,7,115,85,122,97,18,92,19,111" hai3="126,107,64,52,1,25,76,109,26,4,46,93,100"/><T32/><D119/><U102/><E78/><V65/><F111/><W112/><G112/><T123/><D106/><U71/><E43/><V8/><F115/><W89/><G109/><T39/><D32/><U40/><E23/><V66/><F85/><W47/><G64/><T17/><D86/><U59/><E59/><V98/><F122/><W42/><G126/><T99/><D99/><N who="1" m="61535" /><E40/><V69/><F29/><W103/><G76/><T96/><D96/><U81/><E81/><V105/><F35/><W131/><G4/><T117/><D117/><U133/><E2/><V28/><F28/><W36/><G1/><T21/><D39/><U0/><E125/><V44/><F44/><W118/><G118/><T128/><D128/><U49/><E49/><V127/><F92/><W51/><G131/><T50/><D3/><U55/><E0/><V90/><F69/><W129/><G107/><T41/><D9/><U56/><E71/><V37/><F8/><W70/><G70/><T72/><D72/><U116/><E116/><V95/><F95/><W30/><G129/><T13/><REACH who="0" step="1"/><D22/><REACH who="0" ten="240,250,250,250" step="2"/><U80/><E80/><V34/><F34/><W10/><G10/><T62/><AGARI ba="0,1" hai="13,17,21,41,45,50,53,54,60,61,62,120,121,123" machi="62" ten="40,12000,1" yaku="1,1,2,1,0,1,52,1,53,0" doraHai="11" doraHaiUra="88" who="0" fromWho="0" sc="240,130,250,-40,250,-40,250,-40" /><INIT seed="0,1,0,3,0,112" ten="370,210,210,210" oya="0" hai0="33,131,134,50,34,89,11,79,15,60,4,43,2" hai1="70,49,132,121,73,17,41,82,1,128,31,45,105" hai2="106,99,87,64,29,66,108,72,109,9,95,111,92" hai3="53,18,40,77,20,28,100,56,118,120,12,25,32"/><T125/><D125/><U84/><E121/><V114/><F114/><W46/><G120/><T86/><D134/><U55/><E105/><V107/><F72/><W23/><G77/><T59/><D131/><U48/><E70/><V113/><F113/><W35/><G100/><T130/><D130/><U26/><E1/><V8/><F87/><W81/><G81/><T13/><D34/><U115/><E115/><V97/><F108/><W127/><G127/><T62/><D33/><U63/><E63/><V129/><F129/><W83/><G83/><T68/><D79/><U58/><E132/><V101/><F101/><W102/><G102/><T71/><D71/><U122/><E122/><V74/><F74/><W0/><G0/><T103/><D103/><U88/><E73/><V27/><F27/><W104/><G104/><T61/><D68/><U69/><E69/><V51/><F51/><W67/><G67/><T30/><D30/><AGARI ba="1,0" hai="8,9,29,30,64,66,92,95,97,99,106,107,109,111" machi="30" ten="25,1600,0" yaku="22,2" doraHai="112" who="2" fromWho="0" sc="370,-19,210,0,210,19,210,0" /><INIT seed="1,0,0,5,1,130" ten="351,210,229,210" oya="1" hai0="71,131,132,53,52,114,101,78,48,61,19,119,60" hai1="15,79,28,84,102,57,18,42,72,77,86,9,24" hai2="39,106,55,128,63,97,12,92,26,66,120,87,112" hai3="33,110,3,122,67,25,127,104,21,43,116,51,73"/><U23/><E102/><V91/><F128/><W93/><G104/><T41/><D131/><U126/><E126/><V49/><F39/><W108/><G73/><T133/><D114/><U95/><E72/><V4/><F120/><W5/><G67/><T36/><D78/><U38/><E38/><V103/><F112/><W1/><G93/><T44/><D101/><U99/><E42/><V54/><F49/><W17/><G43/><T69/><D19/><U94/><E57/><V96/><F96/><W10/><G51/><T115/><D115/><U70/><E70/><N who="0" m="26633" /><D119/><U118/><E118/><V83/><F106/><W89/><G89/><T13/><D13/><U121/><E121/><V64/><F26/><N who="3" m="14639" /><G122/><T6/><D6/><U107/><E107/><V62/><F64/><W8/><G116/><T58/><D61/><N who="2" m="23050" /><F66/><W124/><G8/><AGARI ba="0,0" hai="4,8,12,54,55,83,87,91,92,97,103" m="23050" machi="8" ten="30,1000,0" yaku="8,1" doraHai="130" who="2" fromWho="3" sc="351,0,210,0,229,10,210,-10" /><INIT seed="2,0,0,5,0,10" ten="351,210,239,200" oya="2" hai0="9,0,24,48,72,52,74,92,59,97,54,67,126" hai1="20,34,29,71,109,132,96,107,115,110,25,125,93" hai2="69,124,61,26,2,111,51,70,77,105,128,17,94" hai3="56,3,47,16,75,116,80,58,127,86,41,134,87"/><V98/><F124/><W120/><G116/><T22/><D126/><U130/><E115/><V123/><F123/><W39/><G120/><T44/><D67/><U118/><E118/><V91/><F2/><W89/><G127/><T106/><D106/><U18/><E125/><V112/><F112/><W133/><G3/><T117/><D117/><U53/><E71/><V121/><F121/><W95/><G75/><T65/><D65/><U76/><E107/><V5/><F5/><W36/><G36/><T55/><D9/><U103/><E132/><V49/><F105/><W85/><G56/><T4/><D4/><U11/><E130/><V40/><F77/><W15/><G58/><T33/><D0/><U104/><E11/><V21/><F128/><W32/><G32/><T100/><D33/><U114/><E114/><V78/><F78/><W38/><G38/><T99/><D99/><U83/><E53/><V129/><F129/><W64/><G64/><T42/><REACH who="0" step="1"/><D59/><REACH who="0" ten="341,210,239,200" step="2"/><U101/><E104/><V13/><F69/><W102/><G133/><T108/><D108/><U60/><E110/><V7/><F111/><W119/><G134/><T37/><D37/><U68/><E109/><V66/><F40/><W6/><G6/><T8/><D8/><U19/><E34/><V84/><F98/><N who="3" m="59743" /><G119/><T82/><D82/><U79/><E83/><V135/><F135/><W31/><G31/><AGARI ba="0,1" hai="22,24,31,42,44,48,52,54,55,72,74,92,97,100" machi="31" ten="40,2600,0" yaku="1,1,54,1,53,0" doraHai="10" doraHaiUra="81" who="0" fromWho="3" sc="341,36,210,0,239,0,200,-26" /><INIT seed="3,0,0,0,4,53" ten="377,210,239,174" oya="3" hai0="31,87,75,110,89,134,60,94,114,51,15,42,10" hai1="92,119,17,100,36,123,14,58,104,39,67,30,11" hai2="84,21,127,55,132,61,80,109,22,90,68,77,27" hai3="28,26,133,82,88,73,83,95,50,56,130,74,93"/><W4/><G130/><T102/><D75/><U33/><E123/><V129/><F109/><W5/><G133/><T44/><D110/><U34/><E104/><V117/><F117/><W112/><G112/><T18/><D134/><U8/><E119/><V99/><F129/><W13/><G74/><T91/><D114/><U72/><E72/><V25/><F68/><W57/><G73/><T12/><D31/><U116/><E116/><V9/><F9/><N who="3" m="4263" /><G5/><T108/><D108/><U52/><E67/><V40/><F40/><W86/><G93/><T69/><D69/><U35/><E30/><V54/><F127/><W6/><G6/><N who="0" m="3159" /><D60/><U120/><E11/><V81/><F61/><W59/><G50/><T41/><D41/><U126/><E120/><V131/><F131/><W62/><G62/><T19/><D102/><U45/><E126/><V49/><F49/><W71/><G71/><T113/><D113/><U107/><E107/><V98/><F132/><W7/><G7/><T23/><D18/><U70/><E70/><V103/><F103/><W128/><G128/><T24/><D91/><U38/><E100/><V106/><F106/><W85/><G85/><T79/><D79/><U0/><E0/><V47/><F84/><W118/><G118/><T97/><D87/><U105/><E105/><V65/><F77/><W111/><G111/><T20/><D97/><U121/><E121/><V48/><F48/><W125/><G125/><T29/><D94/><U78/><E92/><V63/><F63/><W46/><G46/><N who="0" m="26071" /><D89/><U16/><E78/><V115/><F115/><W43/><G43/><RYUUKYOKU ba="0,0" sc="377,15,210,-15,239,-15,174,15" hai0="15,19,20,23,24,29,44" hai3="26,28,56,57,59,82,83,86,88,95" /><INIT seed="3,1,0,1,0,35" ten="392,195,224,189" oya="3" hai0="44,118,99,76,100,20,16,107,52,110,42,54,74" hai1="17,62,33,9,133,126,27,19,56,49,12,90,70" hai2="13,48,18,77,10,84,117,91,108,113,128,96,0" hai3="82,81,72,132,39,109,79,101,68,83,50,125,58"/><W130/><G39/><T98/><D118/><U73/><E73/><V115/><F0/><W53/><G125/><T4/><D110/><U89/><E70/><V14/><F108/><W41/><G109/><T131/><D131/><U57/><E126/><V93/><F117/><W34/><G130/><T6/><D76/><U31/><E133/><V105/><F128/><W22/><G132/><T45/><D74/><U78/><E78/><V40/><F105/><W120/><G120/><T75/><D75/><U64/><REACH who="1" step="1"/><E19/><REACH who="1" ten="392,185,224,189" step="2"/><N who="2" m="8631" /><F115/><W32/><G68/><T24/><D99/><U135/><E135/><V66/><F113/><W122/><G122/><T36/><D45/><U112/><E112/><V61/><F77/><W134/><G134/><T43/><D43/><U88/><E88/><V67/><F96/><W121/><G121/><T29/><D29/><U124/><E124/><V51/><F40/><W71/><G71/><T103/><D103/><U92/><E92/><V127/><F127/><W60/><G101/><T97/><D97/><U119/><E119/><V69/><F69/><W3/><G3/><T123/><D123/><U95/><E95/><V80/><F93/><W104/><G104/><T23/><D23/><U21/><E21/><V63/><F66/><W59/><G22/><T38/><D38/><U46/><E46/><V2/><F67/><N who="3" m="39319" /><G72/><T28/><D28/><U30/><E30/><V37/><F37/><W11/><G79/><T116/><D116/><U25/><E25/><V111/><F111/><W87/><G87/><T5/><AGARI ba="1,1" hai="4,5,6,16,20,24,36,42,44,52,54,98,100,107" machi="5" ten="30,4000,0" yaku="0,1,54,2" doraHai="35" who="0" fromWho="0" sc="392,53,185,-11,224,-11,189,-21" owari="445,54.5,174,-22.6,213,1.3,168,-33.2" /></mjloggm>