<mjloggm ver="2.3"><GO type="225" lobby="0"/><UN n0="%E3%81%90%E3%81%A1%E3%82%84%E3%81%BE" n1="%E3%83%96%E3%83%83%E3%83%91%E3%82%AA%E3%83%96%E3%83%81%E3%82%AD%E3%83%B3" n2="%E3%81%BF%E3%81%BF%E3%81%9A" n3="%E3%83%94%E3%83%B3%E3%82%B5%E3%83%AD%E5%BA%97%E5%93%A1" dan="16,16,17,17" rate="2145.06,2138.26,2186.73,2178.34" sx="M,M,M,M"/><TAIKYOKU oya="0"/><INIT seed="0,0,0,2,2,61" ten="250,250,250,250" oya="0" hai0="130,70,1,110,34,36,9,41,84,113,120,97,106" hai1="93,73,14,104,27,51,83,26,94,91,81,3,109" hai2="28,15,46,99,125,98,101,117,22,42,24,33,6" hai3="43,89,74,0,132,54,107,44,64,126,134,131,62"/><T114/><RYUUKYOKU type="yao9" ba="0,0" sc="250,0,250,0,250,0,250,0" hai0="1,9,34,36,41,70,84,97,106,110,113,114,120,130" /><INIT seed="0,1,0,4,2,112" ten="250,250,250,250" oya="0" hai0="66,2,121,81,123,133,22,73,96,110,86,39,26" hai1="104,55,9,3,68,126,119,71,90,88,115,30,12" hai2="89,21,14,19,85,8,51,16,98,37,57,77,50" hai3="134,103,108,48,83,80,43,99,28,76,93,40,131"/><T102/><D39/><U47/><E115/><V92/><F37/><W65/><G108/><T25/><D2/><U97/><E3/><V125/><F125/><W61/><G131/><T5/><D110/><U87/><E126/><V105/><F57/><W124/><G124/><T117/><D117/><U23/><E119/><V44/><F44/><W31/><G134/><T64/><D73/><U69/><E30/><V122/><F122/><W35/><G83/><T79/><D5/><U113/><E23/><V129/><F129/><W18/><G18/><T63/><D133/><U84/><E113/><V100/><REACH who="2" step="1"/><F77/><REACH who="2" ten="250,250,240,250" step="2"/><W54/><G43/><T1/><D123/><U130/><E130/><V72/><F72/><W127/><G40/><T41/><D41/><U52/><E47/><V116/><F116/><W13/><G127/><T20/><D121/><U17/><E69/><V42/><F42/><W74/><G76/><T114/><D114/><U0/><E71/><V29/><F29/><W34/><G31/><T75/><D75/><U45/><E68/><V118/><F118/><W82/><G74/><T91/><D79/><U4/><E45/><V46/><F46/><N who="3" m="27927" /><G28/><N who="0" m="17447" /><D63/><U49/><E49/><V53/><F53/><W6/><G34/><T107/><D64/><U60/><E60/><V58/><F58/><BYE who="2" /><N who="3" m="37047" /><G35/><T38/><D66/><U27/><E52/><V132/><F132/><W94/><G94/><T128/><D128/><U32/><E55/><V56/><F56/><W33/><G33/><T59/><D59/><U24/><E32/><UN n2="%E3%81%BF%E3%81%BF%E3%81%9A" /><V78/><F78/><W36/><G36/><T95/><D38/><RYUUKYOKU ba="1,1" sc="250,-15,250,-15,240,15,250,15" hai2="8,14,16,19,21,50,51,85,89,92,98,100,105" hai3="6,13,80,82,93,99,103" /><INIT seed="1,2,1,2,4,21" ten="235,235,255,265" oya="1" hai0="70,67,76,121,74,28,42,5,98,79,6,71,46" hai1="114,52,59,49,118,50,45,26,32,97,15,20,111" hai2="106,57,44,38,128,122,17,75,119,54,22,93,43" hai3="94,53,72,2,126,99,87,47,129,88,116,80,134"/><U120/><E114/><V10/><F119/><W131/><G2/><T18/><D121/><U3/><E118/><V40/><F122/><W83/><G116/><T7/><D28/><U30/><E120/><V60/><F106/><W110/><G53/><T73/><D98/><U124/><E124/><V9/><F75/><W105/><G47/><T103/><D103/><U81/><E3/><V14/><F128/><N who="3" m="49227" /><G126/><T109/><D109/><U0/><E0/><V89/><REACH who="2" step="1"/><F40/><REACH who="2" ten="235,235,245,265" step="2"/><W123/><G123/><T63/><D74/><U86/><E111/><V35/><F35/><W92/><G110/><T115/><D73/><U61/><E97/><AGARI ba="2,2" hai="9,10,14,17,22,38,43,44,54,57,60,89,93,97" machi="97" ten="30,3900,0" yaku="1,1,7,1,53,1" doraHai="21" doraHaiUra="69" who="2" fromWho="1" sc="235,0,235,-45,245,65,265,0" /><INIT seed="2,0,0,1,1,115" ten="235,190,310,265" oya="2" hai0="58,62,55,102,38,7,109,105,11,13,57,28,75" hai1="127,134,8,15,33,5,50,9,47,94,92,44,40" hai2="93,135,46,122,133,70,72,65,53,83,12,17,23" hai3="104,51,63,116,119,111,14,113,67,73,68,29,121"/><V26/><F122/><W34/><G121/><T132/><D109/><U71/><E127/><V101/><F70/><W36/><G73/><T30/><D75/><U3/><E134/><N who="2" m="51211" /><F65/><W86/><G36/><T64/><D38/><U21/><E71/><V41/><F53/><W90/><G111/><T37/><D37/><U25/><E33/><V6/><F72/><W66/><G66/><T82/><D132/><U118/><E47/><V61/><F61/><W43/><G104/><T87/><D102/><U95/><E118/><V125/><F83/><W48/><G113/><T59/><D105/><U16/><REACH who="1" step="1"/><E94/><REACH who="1" ten="235,180,310,265" step="2"/><V123/><F125/><W114/><G114/><T1/><D1/><U56/><E56/><V98/><F123/><W131/><G119/><T20/><D20/><U84/><E84/><V24/><F6/><AGARI ba="0,1" hai="3,5,6,8,9,15,16,21,25,40,44,50,92,95" machi="6" ten="30,3900,0" yaku="1,1,7,1,54,1,53,0" doraHai="115" doraHaiUra="97" who="1" fromWho="2" sc="235,0,180,49,310,-39,265,0" /><INIT seed="3,0,0,4,3,115" ten="235,229,271,265" oya="3" hai0="37,65,25,63,23,69,113,103,53,76,74,102,108" hai1="27,73,84,70,33,35,15,39,21,20,88,125,130" hai2="95,60,42,77,57,118,67,55,2,59,11,131,43" hai3="64,107,100,119,86,78,96,72,6,66,41,8,34"/><W40/><G34/><T134/><D37/><U92/><E125/><V129/><F77/><W18/><G72/><T24/><D108/><U47/><E130/><N who="2" m="49675" /><F95/><W79/><G18/><T3/><D134/><U109/><E109/><V91/><F91/><W49/><G119/><T46/><D3/><U16/><E73/><V117/><F2/><W87/><G79/><T68/><D113/><U110/><E110/><V94/><F94/><W135/><G135/><T30/><D68/><U51/><E70/><V5/><F11/><W13/><G87/><T112/><D112/><U1/><E1/><V120/><F5/><W48/><G48/><T90/><D90/><U83/><E92/><V9/><F9/><W133/><G133/><T26/><D53/><U10/><E39/><V124/><F120/><W122/><G122/><T75/><D46/><U19/><REACH who="1" step="1"/><E21/><REACH who="1" ten="235,219,271,265" step="2"/><V126/><F124/><W85/><G107/><T98/><D75/><U128/><E128/><V0/><F0/><W97/><G8/><T62/><D62/><U71/><E71/><V29/><F126/><W99/><G86/><T31/><D23/><U123/><E123/><V45/><F117/><W111/><G85/><T50/><D50/><U44/><E44/><V52/><F118/><W12/><G49/><T54/><D74/><U22/><E22/><V56/><F45/><W89/><G111/><T28/><D69/><U38/><E38/><V36/><F36/><W58/><G99/><T82/><D98/><U104/><E104/><V127/><F127/><W4/><G97/><T106/><D106/><U17/><E17/><RYUUKYOKU ba="0,1" sc="235,-10,219,30,271,-10,265,-10" hai1="10,15,16,19,20,27,33,35,47,51,83,84,88" /><INIT seed="4,1,1,3,3,2" ten="225,249,261,255" oya="0" hai0="19,68,35,56,89,111,97,15,48,83,119,132,26" hai1="102,67,49,60,21,75,53,30,85,8,95,42,23" hai2="80,103,7,131,78,82,126,104,61,125,120,74,87" hai3="64,17,93,118,39,66,79,52,133,130,47,107,37"/><T62/><D119/><U43/><E75/><V129/><F61/><W46/><G107/><T11/><D132/><U98/><E8/><V3/><F120/><W124/><G79/><T63/><D111/><U44/><E85/><V81/><F7/><W127/><G93/><T70/><D48/><U58/><E23/><V27/><F27/><AGARI ba="1,1" hai="21,27,30,42,43,44,49,53,58,60,67,95,98,102" machi="27" ten="40,5200,0" yaku="25,2,8,1" doraHai="2" who="1" fromWho="2" sc="225,0,249,65,261,-55,255,0" owari="225,-17.5,314,41.4,206,-29.4,255,5.5" /></mjloggm>