<mjloggm ver="2.3"><GO type="225" lobby="0"/><UN n0="%E3%83%96%E3%83%83%E3%83%91%E3%82%AA%E3%83%96%E3%83%81%E3%82%AD%E3%83%B3" n1="%E6%9D%B1%E9%A2%A8%E3%81%AE%E3%81%8D%E3%82%83%E3%81%B7%E3%81%95%E3%82%93" n2="%E5%91%A8%E6%9D%B1" n3="%E5%B8%86%E7%AB%8B%E5%A4%8F%E8%A1%A3" dan="17,16,16,17" rate="2191.33,2171.69,2200.32,2198.86" sx="M,M,M,M"/><TAIKYOKU oya="0"/><INIT seed="0,0,0,0,5,60" ten="250,250,250,250" oya="0" hai0="93,113,9,105,69,29,59,120,45,112,75,108,125" hai1="114,82,117,79,13,73,78,28,91,24,43,118,54" hai2="41,92,0,62,48,31,40,71,80,65,4,119,72" hai3="34,35,90,22,134,15,37,26,52,36,33,94,51"/><T46/><D120/><U84/><E114/><V107/><F119/><W98/><G134/><T10/><D105/><U95/><E43/><V32/><F92/><W57/><REACH who="3" step="1"/><G15/><REACH who="3" ten="250,250,250,240" step="2"/><T127/><D113/><U121/><E121/><V115/><F115/><W1/><G1/><T8/><D112/><U21/><E78/><V122/><F122/><W19/><AGARI ba="0,1" hai="19,22,26,33,34,35,36,37,51,52,57,90,94,98" machi="19" ten="30,4000,0" yaku="1,1,0,1,54,1,53,0" doraHai="60" doraHaiUra="110" who="3" fromWho="3" sc="250,-20,250,-10,250,-10,240,50" /><INIT seed="1,0,0,4,3,31" ten="230,240,240,290" oya="1" hai0="23,82,51,44,88,127,110,80,6,57,95,123,101" hai1="111,81,41,53,79,48,19,36,125,59,27,130,124" hai2="14,39,105,72,116,58,34,98,28,66,22,113,109" hai3="75,100,61,115,47,128,76,4,91,131,73,122,49"/><U106/><E106/><V21/><F39/><W90/><G122/><T135/><D110/><U103/><E103/><V38/><F38/><W46/><G115/><T0/><D127/><N who="1" m="48715" /><E111/><V10/><F72/><N who="3" m="27723" /><G76/><T8/><D123/><U70/><E70/><V96/><F109/><W33/><G100/><T62/><D135/><U30/><E130/><N who="3" m="49706" /><G4/><T45/><D101/><U20/><E36/><V86/><F113/><W77/><G77/><T67/><D23/><U12/><E41/><V99/><F105/><W93/><G61/><T114/><D114/><U17/><E12/><V97/><F22/><W84/><G33/><T117/><D117/><U102/><E102/><V3/><F116/><W54/><G91/><T42/><REACH who="0" step="1"/><D45/><AGARI ba="0,0" hai="45,46,47,49,54,84,90,93" m="49706,27723" machi="45" ten="30,1000,0" yaku="19,1" doraHai="31" who="3" fromWho="0" sc="230,-10,240,0,240,0,290,10" /><INIT seed="2,0,0,2,4,59" ten="220,240,240,300" oya="2" hai0="38,105,13,122,36,54,10,85,119,135,61,80,8" hai1="117,123,100,77,87,110,45,42,4,15,103,64,60" hai2="93,99,96,91,124,9,111,73,56,126,84,20,49" hai3="30,109,78,6,69,71,65,11,106,48,27,55,130"/><V46/><F73/><W28/><G109/><T47/><D122/><U43/><E123/><V7/><F111/><W90/><G130/><T63/><D105/><U95/><E117/><V129/><F129/><W81/><G106/><T127/><D119/><U88/><E77/><V50/><F20/><W118/><G118/><T22/><D127/><N who="2" m="48682" /><F56/><W14/><G90/><N who="0" m="51495" /><D135/><U107/><E110/><V121/><F121/><W24/><G24/><T113/><D113/><U67/><E67/><V25/><F25/><W128/><G128/><T52/><D36/><U58/><E107/><V17/><F17/><W74/><G65/><T104/><D38/><U68/><E68/><V62/><F62/><N who="0" m="23562" /><D104/><U19/><E4/><V57/><F57/><W83/><G69/><T112/><D112/><U131/><E131/><V94/><F94/><W76/><G71/><T115/><D115/><U98/><E45/><V66/><F66/><W125/><G125/><T32/><D32/><U16/><E19/><V34/><F34/><W82/><G27/><T23/><D8/><N who="1" m="6247" /><E98/><N who="2" m="37419" /><F46/><N who="3" m="28055" /><G74/><T108/><D108/><U79/><E79/><AGARI ba="0,0" hai="6,11,14,28,30,76,78,79,81,82,83" m="28055" machi="79" ten="30,1000,0" yaku="8,1" doraHai="59" who="3" fromWho="1" sc="220,0,240,-10,240,0,300,10" /><INIT seed="3,0,0,3,5,92" ten="220,230,240,310" oya="3" hai0="89,28,11,6,10,76,128,129,19,62,64,47,84" hai1="115,38,25,113,70,108,57,43,41,116,99,54,110" hai2="40,75,58,98,49,132,52,26,125,0,80,37,78" hai3="5,31,3,119,48,85,20,34,131,112,18,14,45"/><W66/><G112/><N who="1" m="43082" /><E25/><V118/><F118/><W97/><G131/><N who="0" m="50251" /><D28/><U9/><E9/><V126/><F0/><W117/><G66/><T135/><D135/><U71/><E99/><V1/><F1/><W2/><G97/><T111/><D111/><N who="1" m="42539" /><E116/><V56/><F132/><W114/><G85/><T79/><D19/><U95/><E95/><V60/><F26/><N who="3" m="18807" /><G3/><N who="0" m="351" /><D11/><U39/><E43/><V61/><F98/><W29/><G29/><T77/><D47/><N who="1" m="23991" /><E39/><V17/><F37/><W30/><G30/><T106/><D106/><U55/><E55/><V93/><F40/><N who="3" m="24615" /><G114/><T68/><D76/><U87/><E87/><V4/><F78/><W51/><G2/><T21/><D21/><U122/><E122/><V13/><F80/><AGARI ba="0,0" hai="62,64,68,77,79,80,84,89" m="351,50251" machi="80" ten="30,1000,0" yaku="19,1" doraHai="92" who="0" fromWho="2" sc="220,10,230,0,240,-10,310,0" owari="230,3.0,230,-17.0,230,-27.0,310,41.0" /></mjloggm>