<mjloggm ver="2.3"><GO type="225" lobby="0"/><UN n0="%E6%B4%BE%E9%81%A3%E3%81%AE%E3%82%B8%E3%83%A3%E3%83%83%E3%82%AF" n1="%E3%81%95%E3%81%8D%E3%81%9F%E3%81%BE%E6%9E%97%E6%AA%8E" n2="%70%6F%69%73%6F%6E%30%32" n3="%E3%82%8F%E3%81%8B%E3%81%B0%2A%E3%82%AC%E3%83%BC%E3%83%AB" dan="17,16,16,16" rate="2185.73,2111.50,2062.38,2079.36" sx="M,M,M,M"/><TAIKYOKU oya="0"/><INIT seed="0,0,0,5,1,125" ten="250,250,250,250" oya="0" hai0="129,49,47,70,28,81,127,16,23,21,42,19,24" hai1="12,88,27,94,134,43,10,51,102,107,8,108,68" hai2="57,91,87,85,117,110,115,99,35,7,17,112,0" hai3="67,18,122,32,75,101,11,22,66,132,1,78,95"/><T72/><D70/><U123/><E68/><V53/><F35/><W9/><G32/><T76/><D127/><U80/><E123/><V71/><F110/><W100/><G122/><T69/><D69/><U25/><E108/><V29/><F29/><W64/><G132/><T61/><D129/><U97/><E134/><V96/><F71/><W113/><G113/><T20/><REACH who="0" step="1"/><D61/><REACH who="0" ten="240,250,250,250" step="2"/><U65/><E65/><V60/><F115/><W79/><G64/><T13/><D13/><U106/><E12/><V84/><F112/><W26/><G1/><T45/><D45/><U37/><E27/><V30/><F117/><W126/><G66/><T131/><D131/><U52/><E25/><V77/><F0/><W14/><G67/><T82/><D82/><U39/><E80/><V59/><F60/><W58/><G126/><T56/><D56/><U93/><E39/><V36/><F59/><W83/><G58/><T128/><D128/><U2/><E37/><V74/><F36/><W48/><G26/><T109/><D109/><U33/><E2/><V133/><F133/><W73/><G83/><T118/><D118/><U89/><E51/><V5/><F57/><W40/><G48/><T46/><D46/><U111/><E111/><V120/><F120/><W44/><G44/><T50/><D50/><U114/><E114/><V63/><F63/><W105/><G14/><T55/><D55/><U98/><E52/><V104/><F53/><W119/><G119/><T130/><D130/><U34/><E43/><V90/><F5/><W135/><G135/><T3/><D3/><U31/><E31/><RYUUKYOKU ba="0,1" sc="240,15,250,15,250,-15,250,-15" hai0="16,19,20,21,23,24,28,42,47,49,72,76,81" hai1="8,10,33,34,88,89,93,94,97,98,102,106,107" /><INIT seed="0,1,1,5,5,30" ten="255,265,235,235" oya="0" hai0="4,52,3,130,127,22,85,5,126,45,17,38,16" hai1="53,68,123,89,12,23,25,93,43,132,41,97,67" hai2="14,84,2,35,82,71,80,7,33,124,1,128,86" hai3="83,15,125,57,18,13,117,70,26,113,54,61,50"/><T95/><D130/><U56/><E123/><V48/><F71/><W102/><G113/><T122/><D122/><U60/><E132/><V98/><F128/><W66/><G117/><T58/><D45/><U106/><E106/><V20/><F48/><W19/><G125/><N who="0" m="47627" /><D38/><U100/><E12/><V44/><F44/><W49/><G102/><T112/><D112/><U46/><E68/><V105/><F124/><W108/><G108/><T69/><D69/><U65/><E89/><V90/><F98/><W115/><G115/><T42/><D42/><N who="1" m="15883" /><E46/><V87/><F105/><W59/><G83/><T135/><D135/><U91/><E100/><V88/><F86/><W11/><G26/><N who="0" m="14663" /><D3/><U118/><E118/><V129/><F129/><W120/><G120/><T28/><D28/><AGARI ba="1,1" hai="23,25,28,53,56,60,65,67,91,93,97" m="15883" machi="28" ten="30,1000,0" yaku="8,1" doraHai="30" who="1" fromWho="0" sc="255,-13,265,23,235,0,235,0" /><INIT seed="1,0,0,1,3,70" ten="242,288,235,235" oya="1" hai0="56,118,74,51,26,99,30,5,119,50,60,86,93" hai1="31,55,94,71,77,87,0,21,65,27,14,105,46" hai2="58,102,103,42,28,112,15,43,16,104,131,96,100" hai3="72,97,82,67,17,75,79,109,1,35,8,95,83"/><U133/><E105/><V57/><F131/><W80/><G35/><T41/><D74/><U61/><E0/><V24/><F112/><W38/><G109/><T129/><D5/><U91/><E133/><V114/><F114/><W73/><G38/><T45/><D129/><U108/><E108/><V135/><F135/><W107/><G67/><T127/><D127/><U89/><E77/><V128/><F128/><W7/><G17/><T37/><D86/><U81/><E14/><V32/><F96/><W123/><G107/><T33/><D118/><U117/><E117/><V125/><F104/><W116/><G116/><T120/><D120/><U115/><E115/><V66/><F125/><W49/><G49/><T69/><D69/><U111/><E111/><V3/><F3/><W11/><G11/><T101/><REACH who="0" step="1"/><D119/><REACH who="0" ten="232,288,235,235" step="2"/><U47/><REACH who="1" step="1"/><E55/><AGARI ba="0,1" hai="26,30,33,37,41,45,50,51,55,56,60,93,99,101" machi="55" ten="30,7700,0" yaku="1,1,2,1,7,1,52,1,53,0" doraHai="70" doraHaiUra="130" who="0" fromWho="1" sc="232,87,288,-77,235,0,235,0" /><INIT seed="2,0,0,3,4,129" ten="319,211,235,235" oya="2" hai0="108,102,23,85,67,49,35,24,78,97,64,66,75" hai1="115,87,130,50,103,37,132,70,92,26,111,4,84" hai2="31,96,33,17,0,127,12,107,104,90,46,94,77" hai3="54,79,58,65,5,41,93,59,48,11,53,99,81"/><V114/><F114/><W3/><G41/><T72/><D108/><U69/><E115/><V105/><F0/><W126/><G126/><T28/><D35/><U121/><E130/><V7/><F7/><W34/><G34/><T8/><D8/><U89/><E37/><V80/><F127/><W47/><G65/><T109/><D109/><U45/><E111/><V18/><F46/><W63/><G47/><T131/><D131/><U82/><E121/><V118/><F118/><W74/><G93/><T113/><D113/><U134/><E4/><V9/><F18/><W38/><REACH who="3" step="1"/><G99/><REACH who="3" ten="319,211,235,225" step="2"/><T101/><D97/><U98/><E26/><V10/><F33/><W71/><G71/><T133/><D64/><U40/><REACH who="1" step="1"/><E87/><REACH who="1" ten="319,201,235,225" step="2"/><V51/><F96/><W91/><G91/><T15/><D85/><U117/><E117/><V44/><F90/><W124/><G124/><T61/><D24/><U110/><E110/><V19/><F107/><W76/><G76/><T21/><D78/><U32/><E32/><V13/><F77/><W30/><G30/><T25/><D25/><U120/><E120/><V16/><F105/><W62/><G62/><T57/><D61/><U116/><E116/><V128/><F104/><W68/><G68/><AGARI ba="0,2" hai="40,45,50,68,69,70,82,84,89,92,98,103,132,134" machi="68" ten="40,5200,0" yaku="1,1,52,2,53,0" doraHai="129" doraHaiUra="119" who="1" fromWho="3" sc="319,0,201,72,235,0,225,-52" /><INIT seed="3,0,0,3,3,9" ten="319,273,235,173" oya="3" hai0="103,115,15,95,117,132,44,133,123,67,21,83,8" hai1="66,92,10,13,70,108,28,125,69,42,93,107,52" hai2="5,19,134,127,47,96,64,71,40,4,59,37,24" hai3="118,22,121,46,80,2,73,62,119,112,6,63,116"/><W86/><G112/><T7/><D117/><U33/><E107/><V129/><F134/><W57/><G121/><T94/><D123/><U14/><E42/><V31/><F129/><W105/><G105/><T51/><D67/><U50/><E33/><V124/><F19/><W84/><G73/><T102/><D21/><U90/><E28/><V104/><F71/><W18/><G6/><T101/><D83/><U114/><E114/><V126/><F64/><W75/><G2/><T0/><D0/><U97/><E66/><V111/><F59/><W130/><G130/><T110/><D110/><U41/><E41/><V72/><F111/><W74/><G46/><T85/><D85/><U23/><E23/><V11/><F11/><W99/><G99/><T30/><D30/><U32/><E32/><N who="2" m="20583" /><F72/><W88/><G86/><T78/><D78/><U100/><E108/><V113/><F113/><W48/><G48/><T106/><D106/><U55/><E55/><V20/><F20/><W131/><G131/><T49/><D49/><U89/><E70/><V60/><F60/><W122/><G122/><T91/><D115/><U17/><E69/><V65/><F65/><W38/><G38/><T43/><D132/><U12/><E90/><V68/><F68/><W36/><G36/><T53/><D133/><U61/><E61/><N who="3" m="23050" /><G57/><T77/><D77/><U39/><E39/><V16/><F104/><W27/><G74/><T135/><D135/><U1/><E1/><V54/><F96/><W79/><G75/><T58/><D91/><U76/><E97/><V29/><F54/><W25/><G88/><RYUUKYOKU ba="0,0" sc="319,15,273,-15,235,-15,173,15" hai0="7,8,15,43,44,51,53,58,94,95,101,102,103" hai3="18,22,25,27,79,80,84,116,118,119" /><INIT seed="3,1,0,5,2,125" ten="334,258,220,188" oya="3" hai0="21,27,45,34,56,12,42,117,83,24,90,46,65" hai1="67,87,121,40,104,7,128,13,20,26,99,81,118" hai2="23,51,38,112,94,5,6,73,8,86,37,103,111" hai3="129,97,132,62,134,4,100,3,61,70,130,113,1"/><W114/><G70/><T127/><D117/><U116/><E121/><V52/><F73/><W55/><G55/><T106/><D106/><U32/><E32/><V105/><F111/><W47/><G47/><T74/><D74/><U88/><E67/><V19/><F112/><N who="3" m="43115" /><G4/><T85/><D127/><U30/><E40/><V33/><F33/><W39/><G39/><T57/><D34/><U84/><E84/><V44/><F6/><W133/><G97/><T16/><D65/><U2/><E2/><N who="3" m="522" /><G100/><T29/><D29/><U69/><E69/><V72/><F72/><W18/><G18/><T123/><D123/><U98/><E98/><V41/><F38/><W122/><G122/><T135/><D45/><U119/><E99/><V10/><F103/><W60/><AGARI ba="1,0" hai="60,61,62,129,130,132,133,134" m="522,43115" machi="60" ten="50,12000,1" yaku="28,2,20,1,52,2" doraHai="125" who="3" fromWho="3" sc="334,-41,258,-41,220,-41,188,123" owari="293,9.3,217,-18.3,179,-32.1,311,41.1" /></mjloggm>