<mjloggm ver="2.3"><GO type="225" lobby="0"/><UN n0="%E4%B8%89%E5%88%86%E5%B0%8F%E5%83%A7" n1="%E3%81%AF%E3%82%88%E3%81%8A%E3%81%98%E3%81%95%E3%82%93" n2="%E5%A4%8F%E9%88%B4%E9%88%B4%E5%A4%8F" n3="%E9%A6%AC%E5%BC%95%E7%81%AB%33" dan="16,17,16,16" rate="2052.47,2137.72,2128.91,2084.08" sx="M,M,F,M"/><TAIKYOKU oya="0"/><INIT seed="0,0,0,5,1,24" ten="250,250,250,250" oya="0" hai0="38,83,98,10,6,43,105,65,135,18,108,82,71" hai1="116,41,77,13,75,55,27,122,39,47,100,35,16" hai2="22,107,52,127,20,128,74,101,9,33,131,7,31" hai3="63,54,21,28,34,14,97,57,69,67,125,25,134"/><T96/><D135/><U115/><E116/><V66/><F74/><W72/><G134/><T23/><D108/><U58/><E122/><V3/><F127/><W2/><G125/><T88/><D71/><U132/><E132/><V91/><F66/><W64/><G2/><T86/><D65/><U45/><E115/><V84/><F33/><W76/><G97/><T109/><D109/><U130/><E130/><N who="2" m="49707" /><F31/><W118/><G118/><T89/><D105/><U53/><E100/><V46/><F101/><W119/><G119/><T112/><D112/><U129/><E129/><V120/><F107/><W30/><G72/><T17/><D38/><U60/><E77/><V93/><F120/><W26/><G76/><T95/><D43/><U121/><E75/><V133/><F133/><W68/><G67/><T106/><D106/><U15/><E121/><V59/><F46/><W36/><G36/><T87/><D95/><U12/><E47/><V78/><F78/><W90/><G90/><T113/><D113/><U48/><E39/><V123/><F123/><W40/><G40/><T29/><D29/><U42/><E35/><V1/><F1/><W5/><REACH who="3" step="1"/><G64/><REACH who="3" ten="250,250,250,240" step="2"/><T99/><REACH who="0" step="1"/><D23/><AGARI ba="0,1" hai="12,13,15,16,23,27,41,42,45,48,53,55,58,60" machi="23" ten="40,2600,0" yaku="8,1,54,1" doraHai="24" who="1" fromWho="0" sc="250,-26,250,36,250,0,240,0" /><INIT seed="1,0,0,4,2,21" ten="224,286,250,240" oya="1" hai0="97,37,18,77,87,12,38,6,115,95,59,131,56" hai1="64,53,126,46,76,52,42,36,65,92,75,107,9" hai2="114,122,55,132,40,33,20,109,3,133,110,103,121" hai3="15,116,81,32,73,5,22,54,69,83,7,108,61"/><U70/><E107/><V79/><F79/><W13/><G32/><T44/><D115/><U41/><E92/><V90/><F40/><W67/><G108/><N who="2" m="41577" /><F55/><W86/><G116/><T82/><D131/><U127/><E9/><V89/><F103/><W30/><G54/><N who="1" m="21098" /><E76/><V106/><F106/><W71/><G22/><T50/><D6/><U99/><E99/><V124/><F33/><W23/><G23/><N who="0" m="11719" /><D37/><N who="1" m="21807" /><E75/><V94/><F3/><W88/><G30/><T134/><D38/><U78/><E78/><V120/><F124/><N who="1" m="47657" /><E70/><V100/><F114/><W45/><G86/><T2/><D2/><U29/><E29/><V135/><F20/><W19/><G73/><T28/><D28/><U8/><E8/><V48/><F48/><W101/><G101/><N who="0" m="60607" /><D134/><U102/><E102/><V11/><F11/><W0/><G0/><T118/><D118/><U14/><E14/><V4/><F4/><W112/><G13/><T105/><D105/><U63/><E63/><V24/><F24/><W84/><G15/><T91/><D77/><U93/><E93/><V34/><F34/><W96/><G5/><T10/><D10/><U47/><AGARI ba="0,0" hai="36,42,47,64,65" m="47657,21807,21098" machi="47" ten="30,11700,0" yaku="18,1,34,2,54,1" doraHai="21" who="1" fromWho="1" sc="224,-39,286,117,250,-39,240,-39" /><INIT seed="1,1,0,0,3,52" ten="185,403,211,201" oya="1" hai0="69,85,64,110,54,40,59,56,109,122,62,121,44" hai1="46,51,23,127,3,108,17,25,9,37,38,47,82" hai2="94,134,22,71,100,48,87,96,112,6,26,30,91" hai3="68,55,95,79,49,119,72,77,86,73,129,104,50"/><U41/><E127/><V125/><F134/><W65/><G104/><T34/><D34/><U117/><E117/><V42/><F125/><W29/><G119/><T27/><D27/><U113/><E113/><V133/><F71/><W21/><G129/><T16/><D16/><U67/><E108/><N who="0" m="41577" /><D85/><U45/><E67/><V15/><F133/><W28/><G21/><T1/><D1/><U76/><E38/><V24/><F112/><W32/><G86/><T118/><D118/><U60/><E60/><V39/><F39/><W98/><G98/><T115/><D115/><U4/><E51/><V10/><F26/><W131/><G131/><T43/><D43/><U124/><E124/><V70/><F70/><W18/><G18/><T114/><D114/><U11/><E9/><V130/><F130/><W111/><G95/><T81/><D81/><U93/><E93/><V61/><F61/><W99/><G111/><T66/><D66/><U7/><E4/><V132/><F132/><W14/><G65/><T107/><D107/><U84/><AGARI ba="1,0" hai="3,7,11,17,23,25,37,41,45,46,47,76,82,84" machi="84" ten="20,2100,0" yaku="0,1,7,1" doraHai="52" who="1" fromWho="1" sc="185,-8,403,24,211,-8,201,-8" /><INIT seed="1,2,0,3,2,25" ten="177,427,203,193" oya="1" hai0="63,79,73,29,93,84,83,74,135,70,57,43,2" hai1="51,110,88,16,132,4,123,131,56,24,125,37,80" hai2="134,47,49,32,126,117,23,5,38,128,7,6,68" hai3="124,85,69,30,97,103,41,71,21,13,18,11,55"/><U26/><E37/><V118/><F32/><W9/><G124/><T99/><D135/><U67/><E123/><V1/><F126/><W90/><G41/><T35/><D2/><U12/><E125/><V33/><F33/><W115/><G115/><T27/><D43/><U39/><E39/><V130/><F1/><W40/><G40/><T122/><D70/><U14/><E131/><N who="2" m="50219" /><F134/><W116/><G116/><T81/><D81/><U111/><E132/><V34/><F34/><W46/><G9/><T60/><D122/><U62/><E51/><V96/><F68/><W86/><G86/><T42/><D42/><U95/><E80/><V114/><F114/><W78/><G78/><T52/><REACH who="0" step="1"/><D63/><REACH who="0" ten="167,427,203,193" step="2"/><U112/><E112/><V75/><F118/><W8/><G71/><T22/><D22/><N who="1" m="11527" /><E111/><V87/><F23/><W108/><G69/><T3/><D3/><U82/><E82/><V59/><F117/><W92/><G108/><T107/><D107/><U54/><E110/><V17/><F38/><W58/><G21/><T109/><D109/><U120/><E120/><V89/><F75/><W94/><G94/><T61/><D61/><U100/><E62/><V31/><F49/><W44/><G92/><T45/><D45/><U129/><E95/><N who="2" m="54719" /><F47/><W36/><G44/><T65/><D65/><U76/><E67/><V106/><F59/><W127/><G46/><T121/><D121/><U101/><E56/><V105/><F106/><W10/><G58/><T113/><D113/><U91/><E129/><V102/><F31/><W77/><G127/><T28/><D28/><U15/><E54/><RYUUKYOKU ba="2,1" sc="167,15,427,-15,203,15,193,-15" hai0="27,29,35,52,57,60,73,74,79,83,84,93,99" hai2="5,6,7,17,96,102,105" /><INIT seed="2,3,1,4,2,96" ten="182,412,218,178" oya="2" hai0="108,97,98,14,60,57,87,31,126,50,74,113,76" hai1="2,35,34,46,6,114,101,48,15,117,4,54,40" hai2="30,68,51,116,8,47,24,53,109,55,107,63,85" hai3="70,78,128,69,0,62,122,13,132,11,134,135,130"/><V123/><F116/><W121/><G78/><T20/><D74/><U18/><E114/><V26/><F123/><N who="3" m="47115" /><G13/><T112/><D108/><U59/><E59/><N who="2" m="35311" /><F68/><N who="3" m="26219" /><G62/><T131/><D126/><U5/><E2/><V75/><F107/><W27/><G27/><T118/><D131/><U7/><E35/><V119/><F75/><W106/><G106/><T72/><D72/><U94/><E34/><V88/><F119/><W28/><G28/><T19/><D118/><U133/><E4/><AGARI ba="3,1" hai="0,4,11,128,130,132,134,135" m="26219,47115" machi="4" ten="40,2600,0" yaku="20,1,23,1" doraHai="96" who="3" fromWho="1" sc="182,0,412,-35,218,0,178,45" /><INIT seed="3,0,0,1,0,103" ten="182,377,218,223" oya="3" hai0="57,87,131,127,22,27,120,13,90,84,6,40,19" hai1="21,53,114,70,123,130,49,68,23,75,74,100,38" hai2="78,94,17,83,79,122,15,134,56,1,95,89,112" hai3="42,61,119,63,20,48,33,9,35,129,81,34,3"/><W37/><G119/><T124/><D120/><U132/><E38/><V7/><F112/><W60/><G37/><T41/><D131/><U26/><E100/><V30/><F30/><W12/><G3/><T99/><D99/><U58/><E114/><V97/><F134/><W65/><G65/><T102/><D102/><U62/><E123/><V47/><F7/><W106/><G106/><T111/><D111/><U93/><E93/><N who="2" m="56495" /><F1/><W55/><G42/><T64/><D87/><U10/><E10/><V54/><F47/><W121/><G121/><T133/><D133/><U113/><E21/><N who="2" m="11455" /><F122/><W29/><G129/><T107/><D107/><U39/><E39/><V126/><F126/><W116/><G116/><T50/><D124/><U0/><E0/><V44/><F44/><W125/><G125/><T77/><D77/><N who="2" m="29194" /><F83/><W5/><G81/><T43/><D127/><U80/><E62/><AGARI ba="0,0" hai="54,56,62,94,95" m="29194,11455,56495" machi="62" ten="30,1000,0" yaku="8,1" doraHai="103" who="2" fromWho="1" sc="182,0,377,-10,218,10,223,0" owari="182,-31.8,367,46.7,228,2.8,223,-17.7" /></mjloggm>