<mjloggm ver="2.3"><GO type="225" lobby="0"/><UN n0="%E3%80%93%E3%81%97%E3%83%BC%E3%82%89%E3%80%93" n1="%70%6F%69%73%75%2D" n2="%4C%4F%4C%49%54%41" n3="%E6%81%A5%E6%99%92%E3%81%97" dan="16,16,16,16" rate="2173.88,2021.91,2213.14,2169.24" sx="M,M,F,M"/><TAIKYOKU oya="0"/><INIT seed="0,0,0,5,5,85" ten="250,250,250,250" oya="0" hai0="19,58,7,123,72,110,49,97,69,70,73,64,102" hai1="86,2,34,75,42,101,100,89,13,135,114,82,48" hai2="5,18,91,113,118,106,132,39,107,50,66,10,67" hai3="104,9,124,33,128,65,23,12,93,111,90,94,41"/><T47/><D123/><U3/><E34/><V121/><F121/><W126/><G33/><T71/><D110/><U119/><E119/><V4/><F39/><W61/><G104/><T22/><D7/><U44/><E75/><V40/><F113/><W24/><G111/><T125/><D125/><U51/><E114/><V81/><F132/><W30/><G128/><T84/><D84/><U87/><E135/><V120/><F118/><W78/><G41/><T38/><D38/><U54/><E3/><V15/><F106/><W55/><G55/><T56/><D56/><U25/><E2/><V133/><F133/><W11/><G94/><T109/><D109/><U0/><E0/><V80/><F107/><W134/><G78/><T77/><D77/><U117/><E25/><V108/><F108/><W37/><G37/><T92/><D58/><U21/><E87/><N who="2" m="50663" /><F81/><W27/><G27/><T96/><D96/><U95/><E82/><V36/><F36/><W16/><G9/><T14/><REACH who="0" step="1"/><D64/><REACH who="0" ten="240,250,250,250" step="2"/><N who="2" m="24618" /><F120/><W115/><G134/><T68/><N who="0" m="17408" /><DORA hai="8" /><T31/><D31/><U112/><E112/><V45/><AGARI ba="0,1" hai="4,5,10,15,18,40,45,50" m="24618,50663" machi="45" ten="30,4000,0" yaku="8,1,52,2" doraHai="85,8" who="2" fromWho="2" sc="240,-20,250,-10,250,50,250,-10" /><INIT seed="1,0,0,4,4,50" ten="220,240,300,240" oya="1" hai0="54,82,105,11,71,95,77,79,40,120,78,92,81" hai1="86,64,10,99,27,34,108,16,74,125,52,59,102" hai2="58,63,97,124,75,91,68,6,103,17,80,4,57" hai3="51,36,1,96,7,13,122,39,101,112,87,127,83"/><U55/><E74/><V114/><F124/><W19/><G122/><T65/><D105/><U85/><E125/><V128/><F128/><W25/><G112/><T42/><D120/><U3/><E108/><V134/><F134/><W93/><G127/><T31/><D71/><U107/><E34/><V56/><F114/><W104/><G104/><T38/><D65/><U106/><E106/><V76/><F91/><W110/><G110/><T48/><D31/><U45/><E3/><V61/><F17/><W116/><G25/><T111/><D11/><U60/><E45/><V35/><F35/><W69/><G69/><T15/><D15/><U29/><E29/><V53/><F68/><W22/><G116/><T73/><D38/><U118/><E118/><V100/><F57/><W12/><G1/><T67/><D67/><U18/><E18/><V119/><F119/><W2/><G2/><T117/><D117/><U23/><REACH who="1" step="1"/><E10/><REACH who="1" ten="220,230,300,240" step="2"/><V28/><F28/><W72/><G72/><T66/><D111/><U44/><E44/><V62/><F4/><W32/><G32/><T90/><D73/><U46/><E46/><V43/><F6/><W84/><G7/><T26/><D40/><U9/><E9/><V37/><F43/><W33/><G33/><T30/><D42/><U109/><E109/><V14/><F75/><W133/><G39/><T131/><D30/><U47/><E47/><V88/><F37/><W98/><G36/><T41/><D41/><U94/><E94/><V20/><F20/><W129/><G22/><T24/><D95/><U113/><E113/><V5/><F5/><RYUUKYOKU ba="0,1" sc="220,-10,230,30,300,-10,240,-10" hai1="16,23,27,52,55,59,60,64,85,86,99,102,107" /><INIT seed="1,1,1,3,2,98" ten="210,260,290,230" oya="1" hai0="96,124,11,64,109,82,131,8,34,6,95,66,69" hai1="85,36,130,125,58,116,81,78,107,83,1,101,62" hai2="41,20,24,123,80,4,117,122,29,14,10,27,134" hai3="67,16,70,12,97,111,68,77,50,119,57,19,133"/><U79/><E116/><V102/><F117/><W30/><G111/><T40/><D34/><U51/><E36/><V60/><F41/><W9/><G119/><T42/><D109/><U48/><E1/><V17/><F80/><W87/><G133/><T120/><D124/><U63/><E125/><V103/><F134/><W110/><G110/><T52/><D131/><U21/><E130/><V23/><REACH who="2" step="1"/><F60/><REACH who="2" ten="210,260,280,230" step="2"/><N who="3" m="38287" /><G70/><T106/><D69/><U121/><E63/><V135/><F135/><W86/><G68/><T71/><D71/><U65/><E121/><AGARI ba="1,2" hai="4,10,14,17,20,23,24,27,29,102,103,121,122,123" machi="121" ten="40,5200,0" yaku="1,1,52,2,53,0" doraHai="98" doraHaiUra="37" who="2" fromWho="1" sc="210,0,260,-55,280,75,230,0" /><INIT seed="2,0,0,4,4,70" ten="210,205,355,230" oya="2" hai0="55,7,43,22,94,67,13,120,102,114,105,56,34" hai1="53,36,39,86,87,82,14,2,23,112,12,27,71" hai2="32,123,38,49,101,37,24,88,20,40,0,99,60" hai3="48,126,98,4,124,79,118,31,106,9,85,122,96"/><V1/><F32/><W26/><G118/><T45/><D34/><U119/><E2/><V74/><F74/><W113/><G113/><T131/><D114/><U72/><E119/><V54/><F123/><W29/><G122/><T133/><D105/><U62/><E72/><V90/><F60/><W64/><G64/><T77/><D67/><U104/><E104/><V18/><F0/><W80/><G48/><T93/><D133/><U5/><E71/><V47/><F1/><N who="3" m="143" /><G106/><T46/><D131/><U28/><E112/><V75/><F75/><W116/><G31/><T117/><D102/><U125/><E87/><V111/><F111/><W121/><G116/><T58/><D77/><U97/><E97/><V17/><F18/><W109/><G121/><T115/><D115/><U83/><E83/><V30/><F17/><W76/><G76/><T15/><D22/><U134/><E134/><V10/><F10/><W6/><G6/><T110/><D110/><U57/><E125/><N who="3" m="48234" /><G109/><T33/><D33/><AGARI ba="0,0" hai="26,29,33,79,80,85,96,98" m="48234,143" machi="33" ten="30,1000,0" yaku="18,1" doraHai="70" who="3" fromWho="0" sc="210,-10,205,0,355,0,230,10" /><INIT seed="3,0,0,4,5,93" ten="200,205,355,240" oya="3" hai0="12,75,66,111,3,115,76,106,19,105,131,47,50" hai1="123,95,64,82,36,26,80,132,1,124,53,4,86" hai2="29,43,114,25,74,44,78,88,104,42,13,8,38" hai3="45,41,79,7,113,92,5,27,69,65,96,60,85"/><W125/><G113/><T128/><D3/><U87/><E36/><V134/><F104/><W135/><G125/><T59/><D115/><U126/><E64/><V31/><F114/><W52/><G135/><T40/><D111/><U97/><E4/><V62/><F134/><W6/><G27/><T33/><D33/><U22/><E1/><V102/><F102/><W119/><G119/><T61/><D76/><U89/><E123/><V11/><F43/><W83/><G41/><T68/><D75/><U120/><E120/><V21/><F8/><W34/><G34/><T28/><D28/><U2/><E2/><V109/><F109/><W57/><G45/><T54/><D131/><U14/><E14/><V49/><F38/><W122/><G122/><T18/><D128/><U94/><E132/><V130/><F62/><W117/><G117/><T56/><D56/><U118/><E118/><V73/><F130/><W81/><G81/><N who="1" m="31338" /><E53/><V16/><F78/><W20/><G20/><N who="0" m="11335" /><D19/><N who="1" m="12639" /><E95/><V46/><F31/><W98/><REACH who="3" step="1"/><G92/><REACH who="3" ten="200,205,355,230" step="2"/><T116/><D116/><U103/><E126/><V101/><F46/><W90/><G90/><T112/><D112/><U127/><E124/><V39/><F88/><W77/><G77/><T37/><AGARI ba="0,1" hai="37,40,47,50,54,59,61,66,68,105,106" m="11335" machi="37" ten="30,1100,0" yaku="24,1" doraHai="93" who="0" fromWho="0" sc="200,21,205,-3,355,-3,230,-5" owari="221,-17.9,202,-29.8,352,45.2,225,2.5" /></mjloggm>