<mjloggm ver="2.3"><GO type="225" lobby="0"/><UN n0="%E3%83%A9%E3%83%BC%E3%83%A1%E3%83%B3%E4%BA%94%E9%83%8E" n1="%70%68%65%6E%6F%6D%65" n2="%33%74%72%65%65" n3="%E3%81%BF%E3%81%BF%E3%81%9A" dan="16,16,17,18" rate="2082.00,2169.13,2196.06,2201.87" sx="M,M,F,M"/><TAIKYOKU oya="0"/><INIT seed="0,0,0,4,4,46" ten="250,250,250,250" oya="0" hai0="4,118,33,102,117,134,125,107,91,67,56,99,43" hai1="113,0,49,126,77,94,120,26,13,6,78,75,29" hai2="119,37,123,58,66,36,57,80,7,59,5,96,21" hai3="28,25,98,110,122,129,90,24,121,115,92,48,114"/><T132/><D33/><U87/><E120/><N who="3" m="46186" /><G129/><T130/><D130/><U62/><E126/><V39/><F123/><W106/><G110/><T20/><D125/><U103/><E0/><V22/><F66/><W111/><G111/><T85/><D4/><U47/><E75/><V16/><F119/><W68/><G68/><T131/><D131/><U100/><E62/><V9/><F80/><W45/><G106/><T72/><D72/><U35/><E113/><N who="3" m="43018" /><G28/><T93/><D43/><AGARI ba="0,0" hai="24,25,43,45,48,90,92,98" m="43018,46186" machi="43" ten="30,2000,0" yaku="13,1,52,1" doraHai="46" who="3" fromWho="0" sc="250,-20,250,0,250,0,250,20" /><INIT seed="1,0,0,4,2,39" ten="230,250,250,270" oya="1" hai0="94,29,9,48,126,78,45,131,91,83,118,30,23" hai1="36,84,121,63,122,22,28,104,4,70,33,21,124" hai2="111,127,114,135,100,31,1,107,69,110,68,64,61" hai3="106,85,93,67,108,20,50,60,133,103,37,32,6"/><U3/><E104/><V34/><F68/><W65/><G32/><T96/><D118/><U7/><E36/><V10/><F135/><W113/><G37/><T44/><D126/><U2/><E84/><V59/><F59/><W112/><G106/><T16/><D131/><U72/><E63/><V11/><F127/><W62/><G133/><T38/><D9/><U41/><E72/><V130/><F130/><W26/><G6/><N who="1" m="2090" /><E41/><V109/><F1/><N who="1" m="9" /><E70/><V25/><F114/><W19/><G113/><T14/><D38/><U79/><E79/><V55/><F55/><W5/><G112/><T92/><D92/><U54/><E54/><V51/><F51/><W77/><G5/><T46/><REACH who="0" step="1"/><D48/><REACH who="0" ten="220,250,250,270" step="2"/><U58/><E124/><V89/><F10/><W53/><G93/><T66/><D66/><U90/><E121/><V125/><F11/><W71/><G65/><T18/><D18/><U134/><E122/><V105/><F125/><W128/><G128/><T52/><D52/><U99/><E134/><V12/><F107/><W123/><G123/><T81/><D81/><U17/><E17/><V43/><F105/><W101/><G50/><T119/><D119/><U42/><E42/><V87/><F43/><W102/><G53/><T117/><D117/><U95/><E99/><V49/><F49/><W13/><G62/><T116/><D116/><U75/><E95/><V0/><F0/><W15/><G108/><T76/><D76/><U73/><E90/><V120/><F120/><W88/><G77/><T24/><D24/><N who="1" m="18567" /><E58/><V132/><F132/><W74/><G74/><AGARI ba="0,1" hai="14,16,23,29,30,44,45,46,74,78,83,91,94,96" machi="74" ten="40,2600,0" yaku="1,1,54,1,53,0" doraHai="39" doraHaiUra="35" who="0" fromWho="3" sc="220,36,250,0,250,0,270,-26" /><INIT seed="2,0,0,0,3,53" ten="256,250,250,244" oya="2" hai0="31,62,70,123,42,50,78,127,98,26,135,57,67" hai1="91,4,99,10,75,24,29,72,27,44,58,115,36" hai2="103,100,131,30,60,2,14,86,95,76,116,71,110" hai3="111,55,82,19,13,64,49,41,90,74,93,21,48"/><V35/><F116/><W133/><G111/><T104/><D123/><U108/><E115/><V9/><F2/><W15/><G133/><T114/><D114/><U117/><E117/><V17/><F110/><W129/><G129/><T8/><D135/><U124/><E108/><V73/><F131/><W97/><G64/><T121/><D121/><U18/><E124/><V94/><F35/><W34/><G34/><T69/><D127/><U52/><E36/><V59/><F71/><W112/><G112/><T51/><D78/><U0/><E44/><V102/><F30/><W66/><G66/><T6/><D70/><U20/><E91/><V37/><F73/><W105/><G105/><T22/><D69/><U89/><E89/><V83/><REACH who="2" step="1"/><F37/><REACH who="2" ten="256,250,240,244" step="2"/><W40/><G74/><T109/><D109/><U7/><E75/><V119/><F119/><W61/><G82/><T16/><D31/><U107/><E72/><V134/><F134/><W1/><G1/><T101/><REACH who="0" step="1"/><D42/><REACH who="0" ten="246,250,240,244" step="2"/><U12/><E29/><V32/><F32/><W118/><G118/><T47/><D47/><U96/><E0/><AGARI ba="0,2" hai="0,6,8,16,22,26,50,51,57,62,67,98,101,104" machi="0" ten="30,8000,1" yaku="1,1,7,1,52,1,54,1,53,1" doraHai="53" doraHaiUra="33" who="0" fromWho="1" sc="246,100,250,-80,240,0,244,0" /><INIT seed="3,0,0,4,2,5" ten="346,170,240,244" oya="3" hai0="18,48,81,112,64,26,37,124,105,128,118,80,93" hai1="30,38,47,123,76,65,28,4,10,21,60,131,49" hai2="122,126,98,9,43,52,41,82,44,2,72,99,120" hai3="88,79,24,73,92,66,12,39,13,15,19,22,134"/><W85/><G134/><T125/><D105/><U55/><E131/><V109/><F109/><W95/><G39/><T69/><D118/><U0/><E123/><N who="2" m="47147" /><F126/><N who="0" m="48746" /><D128/><U107/><E107/><V116/><F116/><W117/><G117/><T133/><D133/><U129/><E129/><V102/><F52/><W20/><G66/><T119/><D112/><U17/><E76/><N who="2" m="44295" /><F102/><W46/><G46/><T57/><D37/><U31/><E38/><N who="2" m="21559" /><F43/><W91/><G73/><T25/><D69/><U90/><E90/><V23/><F23/><W67/><G67/><T8/><D93/><U51/><E51/><V103/><F103/><W108/><G108/><T40/><D40/><U53/><E53/><V61/><F61/><W56/><G56/><T130/><D130/><U58/><REACH who="1" step="1"/><E30/><REACH who="1" ten="346,160,240,244" step="2"/><V54/><F54/><W86/><G79/><T6/><D119/><U27/><AGARI ba="0,1" hai="0,4,10,17,21,27,28,31,47,49,55,58,60,65" machi="27" ten="20,12000,2" yaku="1,1,2,1,0,1,7,1,52,1,53,1" doraHai="5" doraHaiUra="50" who="1" fromWho="1" sc="346,-30,160,130,240,-30,244,-60" owari="316,41.6,290,9.0,210,-19.0,184,-31.6" /></mjloggm>