<mjloggm ver="2.3"><GO type="225" lobby="0"/><UN n0="%E6%9D%B1%E9%A2%A8%E3%81%AE%E3%81%8D%E3%82%83%E3%81%B7%E3%81%95%E3%82%93" n1="%E6%80%AA%E3%81%97%E3%81%99%E3%81%8E%E3%82%8B%E3%83%81%E3%83%BC" n2="%E3%81%95%E3%81%8D%E3%81%9F%E3%81%BE%E6%9E%97%E6%AA%8E" n3="%E3%83%A9%E3%83%BC%E3%83%A1%E3%83%B3%E4%BA%94%E9%83%8E" dan="16,16,16,16" rate="2183.52,2083.42,2105.24,2160.87" sx="M,M,M,M"/><TAIKYOKU oya="0"/><INIT seed="0,0,0,5,0,26" ten="250,250,250,250" oya="0" hai0="134,128,58,5,66,116,81,3,53,0,27,62,109" hai1="30,97,125,122,88,117,47,7,25,22,83,11,132" hai2="100,112,103,102,28,120,70,33,129,17,67,43,59" hai3="131,85,77,34,107,54,114,89,68,98,38,36,37"/><T90/><D116/><U96/><E122/><V86/><F112/><W45/><G114/><T108/><D5/><U55/><E117/><V57/><F120/><W126/><G34/><T71/><D27/><U111/><E111/><N who="0" m="42569" /><D134/><U51/><E125/><V23/><F70/><W69/><G126/><T127/><D127/><U39/><E39/><V95/><F129/><W133/><G133/><T15/><D15/><N who="1" m="5631" /><E132/><V52/><F43/><W78/><G131/><T73/><D128/><U1/><E1/><N who="0" m="585" /><D73/><U121/><E121/><V80/><F33/><W10/><G69/><T48/><D81/><U105/><E105/><V91/><F28/><W6/><G68/><T65/><D90/><U60/><E60/><N who="2" m="38287" /><F80/><W13/><G77/><T61/><D61/><U101/><E101/><V41/><F41/><W113/><G78/><T74/><D74/><U64/><E64/><AGARI ba="0,0" hai="48,53,58,62,64,65,66,71" m="585,42569" machi="64" ten="30,2900,0" yaku="14,1,10,1" doraHai="26" who="0" fromWho="1" sc="250,29,250,-29,250,0,250,0" /><INIT seed="0,1,0,1,1,47" ten="279,221,250,250" oya="0" hai0="133,56,34,69,70,99,30,60,52,15,101,35,88" hai1="122,123,7,41,127,23,84,44,109,22,121,112,119" hai2="96,82,105,115,81,14,125,53,89,98,46,17,107" hai3="1,117,33,111,62,71,85,135,86,131,129,27,120"/><T66/><D133/><U95/><E119/><V75/><F115/><W6/><G117/><T126/><D126/><U92/><E127/><V128/><F125/><W45/><G135/><T65/><D15/><U18/><E112/><V16/><F128/><N who="3" m="49227" /><G111/><T58/><D30/><U19/><E109/><V43/><F75/><W63/><G120/><T116/><D116/><U93/><E84/><N who="3" m="32362" /><G71/><T38/><D38/><U8/><E22/><V64/><F64/><W79/><G79/><T49/><D88/><U110/><E23/><V118/><F118/><W132/><G132/><T106/><REACH who="0" step="1"/><D65/><REACH who="0" ten="269,221,250,250" step="2"/><U74/><E110/><V77/><F89/><W9/><G45/><T51/><D51/><U67/><E67/><V73/><F46/><W11/><G11/><T2/><D2/><U114/><E114/><V0/><F0/><W124/><G124/><T103/><D103/><U87/><E8/><V134/><F134/><W130/><G130/><T72/><D72/><U90/><E74/><V80/><F73/><W91/><G91/><T50/><D50/><U104/><E44/><V20/><F77/><W57/><G57/><T83/><D83/><U4/><E90/><V12/><F82/><W21/><G33/><AGARI ba="1,1" hai="33,34,35,49,52,56,58,60,66,69,70,99,101,106" machi="33" ten="40,7700,0" yaku="1,1,52,1,54,1,53,0" doraHai="47" doraHaiUra="26" who="0" fromWho="3" sc="269,90,221,0,250,0,250,-80" /><INIT seed="0,2,0,2,2,62" ten="359,221,250,170" oya="0" hai0="104,77,114,43,9,57,130,110,21,105,19,99,70" hai1="61,79,45,33,39,40,84,63,31,11,121,27,123" hai2="118,85,30,29,49,87,132,125,91,83,38,135,71" hai3="5,92,131,124,8,89,60,134,101,76,73,102,14"/><T47/><D70/><U56/><E63/><V6/><F38/><W25/><G124/><T81/><D114/><U66/><REACH who="1" step="1"/><E11/><REACH who="1" ten="359,211,250,170" step="2"/><V16/><F125/><W120/><G60/><T59/><D9/><U113/><E113/><V44/><F71/><W107/><G8/><T88/><D130/><U54/><E54/><V10/><F10/><W37/><G131/><T86/><D110/><U24/><E24/><V32/><F118/><W116/><G116/><T23/><D23/><U41/><E41/><V4/><F32/><W111/><G25/><T95/><D105/><U117/><E117/><V48/><F6/><W119/><G5/><T109/><D104/><U82/><AGARI ba="2,1" hai="27,31,33,39,40,45,56,61,66,79,82,84,121,123" machi="82" ten="30,4000,0" yaku="1,1,0,1,52,1,53,0" doraHai="62" doraHaiUra="17" who="1" fromWho="1" sc="359,-22,211,56,250,-12,170,-12" /><INIT seed="1,0,0,0,0,37" ten="337,267,238,158" oya="1" hai0="89,5,91,18,80,29,59,96,36,17,13,53,47" hai1="75,63,3,32,60,23,56,65,73,41,88,95,71" hai2="38,51,104,90,4,116,10,34,135,112,49,24,99" hai3="58,87,120,107,61,46,1,48,123,25,39,127,109"/><U67/><E32/><V57/><F116/><W0/><G107/><T105/><D29/><U68/><E3/><V44/><F135/><W85/><G0/><T70/><D70/><U94/><E56/><V130/><F130/><W118/><G1/><T101/><D5/><U113/><E113/><V43/><F112/><W114/><G114/><T133/><D133/><U27/><E41/><V115/><F115/><W40/><G118/><T8/><D18/><U122/><E122/><V86/><F99/><W100/><G100/><T106/><D106/><U117/><E117/><V79/><F79/><W83/><G109/><T78/><D47/><U124/><E124/><V7/><F104/><W2/><G2/><T128/><D36/><U33/><E33/><V92/><F57/><W22/><G39/><T98/><D98/><U119/><E119/><V14/><REACH who="2" step="1"/><F4/><REACH who="2" ten="337,267,228,158" step="2"/><W45/><G127/><T121/><D128/><U35/><E35/><V131/><F131/><W28/><G46/><T81/><D121/><U84/><REACH who="1" step="1"/><E94/><REACH who="1" ten="337,257,228,158" step="2"/><V55/><F55/><W125/><G125/><T6/><D53/><U72/><E72/><V66/><F66/><W126/><G126/><T132/><D59/><U31/><AGARI ba="0,2" hai="23,27,31,60,63,65,67,68,71,73,75,84,88,95" machi="31" ten="20,12000,1" yaku="1,1,0,1,7,1,9,1,54,1,53,0" doraHai="37" doraHaiUra="42" who="1" fromWho="1" sc="337,-40,257,140,228,-40,158,-40" /><INIT seed="1,1,0,0,0,87" ten="297,397,188,118" oya="1" hai0="114,58,18,90,80,54,95,31,75,70,74,126,62" hai1="82,63,46,27,68,47,35,102,106,60,20,103,124" hai2="92,3,86,28,12,65,132,107,101,91,59,33,2" hai3="94,81,123,84,7,134,0,36,117,55,105,73,120"/><U45/><E124/><V129/><F129/><W119/><G36/><T115/><D70/><U5/><E35/><V113/><F132/><W53/><G134/><T23/><D31/><U72/><E5/><V34/><F107/><W83/><G0/><T69/><D69/><U109/><E109/><V111/><F111/><W8/><G8/><T21/><D21/><U17/><E106/><V110/><F110/><W11/><G11/><T4/><D4/><U93/><E93/><V64/><F113/><W15/><G15/><T14/><D126/><U99/><E99/><V130/><F130/><W97/><G7/><T43/><D43/><U38/><E38/><V42/><F42/><W29/><G29/><T88/><D74/><U52/><E68/><V116/><F116/><N who="3" m="44619" /><G105/><T32/><D32/><U89/><E72/><V9/><F3/><W85/><G73/><T67/><D67/><U79/><E79/><V71/><F71/><W135/><G135/><T39/><D39/><U10/><E10/><V77/><F2/><W24/><G24/><T128/><D128/><U100/><E52/><N who="3" m="20042" /><G84/><AGARI ba="1,0" hai="17,20,27,45,46,47,60,63,82,84,89,100,102,103" machi="84" ten="40,3900,0" yaku="8,1,52,1" doraHai="87" who="1" fromWho="3" sc="297,0,397,42,188,0,118,-42" /><INIT seed="1,2,0,2,3,66" ten="297,439,188,76" oya="1" hai0="32,121,132,12,70,72,65,99,64,135,126,2,38" hai1="53,9,103,105,92,122,77,1,113,24,60,91,45" hai2="4,114,47,84,94,76,39,43,35,58,82,83,62" hai3="117,16,51,111,22,124,71,90,115,119,78,69,75"/><U129/><E122/><V7/><F114/><W40/><G115/><T98/><D12/><U55/><E113/><V127/><F127/><W107/><G124/><T52/><D126/><U89/><E129/><V26/><F35/><W85/><G107/><T34/><D38/><U6/><E77/><V56/><F56/><W102/><G102/><T61/><D2/><U86/><E105/><V59/><F59/><W36/><G36/><T95/><D72/><U79/><E79/><V128/><F128/><W54/><G40/><T37/><D37/><U80/><E103/><V87/><F94/><N who="3" m="54607" /><G78/><T123/><D95/><U17/><E45/><V73/><F73/><W28/><G28/><T11/><D11/><U108/><E60/><V120/><F120/><W46/><G75/><T20/><D61/><U133/><E133/><V3/><F3/><W63/><G63/><T118/><D20/><U13/><E24/><V109/><F109/><W41/><G41/><T42/><D42/><U33/><E33/><V104/><F104/><W134/><G134/><T116/><REACH who="0" step="1"/><D52/><REACH who="0" ten="287,439,188,76" step="2"/><U112/><E53/><V96/><F43/><W68/><G111/><T19/><D19/><U125/><E55/><V57/><F39/><W131/><G131/><T101/><D101/><U25/><E125/><V93/><F62/><W50/><G50/><T23/><D23/><N who="1" m="13551" /><E112/><V5/><F93/><W8/><G8/><T130/><D130/><U30/><E108/><V110/><F110/><W100/><G100/><T88/><D88/><U29/><E1/><V14/><F14/><N who="3" m="9495" /><G69/><AGARI ba="2,1" hai="32,34,64,65,69,70,98,99,116,118,121,123,132,135" machi="69" ten="25,8000,1" yaku="1,1,22,2,52,2,53,0" doraHai="66" doraHaiUra="106" who="0" fromWho="3" sc="287,96,439,0,188,0,76,-86" owari="383,18.3,439,53.9,188,-21.2,-10,-51.0" /></mjloggm>