<mjloggm ver="2.3"><GO type="225" lobby="0"/><UN n0="%E5%85%83%E3%82%AB%E3%83%8E%E7%B3%BB%E3%83%92%E3%83%AD%E3%82%A4%E3%83%B3" n1="%E3%83%B4%E3%83%A0%EF%BC%99%E3%81%A6" n2="%E4%BF%BA%E3%81%A8%E5%A6%96%E5%A4%A2" n3="%E6%9C%88%E5%B3%B6%E5%9F%BA" dan="16,16,16,16" rate="2172.25,2147.78,2105.21,2149.07" sx="M,M,F,M"/><TAIKYOKU oya="0"/><INIT seed="0,0,0,0,2,46" ten="250,250,250,250" oya="0" hai0="33,40,126,65,38,51,104,14,71,42,105,83,3" hai1="30,88,130,23,55,7,134,11,63,109,91,117,2" hai2="44,127,114,45,35,118,49,29,36,19,16,119,6" hai3="97,59,132,133,57,106,120,75,72,86,39,13,24"/><T53/><D3/><U22/><E117/><N who="2" m="44555" /><F114/><W92/><G39/><T82/><D33/><U43/><E109/><V73/><F73/><W4/><G120/><T54/><D38/><U77/><E43/><N who="2" m="22631" /><F6/><W9/><G75/><T34/><D34/><U76/><E130/><V94/><F94/><W84/><G72/><T89/><D14/><U103/><E103/><V90/><F90/><N who="3" m="55447" /><G106/><T96/><D65/><U58/><E134/><N who="3" m="51818" /><G24/><T10/><D71/><U70/><E70/><V62/><F62/><W12/><G12/><T31/><D89/><U128/><E128/><V18/><F127/><W41/><G41/><T0/><D126/><U131/><E131/><V48/><F45/><W37/><G37/><T69/><D69/><U27/><E77/><V115/><F115/><W129/><G129/><T8/><D0/><U93/><E76/><V32/><F32/><W67/><G67/><T1/><D1/><U47/><E47/><V100/><F100/><W101/><G101/><T135/><D135/><U25/><REACH who="1" step="1"/><E93/><REACH who="1" ten="250,240,250,250" step="2"/><V121/><F121/><W50/><G59/><T5/><D105/><U26/><E26/><AGARI ba="0,1" hai="16,18,19,26,29,35,48,49" m="22631,44555" machi="26" ten="30,7700,0" yaku="12,1,52,2,54,1" doraHai="46" who="2" fromWho="1" sc="250,0,240,-77,250,87,250,0" /><INIT seed="1,0,0,4,2,94" ten="250,163,337,250" oya="1" hai0="12,114,61,90,22,107,23,124,123,97,63,35,46" hai1="5,60,79,131,7,71,39,33,135,126,98,116,56" hai2="50,75,26,53,24,62,120,38,58,91,122,27,119" hai3="31,128,48,127,125,59,47,76,82,106,87,117,45"/><U29/><E116/><V3/><F119/><W14/><G117/><T6/><D35/><U64/><E39/><V102/><F38/><W52/><G128/><T88/><D114/><U89/><E131/><V49/><F3/><W37/><G31/><T72/><D72/><U55/><E126/><N who="3" m="48138" /><G106/><T44/><D124/><U70/><E135/><V25/><F75/><W110/><G110/><T129/><D129/><U78/><E33/><V115/><F115/><W132/><G132/><T67/><D107/><U111/><E29/><V28/><F102/><W4/><G37/><T13/><D12/><U95/><E111/><V104/><F104/><W57/><G47/><T74/><D74/><U81/><E70/><V43/><F91/><W21/><G21/><T30/><D30/><U100/><E100/><V133/><F133/><W17/><G17/><T83/><D13/><U109/><E109/><V2/><F2/><W121/><G121/><T118/><D123/><U9/><E81/><V112/><F112/><W42/><G42/><T54/><D83/><U86/><E86/><V69/><F49/><W105/><G105/><T108/><D108/><U11/><E11/><AGARI ba="0,0" hai="4,11,14,45,48,52,57,59,76,82,87" m="48138" machi="11" ten="30,2000,0" yaku="18,1,54,1" doraHai="94" who="3" fromWho="1" sc="250,0,163,-20,337,0,250,20" /><INIT seed="2,0,0,2,5,60" ten="250,143,337,270" oya="2" hai0="0,116,37,85,49,108,34,134,33,89,121,129,87" hai1="8,124,40,36,7,61,38,13,57,109,21,82,103" hai2="53,27,51,56,48,128,122,118,79,84,97,14,32" hai3="113,99,46,114,42,71,69,101,54,43,117,77,107"/><V58/><F118/><W78/><G117/><T88/><D116/><U92/><E109/><V127/><F122/><W73/><G54/><T18/><D37/><U10/><E124/><V102/><F127/><W11/><G11/><T123/><D0/><U55/><E40/><N who="3" m="15402" /><G46/><T20/><D134/><U2/><E21/><V135/><F135/><W24/><G24/><T81/><D129/><U47/><E47/><V9/><F128/><W93/><G93/><T1/><D1/><U70/><E70/><N who="3" m="26634" /><G73/><T15/><D108/><U125/><E125/><V23/><F53/><W98/><G98/><T105/><D105/><U72/><E92/><V95/><F95/><W39/><G39/><T3/><D3/><U104/><E104/><V100/><F97/><W63/><G63/><T30/><D49/><U19/><E103/><V94/><F94/><W120/><G120/><T35/><D30/><U12/><E2/><V45/><F51/><W74/><G74/><T64/><D121/><U5/><REACH who="1" step="1"/><E19/><REACH who="1" ten="250,133,337,270" step="2"/><V26/><F45/><W67/><G107/><T29/><D123/><U80/><E80/><V68/><F102/><W31/><G101/><T59/><D29/><U6/><E6/><V62/><F100/><W119/><G31/><T28/><D28/><U41/><E41/><V132/><F68/><W83/><G119/><T44/><D44/><U133/><E133/><V106/><F106/><W131/><G131/><T52/><D34/><U96/><E96/><V75/><F32/><W76/><G99/><T25/><D33/><U50/><E50/><V91/><F48/><W115/><G83/><RYUUKYOKU ba="0,1" sc="250,-15,133,15,337,-15,270,15" hai1="5,7,8,10,12,13,36,38,55,57,61,72,82" hai3="67,76,77,78,113,114,115" /><INIT seed="3,1,1,2,5,72" ten="235,148,322,285" oya="3" hai0="99,18,102,80,124,83,85,2,92,34,60,0,16" hai1="62,94,31,104,53,91,14,79,133,95,76,4,41" hai2="17,29,63,45,97,131,115,129,30,77,132,105,73" hai3="82,75,123,61,55,118,23,52,50,28,86,56,54"/><W10/><G118/><T44/><D34/><U35/><E104/><V98/><F115/><W107/><G123/><T106/><D124/><U68/><E133/><V40/><F132/><W27/><G107/><T24/><D2/><U108/><E108/><V112/><F112/><W39/><G39/><T58/><D0/><U5/><E41/><V19/><F63/><W6/><G75/><T125/><D125/><U71/><E35/><V84/><F73/><W20/><G20/><T12/><D106/><U65/><E31/><N who="2" m="11787" /><F105/><W7/><G10/><T120/><D120/><U64/><E53/><N who="3" m="19978" /><G61/><T66/><D44/><U38/><E38/><V47/><F40/><W101/><G101/><T121/><D121/><U122/><E122/><V113/><F47/><W119/><G119/><T9/><REACH who="0" step="1"/><D85/><REACH who="0" ten="225,148,322,285" step="2"/><U67/><E67/><V49/><F45/><W130/><G130/><T126/><D126/><U32/><E32/><V57/><F131/><W81/><G81/><T3/><D3/><U36/><E36/><V96/><F129/><W37/><G37/><T110/><D110/><U15/><REACH who="1" step="1"/><E62/><REACH who="1" ten="225,138,322,285" step="2"/><V25/><F113/><W116/><G116/><T59/><D59/><U90/><AGARI ba="1,3" hai="4,5,14,15,64,65,68,71,76,79,90,91,94,95" machi="90" ten="25,12000,2" yaku="1,1,2,1,0,1,22,2,52,2,53,0" doraHai="72" doraHaiUra="117" who="1" fromWho="1" sc="225,-31,138,153,322,-31,285,-61" /><INIT seed="4,0,0,1,2,119" ten="194,291,291,224" oya="0" hai0="106,99,98,49,94,102,15,19,101,52,20,42,60" hai1="32,12,35,45,122,118,5,75,50,113,37,78,81" hai2="57,44,123,88,132,117,38,74,29,70,103,80,2" hai3="107,77,134,114,46,69,56,8,85,51,14,39,104"/><T64/><D42/><U89/><E122/><V23/><F123/><W16/><G69/><T71/><REACH who="0" step="1"/><D49/><REACH who="0" ten="184,291,291,224" step="2"/><U61/><E50/><V120/><F117/><W63/><G39/><T111/><D111/><U27/><E118/><V79/><F38/><W87/><G114/><T127/><D127/><U62/><E113/><V100/><F120/><W130/><G130/><T10/><D10/><U133/><E37/><V9/><F9/><W129/><G129/><T86/><D86/><U43/><E43/><V90/><F74/><W76/><G134/><T67/><D67/><U135/><E135/><V96/><F132/><W55/><G104/><T26/><D26/><U73/><E73/><V109/><F109/><W66/><G107/><T28/><D28/><U128/><E128/><V40/><F29/><W82/><REACH who="3" step="1"/><G87/><REACH who="3" ten="184,291,291,214" step="2"/><T22/><D22/><U3/><E133/><V53/><F23/><W18/><G18/><T13/><D13/><U33/><E12/><V92/><F40/><W91/><AGARI ba="0,2" hai="8,14,16,46,51,55,56,63,66,76,77,82,85,91" machi="91" ten="20,12000,2" yaku="1,1,0,1,7,1,25,2,8,1,54,1,53,0" doraHai="119" doraHaiUra="125" who="3" fromWho="3" sc="184,-60,291,-30,291,-30,214,140" owari="124,-37.6,261,6.1,261,-13.9,354,45.4" /></mjloggm>