<mjloggm ver="2.3"><GO type="225" lobby="0"/><UN n0="%E5%91%A8%E6%9D%B1" n1="%E9%A6%AC%E5%BC%95%E7%81%AB%33" n2="%E7%99%BD%E9%9B%AA%E4%B9%83%E6%84%9B" n3="%E9%97%98%E5%B0%86%E3%81%A0%E3%82%93%E3%81%A7%E3%81%83" dan="17,16,16,16" rate="2133.55,2145.25,2064.41,2080.68" sx="M,M,F,M"/><TAIKYOKU oya="0"/><INIT seed="0,0,0,3,1,37" ten="250,250,250,250" oya="0" hai0="62,36,60,109,123,57,118,72,9,77,49,6,129" hai1="10,19,98,56,90,97,31,25,70,13,75,111,134" hai2="85,20,54,65,14,117,16,74,30,32,3,122,48" hai3="44,121,104,47,64,61,83,106,17,55,8,45,99"/><T67/><D123/><U120/><E120/><V73/><F122/><W92/><G55/><T82/><D129/><U132/><E111/><V63/><F117/><W21/><G8/><T95/><D109/><U130/><E130/><V76/><F3/><W11/><G11/><T91/><D36/><U108/><E108/><V12/><F12/><W133/><G83/><T2/><D118/><U88/><E70/><V110/><F110/><W105/><G133/><N who="1" m="51306" /><E75/><V69/><F76/><W113/><G113/><T7/><D7/><U33/><E56/><V66/><F66/><W59/><G121/><T126/><D126/><U116/><E116/><V125/><F125/><W0/><G0/><T96/><D60/><U115/><E115/><V127/><F85/><W112/><G112/><T100/><REACH who="0" step="1"/><D49/><REACH who="0" ten="240,250,250,250" step="2"/><U26/><E26/><V1/><F127/><W42/><G61/><T27/><D27/><U107/><E107/><V114/><F114/><W22/><G104/><T78/><D78/><U71/><E71/><V41/><F48/><W68/><G105/><T80/><D80/><U52/><E52/><V5/><F54/><W23/><G106/><T43/><D43/><U89/><AGARI ba="0,1" hai="10,13,19,25,31,33,88,89,90,97,98" m="51306" machi="89" ten="30,2000,0" yaku="20,1,54,1" doraHai="37" who="1" fromWho="1" sc="240,-10,250,30,250,-5,250,-5" /><INIT seed="1,0,0,5,4,132" ten="230,280,245,245" oya="1" hai0="52,107,67,53,115,82,106,41,19,81,48,24,83" hai1="60,42,108,95,32,118,120,10,8,36,20,94,130" hai2="97,50,121,116,15,70,85,1,134,103,34,99,119" hai3="29,56,58,18,131,51,45,61,72,3,79,16,69"/><U75/><E118/><V74/><F121/><W78/><G3/><T13/><D115/><U89/><E120/><V6/><F74/><W96/><G131/><T17/><D67/><U88/><E32/><V38/><F38/><W47/><G29/><T102/><D41/><U122/><E75/><V0/><F34/><W22/><G69/><T57/><D102/><U80/><E80/><V101/><F70/><W104/><G104/><T128/><D128/><U113/><E113/><V27/><F27/><W40/><G96/><T125/><D125/><U62/><E122/><V127/><F50/><W111/><G111/><T26/><D53/><U91/><E130/><V98/><F85/><W76/><G72/><T33/><D24/><U37/><E20/><V114/><F114/><W109/><G109/><T28/><REACH who="0" step="1"/><D19/><REACH who="0" ten="220,280,245,245" step="2"/><U68/><E108/><V110/><F110/><W43/><G18/><T44/><D44/><U46/><E36/><V105/><F101/><W49/><G61/><T112/><D112/><U4/><E62/><V123/><F103/><W71/><G71/><T129/><D129/><U59/><E68/><V21/><F127/><W55/><G55/><T23/><AGARI ba="0,1" hai="13,17,23,26,28,33,48,52,57,81,82,83,106,107" machi="23" ten="30,4000,0" yaku="1,1,0,1,54,1,53,0" doraHai="132" doraHaiUra="87" who="0" fromWho="0" sc="220,50,280,-20,245,-10,245,-10" /><INIT seed="2,0,0,0,4,109" ten="270,260,235,235" oya="2" hai0="127,87,106,102,55,28,50,84,5,26,134,132,121" hai1="52,108,101,9,65,1,40,4,70,103,120,79,60" hai2="7,14,131,48,94,61,45,67,110,47,89,27,91" hai3="42,18,33,64,34,123,38,43,93,104,46,133,53"/><V128/><F110/><W62/><G104/><T71/><D71/><U113/><E113/><V72/><F72/><W99/><G123/><T73/><D73/><U25/><E108/><V59/><F27/><W51/><G133/><N who="0" m="51307" /><D121/><U44/><E120/><V68/><F68/><W100/><G18/><T6/><D127/><U116/><E116/><V82/><F82/><W21/><G21/><N who="0" m="15439" /><D102/><U3/><E3/><V49/><F14/><W8/><G8/><T130/><D106/><U10/><E10/><V112/><F7/><N who="0" m="2570" /><D130/><N who="2" m="49706" /><F112/><W56/><REACH who="3" step="1"/><G43/><REACH who="3" ten="270,260,235,225" step="2"/><T63/><D63/><U35/><E60/><V69/><F69/><AGARI ba="0,1" hai="33,34,38,42,46,51,53,56,62,64,69,93,99,100" machi="69" ten="30,8000,1" yaku="1,1,2,1,7,1,24,2,53,0" doraHai="109" doraHaiUra="118" who="3" fromWho="2" sc="270,0,260,0,235,-80,225,90" /><INIT seed="3,0,0,0,1,50" ten="270,260,155,315" oya="3" hai0="10,110,135,106,116,75,130,24,20,33,61,122,45" hai1="77,26,128,37,46,38,111,57,118,9,117,133,65" hai2="78,82,13,29,72,126,123,39,103,70,44,132,94" hai3="69,100,125,25,102,98,3,52,84,87,41,114,73"/><W115/><G3/><T18/><D122/><U66/><E77/><V120/><F70/><W6/><G73/><T55/><D116/><N who="1" m="44651" /><E26/><V8/><F132/><W96/><G69/><T92/><D135/><U63/><E133/><V1/><F126/><W101/><G6/><T67/><D130/><U42/><E9/><V93/><F29/><W129/><G129/><T124/><D124/><U71/><E128/><V91/><F13/><W4/><G4/><T15/><D110/><U47/><E111/><V54/><F54/><W81/><G125/><T40/><D106/><U95/><E95/><V11/><F93/><W22/><G41/><T68/><D92/><U30/><E30/><V51/><F51/><W14/><G14/><T62/><D75/><U112/><E112/><V2/><F11/><W79/><G114/><T36/><D33/><U76/><E76/><V113/><F113/><W80/><G115/><T105/><D105/><U119/><E119/><V60/><F60/><W7/><G7/><T12/><D10/><U109/><E109/><V121/><F103/><W108/><G108/><T88/><D88/><U127/><E127/><V86/><REACH who="2" step="1"/><F8/><REACH who="2" ten="270,260,145,315" step="2"/><W16/><G101/><T17/><D15/><U89/><E71/><V28/><F28/><W32/><G102/><T90/><D12/><U21/><E66/><V31/><F31/><W34/><G100/><T19/><D62/><U97/><E21/><V23/><F23/><W83/><G22/><T53/><D53/><U56/><E63/><V74/><F74/><W104/><G104/><T43/><D55/><U49/><E65/><RYUUKYOKU ba="0,1" sc="270,-10,260,-10,145,30,315,-10" hai2="1,2,39,44,72,78,82,86,91,94,120,121,123" owari="260,6.0,250,-15.0,175,-32.5,315,41.5" /></mjloggm>