<mjloggm ver="2.3"><GO type="225" lobby="0"/><UN n0="%70%6F%69%73%6F%6E%30%32" n1="%E3%81%A0%E3%81%8A" n2="%E7%89%B9%E6%9D%B1%E5%96%B0%E8%B5%A4%E9%80%9F" n3="%E7%99%BD%E5%80%89%E5%AF%9B%E4%B9%8B" dan="16,17,16,16" rate="2131.39,2059.00,2029.40,2129.63" sx="M,M,M,M"/><TAIKYOKU oya="0"/><INIT seed="0,0,0,4,4,105" ten="250,250,250,250" oya="0" hai0="69,66,76,132,129,59,7,19,42,95,41,56,107" hai1="133,117,4,5,131,50,111,34,20,57,104,87,94" hai2="71,125,96,35,80,14,119,16,25,75,127,51,22" hai3="52,124,116,97,17,72,38,118,65,128,86,2,113"/><T121/><D107/><U11/><E104/><V81/><F71/><W27/><G38/><T135/><D121/><U33/><E117/><V92/><F119/><W13/><G2/><T26/><D7/><U120/><E120/><V30/><F51/><W93/><G113/><T48/><D129/><U122/><E122/><V70/><F70/><W83/><G128/><T98/><D76/><U88/><E111/><V63/><F63/><W43/><G43/><T62/><D26/><U100/><E100/><V29/><F30/><W130/><G130/><T24/><D24/><U39/><E39/><V8/><F35/><W47/><G27/><T45/><D19/><U53/><E133/><N who="0" m="51273" /><D41/><U3/><E131/><V99/><F99/><W31/><G31/><T28/><D28/><U114/><E114/><V74/><F80/><W1/><G65/><T90/><AGARI ba="0,0" hai="42,45,48,56,59,62,66,69,90,95,98" m="51273" machi="90" ten="30,1500,0" yaku="20,1" doraHai="105" who="0" fromWho="0" sc="250,15,250,-5,250,-5,250,-5" /><INIT seed="0,1,0,0,3,79" ten="265,245,245,245" oya="0" hai0="11,46,22,3,36,101,111,129,100,99,83,69,121" hai1="85,12,109,2,54,48,119,93,128,23,135,15,30" hai2="57,49,66,113,55,133,112,88,60,70,68,44,78" hai3="56,105,91,1,59,90,8,58,95,32,104,76,87"/><T134/><D121/><U18/><E119/><V82/><F133/><W107/><G32/><T37/><D134/><U71/><E2/><V52/><F88/><W45/><G45/><T10/><D129/><U43/><E71/><V116/><F116/><W64/><G64/><T73/><D69/><U97/><E135/><V86/><REACH who="2" step="1"/><F70/><REACH who="2" ten="265,245,235,245" step="2"/><W35/><G91/><T17/><D101/><U122/><E122/><V94/><F94/><W126/><G76/><T25/><D100/><U96/><E93/><V24/><F24/><W74/><G107/><T98/><D25/><U39/><E97/><V118/><F118/><W0/><G105/><T108/><D99/><U124/><E96/><V51/><AGARI ba="1,1" hai="44,49,51,52,55,57,60,66,68,78,82,86,112,113" machi="51" ten="20,8000,1" yaku="1,1,0,1,7,1,52,1,54,1,53,0" doraHai="79" doraHaiUra="114" who="2" fromWho="2" sc="265,-41,245,-21,235,93,245,-21" /><INIT seed="1,0,0,5,2,115" ten="224,224,328,224" oya="1" hai0="42,60,99,96,58,41,110,2,50,109,51,91,111" hai1="52,126,82,12,132,44,123,11,32,63,107,67,135" hai2="113,83,37,122,0,116,72,59,134,43,74,73,119" hai3="10,76,133,19,1,21,55,108,34,97,70,118,49"/><U71/><E123/><V106/><F0/><W105/><G70/><T127/><D2/><U124/><E32/><V18/><F18/><W78/><G34/><T120/><D120/><U100/><E82/><V65/><F122/><W17/><G108/><T130/><D130/><U8/><E100/><V66/><F59/><W39/><G39/><T101/><D91/><U114/><E107/><V53/><F53/><W28/><G133/><N who="1" m="51274" /><E114/><V3/><F134/><W85/><G28/><T36/><D127/><N who="1" m="48683" /><E12/><V88/><F3/><W112/><G1/><T103/><D99/><U128/><E128/><V22/><F106/><W47/><G112/><T7/><D7/><U48/><AGARI ba="0,0" hai="8,11,44,48,52,63,67,71" m="48683,51274" machi="48" ten="40,7800,0" yaku="20,1,18,1,54,1" doraHai="115" who="1" fromWho="1" sc="224,-26,224,78,328,-26,224,-26" /><INIT seed="1,1,0,0,2,111" ten="198,302,302,198" oya="1" hai0="56,63,124,132,13,121,93,68,17,44,89,106,24" hai1="96,16,113,67,77,42,60,107,135,92,6,101,119" hai2="22,38,108,47,99,75,105,11,128,74,36,35,83" hai3="14,112,19,84,122,5,29,1,28,91,78,7,65"/><U39/><E119/><V21/><F35/><W51/><G122/><T25/><D106/><U76/><E135/><V94/><F108/><W123/><G112/><T32/><D68/><U104/><E113/><V8/><F105/><W23/><G123/><T34/><D132/><U18/><E6/><N who="3" m="2058" /><G1/><T88/><D121/><U80/><E104/><V54/><F83/><N who="3" m="47223" /><G65/><T71/><D71/><U69/><E107/><V79/><F79/><W73/><G73/><T48/><D124/><U4/><E4/><V100/><F74/><W82/><G51/><T27/><D34/><U31/><E31/><N who="3" m="11850" /><G91/><N who="0" m="34891" /><D93/><U49/><E39/><V52/><F75/><W55/><G55/><N who="0" m="34207" /><D32/><U117/><E77/><V118/><F118/><W110/><G110/><T66/><D66/><U15/><E117/><V2/><F2/><W40/><G40/><N who="0" m="24583" /><D27/><U59/><E69/><V41/><F38/><W129/><G129/><T61/><D61/><U50/><E50/><V86/><F128/><W57/><G57/><T30/><D30/><U130/><E130/><V20/><F86/><W37/><G37/><T114/><D114/><U125/><E125/><V127/><F127/><W33/><G33/><T46/><D46/><U85/><E15/><V90/><F90/><W64/><G64/><T53/><D53/><U116/><E116/><V131/><F131/><W43/><G43/><T9/><AGARI ba="1,0" hai="9,13,17,24,25" m="24583,34207,34891" machi="9" ten="30,2000,0" yaku="8,1,54,1" doraHai="111" who="0" fromWho="0" sc="198,23,302,-11,302,-6,198,-6" /><INIT seed="2,0,0,0,2,133" ten="221,291,296,192" oya="2" hai0="107,13,32,88,76,18,69,111,48,43,5,31,29" hai1="61,14,41,1,8,42,99,127,130,34,15,46,110" hai2="117,60,44,116,122,24,89,70,85,96,132,95,6" hai3="94,10,87,126,16,73,21,106,51,83,112,121,109"/><V80/><F122/><W65/><G121/><T2/><D111/><U92/><E34/><V25/><F132/><W54/><G106/><T52/><D69/><U100/><E110/><V27/><F6/><W82/><G109/><T115/><D107/><U134/><E134/><V66/><REACH who="2" step="1"/><F44/><REACH who="2" ten="221,291,286,192" step="2"/><N who="3" m="28007" /><G112/><T71/><D5/><U131/><E46/><V63/><F63/><W23/><G73/><T37/><D115/><U12/><E61/><V108/><F108/><W20/><G65/><T72/><D72/><U9/><E130/><V26/><N who="2" m="6144" /><DORA hai="86" /><V0/><F0/><W57/><G57/><T62/><D2/><U19/><E1/><V49/><F49/><W97/><G126/><T59/><D59/><U119/><E127/><V98/><F98/><W104/><G104/><T78/><D31/><U103/><E131/><V22/><F22/><W47/><G47/><T102/><D29/><U55/><E99/><V28/><F28/><W124/><G124/><T114/><D32/><U39/><E8/><V38/><F38/><W101/><G87/><T113/><D114/><U93/><E39/><V105/><F105/><W77/><G77/><AGARI ba="0,1" hai="60,66,70,77,80,85,89,95,96,116,117" m="6144" machi="77" ten="50,9600,0" yaku="1,1,52,1,53,1" doraHai="133,86" doraHaiUra="125,75" who="2" fromWho="3" sc="221,0,291,0,286,106,192,-96" /><INIT seed="2,1,0,4,2,53" ten="221,291,392,96" oya="2" hai0="72,27,17,101,10,9,55,12,6,86,1,91,33" hai1="62,102,76,39,49,23,18,56,112,50,46,70,78" hai2="43,115,57,132,122,37,21,130,52,19,79,84,87" hai3="114,16,24,22,113,2,65,13,32,117,133,15,64"/><V45/><F122/><W41/><G41/><T47/><D72/><U85/><E112/><N who="3" m="43114" /><G65/><T61/><D101/><U120/><E70/><V7/><F115/><W35/><G64/><T106/><D106/><U124/><E124/><V4/><F132/><W28/><G133/><T123/><D123/><U66/><E120/><V127/><F130/><W75/><G75/><T25/><D33/><N who="3" m="12873" /><G117/><T119/><D119/><U90/><E102/><V93/><F84/><W42/><G42/><T73/><D73/><U0/><E0/><V34/><F34/><N who="3" m="20743" /><G2/><T105/><D105/><U67/><E67/><V20/><F127/><W5/><G5/><T99/><D99/><U88/><E49/><V14/><F79/><N who="1" m="30249" /><E39/><V82/><F82/><W68/><G68/><T11/><D11/><U29/><E85/><V109/><F87/><W118/><G118/><T135/><D135/><U48/><E48/><V63/><F37/><W103/><G103/><T51/><REACH who="0" step="1"/><D61/><REACH who="0" ten="211,291,392,96" step="2"/><U81/><E62/><V129/><F63/><W134/><G134/><T94/><AGARI ba="1,1" hai="1,6,9,10,12,17,25,27,47,51,55,86,91,94" machi="94" ten="20,5200,0" yaku="1,1,2,1,0,1,7,1,53,0" doraHai="53" doraHaiUra="125" who="0" fromWho="0" sc="211,65,291,-14,392,-27,96,-14" /><INIT seed="3,0,0,1,3,64" ten="276,277,365,82" oya="3" hai0="23,1,21,3,87,18,101,59,4,93,116,129,6" hai1="114,83,117,38,110,77,107,72,104,7,86,14,58" hai2="106,24,125,135,30,48,10,84,128,75,25,60,31" hai3="66,102,134,103,71,94,112,69,74,11,57,79,63"/><W80/><G112/><T28/><D116/><U100/><E38/><V29/><F75/><W37/><G134/><T8/><D129/><U95/><E117/><V41/><F106/><W44/><G11/><T89/><D101/><U26/><E110/><V67/><F128/><W108/><G108/><T43/><D43/><U99/><E114/><V113/><F113/><W133/><G133/><T62/><D28/><U111/><E111/><V85/><F10/><W115/><G115/><T32/><D32/><U33/><E72/><V131/><F125/><W91/><G103/><T56/><D23/><U17/><E7/><V35/><F131/><W68/><G102/><T132/><D59/><U121/><E58/><N who="2" m="37271" /><F35/><W53/><G37/><T55/><D6/><U90/><E100/><V105/><F105/><W119/><G119/><T42/><D42/><U81/><E81/><V126/><F126/><W49/><REACH who="3" step="1"/><G57/><REACH who="3" ten="276,277,365,72" step="2"/><T20/><D132/><U73/><E121/><V27/><F135/><W97/><AGARI ba="0,1" hai="44,49,53,63,66,68,69,71,74,79,80,91,94,97" machi="97" ten="20,18000,2" yaku="1,1,2,1,0,1,7,1,52,3,53,0" doraHai="64" doraHaiUra="54" who="3" fromWho="3" sc="276,-60,277,-60,365,-60,72,190" /><INIT seed="3,1,0,1,1,38" ten="216,217,305,262" oya="3" hai0="44,27,53,81,29,14,100,118,77,94,71,114,17" hai1="24,131,34,75,60,111,59,16,10,82,51,117,101" hai2="104,19,123,83,30,0,76,56,124,47,7,102,85" hai3="90,46,39,28,42,1,25,57,122,48,98,11,8"/><W40/><G122/><T91/><D71/><U132/><E111/><V32/><F124/><W109/><G109/><T26/><D100/><U135/><E131/><V62/><F0/><W113/><G113/><T31/><D118/><U35/><E117/><V63/><F7/><W21/><G1/><T84/><D114/><U66/><E101/><V54/><F19/><W18/><G28/><T127/><D127/><U73/><E51/><V69/><F47/><W130/><G130/><T121/><D121/><U112/><E112/><V80/><F123/><W96/><G96/><T108/><D108/><U105/><E105/><V41/><F41/><N who="3" m="24655" /><G57/><T92/><D92/><U67/><E67/><V55/><F69/><W88/><G39/><T86/><D53/><U125/><E125/><V6/><F104/><W45/><G45/><T129/><D44/><U64/><E64/><V36/><F36/><W93/><G90/><T120/><D129/><U58/><E58/><V103/><F103/><W133/><G133/><N who="1" m="51274" /><E75/><V49/><F102/><W9/><AGARI ba="1,0" hai="8,9,11,18,21,25,40,42,88,93,98" m="24655" machi="9" ten="30,12000,1" yaku="8,1,52,3,54,1" doraHai="38" who="3" fromWho="3" sc="216,-41,217,-41,305,-41,262,123" owari="175,-32.5,176,-22.4,264,6.4,385,48.5" /></mjloggm>