<mjloggm ver="2.3"><GO type="225" lobby="0"/><UN n0="%E9%A6%AC%E5%BC%95%E7%81%AB%33" n1="%E4%BF%BA%E3%81%A8%E5%A6%96%E5%A4%A2" n2="%E3%81%A4%E3%81%A3%E3%81%B1%E3%82%8A%E3%83%9D%E3%83%BC%E3%83%AB" n3="%E3%83%B4%E3%83%A0%EF%BC%99%E3%81%A6" dan="16,16,17,17" rate="2104.34,2255.82,2164.42,2148.52" sx="M,F,M,M"/><TAIKYOKU oya="0"/><INIT seed="0,0,0,3,3,98" ten="250,250,250,250" oya="0" hai0="37,34,125,132,14,112,117,72,45,52,22,44,124" hai1="129,123,39,41,38,63,18,76,50,7,78,122,35" hai2="108,83,105,53,43,126,6,23,99,26,100,12,89" hai3="55,85,36,3,80,46,27,104,58,40,93,94,21"/><T42/><D117/><U86/><E35/><V32/><F108/><W87/><G3/><T110/><D112/><U16/><E129/><V0/><F126/><N who="0" m="48746" /><D34/><U102/><E7/><V59/><F43/><W64/><G104/><T92/><D72/><U75/><E75/><V30/><F0/><W134/><G64/><T13/><D132/><U69/><E50/><V111/><F111/><W121/><G121/><T17/><D110/><U25/><E25/><V2/><F2/><W67/><G67/><T107/><D107/><U33/><E33/><V133/><F133/><W61/><G134/><T24/><D92/><U130/><E130/><V127/><F127/><W70/><G70/><T95/><D95/><U82/><E41/><V56/><F53/><W47/><G47/><T77/><D77/><U15/><E15/><V79/><F89/><W65/><G65/><T31/><D31/><U103/><E63/><V62/><F62/><W128/><G85/><T115/><D115/><U57/><E57/><V5/><F5/><W9/><G128/><T71/><D71/><U73/><E73/><V84/><REACH who="2" step="1"/><F32/><REACH who="2" ten="250,250,240,250" step="2"/><W106/><G61/><T11/><D11/><AGARI ba="0,1" hai="6,11,12,23,26,30,56,59,79,83,84,99,100,105" machi="11" ten="40,5200,0" yaku="1,1,2,1,52,1,53,0" doraHai="98" doraHaiUra="119" who="2" fromWho="0" sc="250,-52,250,0,240,62,250,0" /><INIT seed="1,0,0,1,3,113" ten="198,250,302,250" oya="1" hai0="85,105,24,43,86,84,15,60,10,62,70,37,29" hai1="14,74,120,0,103,20,31,26,1,108,13,53,28" hai2="116,114,101,64,125,33,19,56,135,44,18,104,88" hai3="127,119,71,118,63,23,106,9,132,123,66,52,78"/><U134/><E74/><V34/><F114/><W65/><G123/><T107/><D37/><U81/><E81/><V51/><F104/><W25/><G106/><T100/><D43/><U45/><E120/><V32/><F101/><W4/><G127/><T16/><D70/><U6/><E103/><V133/><F125/><W121/><G121/><T46/><D46/><U47/><E53/><V89/><F116/><N who="3" m="44587" /><G132/><N who="2" m="50761" /><F56/><N who="3" m="35207" /><G78/><T22/><REACH who="0" step="1"/><D107/><REACH who="0" ten="188,250,302,250" step="2"/><U112/><E47/><V11/><F44/><W82/><G71/><T87/><N who="0" m="21504" /><DORA hai="50" /><T111/><D111/><U96/><E45/><V61/><F33/><W80/><G80/><T128/><D128/><U90/><E134/><V35/><F35/><W12/><G82/><T94/><D94/><U97/><E108/><V38/><F34/><W69/><G69/><T36/><D36/><U79/><E112/><V41/><F38/><W99/><G99/><AGARI ba="0,1" hai="10,15,16,22,24,29,60,62,99,100,105" m="21504" machi="99" ten="50,6400,0" yaku="1,1,54,1,53,1" doraHai="113,50" doraHaiUra="122,98" who="0" fromWho="3" sc="188,74,250,0,302,0,250,-64" /><INIT seed="2,0,0,0,3,115" ten="262,250,302,186" oya="2" hai0="121,27,77,99,106,112,8,43,61,28,97,49,125" hai1="107,3,78,13,24,14,15,46,83,135,17,63,1" hai2="114,119,117,39,84,4,122,26,64,57,20,41,123" hai3="10,81,108,73,85,6,133,87,67,54,65,101,55"/><V132/><F84/><W96/><G108/><T95/><D112/><U89/><E107/><V2/><F114/><W74/><G133/><T7/><D121/><N who="2" m="46090" /><F57/><W124/><G124/><T98/><D125/><U51/><E135/><V82/><F64/><W12/><G74/><T47/><D77/><U103/><E103/><V60/><F60/><W88/><G73/><T48/><D61/><U16/><E89/><V94/><F94/><W90/><G65/><T42/><D106/><U40/><E63/><V128/><F82/><W116/><G116/><N who="2" m="44617" /><F41/><W76/><G67/><T111/><D111/><U38/><E38/><V21/><F39/><W80/><REACH who="3" step="1"/><G76/><REACH who="3" ten="262,250,302,176" step="2"/><T53/><D42/><U66/><E66/><V11/><F132/><W71/><G71/><T59/><D43/><U29/><E1/><V34/><F128/><W79/><G79/><T36/><D53/><U58/><E3/><V22/><F34/><W68/><G68/><T86/><D36/><U100/><E78/><V18/><AGARI ba="0,1" hai="2,4,11,18,20,21,22,26" m="44617,46090" machi="18" ten="30,12000,1" yaku="34,2,52,3" doraHai="115" who="2" fromWho="2" sc="262,-40,250,-40,302,130,176,-40" /><INIT seed="2,1,0,2,3,48" ten="222,210,432,136" oya="2" hai0="73,110,14,101,135,35,13,80,1,23,6,69,41" hai1="115,36,5,2,49,32,103,9,57,121,100,90,128" hai2="50,77,122,15,46,25,95,84,120,79,44,111,0" hai3="86,8,75,10,19,22,47,31,117,93,94,125,38"/><V21/><F0/><W17/><G117/><T62/><D35/><U20/><E115/><V60/><F111/><W26/><G75/><T87/><D73/><U99/><E36/><V78/><F60/><W116/><G125/><T52/><D135/><U74/><E74/><V105/><F105/><W16/><G116/><T131/><D110/><U43/><E32/><V98/><F15/><W12/><G8/><N who="0" m="4247" /><D69/><U102/><E128/><V45/><F84/><W112/><G112/><T7/><D1/><U71/><E71/><V133/><F133/><W51/><G38/><T55/><D131/><U97/><E121/><V53/><F122/><W130/><G130/><T3/><D3/><U92/><E20/><V33/><F33/><W18/><REACH who="3" step="1"/><G86/><REACH who="3" ten="222,210,432,126" step="2"/><T134/><D134/><U82/><E99/><V63/><F120/><W70/><G70/><T56/><D7/><U64/><E5/><V85/><F85/><W72/><G72/><T40/><D87/><N who="1" m="50551" /><E9/><V34/><F79/><W66/><G66/><N who="0" m="39239" /><D80/><U81/><E81/><V96/><F78/><W54/><AGARI ba="1,1" hai="10,12,16,17,18,19,22,26,31,47,51,54,93,94" machi="54" ten="30,8000,1" yaku="1,1,0,1,8,1,52,1,54,1,53,0" doraHai="48" doraHaiUra="59" who="3" fromWho="3" sc="222,-21,210,-21,432,-41,126,93" /><INIT seed="3,0,0,4,4,43" ten="201,189,391,219" oya="3" hai0="70,107,36,112,68,13,24,75,60,82,134,49,128" hai1="111,16,115,129,85,123,103,61,57,77,20,30,29" hai2="39,127,114,52,101,45,130,67,5,23,65,109,88" hai3="78,53,62,3,11,14,50,66,90,118,27,63,125"/><W117/><G3/><T1/><D36/><U59/><E123/><V22/><F114/><W102/><G125/><T100/><D1/><U35/><E115/><V6/><F101/><W113/><G113/><T83/><D134/><U132/><E132/><V47/><F39/><W42/><G42/><T105/><D128/><U131/><E35/><V96/><F130/><N who="1" m="49673" /><E111/><V17/><F109/><W34/><G78/><T26/><D49/><U95/><E59/><V41/><F23/><W69/><G102/><T51/><D68/><U74/><E74/><V122/><F52/><W38/><G38/><T116/><D116/><U9/><E9/><V44/><F127/><W21/><G63/><T55/><D60/><U106/><E106/><V94/><F122/><W121/><G90/><T8/><D107/><U0/><E0/><V98/><F98/><W124/><G34/><T54/><D105/><U79/><E103/><V92/><F92/><W12/><G121/><T64/><D112/><U93/><E29/><V99/><F99/><W48/><G124/><T32/><D32/><U97/><E30/><V40/><F40/><W7/><G118/><T135/><D135/><U58/><E58/><V19/><F19/><N who="3" m="12735" /><G117/><T28/><D100/><N who="1" m="60463" /><E95/><V46/><N who="2" m="11264" /><DORA hai="108" /><V37/><F37/><W81/><G81/><T133/><D83/><U84/><E79/><V126/><F126/><W4/><G53/><T120/><D54/><N who="1" m="33975" /><E77/><V10/><F41/><W86/><G86/><T15/><D120/><U72/><E72/><V76/><F76/><W18/><G69/><T73/><D133/><U33/><E33/><RYUUKYOKU ba="0,0" sc="201,-10,189,30,391,-10,219,-10" hai1="16,20,84,85" owari="191,-30.9,219,1.9,381,48.1,209,-19.1" /></mjloggm>