<mjloggm ver="2.3"><GO type="225" lobby="0"/><UN n0="%E5%B8%86%E7%AB%8B%E5%A4%8F%E8%A1%A3" n1="%77%72%77%72%77%72%77%72" n2="%46%65%6D%69%72%69%6E%73" n3="%E5%8D%A0%E3%81%84%E5%B8%AB%E8%A3%8F%E3%81%AA%E3%81%84%E3%81%97" dan="17,16,16,17" rate="2254.18,2099.63,2150.03,2264.19" sx="M,M,M,M"/><TAIKYOKU oya="0"/><INIT seed="0,0,0,5,4,43" ten="250,250,250,250" oya="0" hai0="121,48,108,90,76,15,52,131,93,16,65,130,133" hai1="53,35,23,59,28,66,14,67,42,105,79,92,98" hai2="106,94,63,8,87,134,135,37,50,99,100,103,119" hai3="54,73,25,22,109,64,0,24,58,95,118,4,34"/><T107/><D121/><U5/><E105/><V9/><F37/><W12/><G118/><T18/><D107/><U46/><E35/><V60/><F119/><W33/><G73/><T20/><D133/><N who="2" m="50698" /><F50/><W45/><G109/><T126/><D126/><U101/><E79/><V82/><F100/><W49/><G0/><T97/><D108/><U123/><E123/><V27/><F27/><W85/><G4/><T21/><D65/><U10/><E23/><V128/><F128/><N who="0" m="49194" /><D76/><U3/><E28/><V7/><F106/><W116/><G116/><T111/><D111/><U96/><E96/><V81/><F9/><W102/><G33/><T84/><D97/><U78/><E78/><N who="2" m="46519" /><F82/><W127/><G34/><T56/><D18/><U30/><E30/><V74/><F74/><W129/><G127/><T125/><D21/><U39/><REACH who="1" step="1"/><E3/><AGARI ba="0,0" hai="3,7,8,60,63,94,99,103" m="46519,50698" machi="3" ten="30,1000,0" yaku="20,1" doraHai="43" who="2" fromWho="1" sc="250,0,250,-10,250,10,250,0" /><INIT seed="1,0,0,4,3,53" ten="250,240,260,250" oya="1" hai0="12,111,41,126,104,14,1,46,56,61,91,101,37" hai1="112,6,50,63,96,39,76,81,106,55,66,113,116" hai2="38,82,77,15,4,69,115,44,49,79,105,78,90" hai3="58,24,7,19,117,88,26,103,52,70,71,18,54"/><U128/><E116/><V118/><F69/><W16/><G117/><T2/><D126/><U89/><E39/><V72/><F105/><W3/><G103/><T29/><D111/><U114/><E128/><V134/><F38/><W57/><G3/><T0/><D29/><U51/><E6/><V100/><F100/><W87/><G7/><T64/><D91/><U34/><E34/><V98/><F118/><W85/><G18/><T47/><REACH who="0" step="1"/><D46/><REACH who="0" ten="240,240,260,250" step="2"/><U32/><E89/><AGARI ba="0,1" hai="16,19,24,26,52,54,57,58,70,71,85,87,88,89" machi="89" ten="25,12000,2" yaku="22,2,52,2,54,3" doraHai="53" who="3" fromWho="1" sc="240,0,240,-120,260,0,250,130" /><INIT seed="2,0,0,4,4,13" ten="240,120,260,380" oya="2" hai0="22,17,96,105,40,33,129,92,88,84,69,8,53" hai1="76,87,42,79,116,0,60,59,120,112,67,11,39" hai2="47,32,18,122,109,49,134,113,54,27,103,133,102" hai3="83,58,73,71,95,118,63,56,65,114,78,72,100"/><V115/><F122/><W82/><G118/><T14/><D129/><U77/><E112/><N who="2" m="43083" /><F32/><W130/><G114/><T90/><D33/><U36/><E116/><V41/><F41/><W21/><G130/><T6/><D69/><U28/><E120/><V64/><F64/><W125/><G125/><T31/><D31/><U46/><E36/><V61/><F61/><W99/><G21/><T66/><D66/><U20/><E0/><V44/><F44/><W119/><G119/><T3/><D40/><U9/><E87/><V15/><F27/><W55/><G55/><T97/><D105/><U89/><E89/><V37/><F37/><W35/><G35/><T16/><D90/><U86/><E86/><V101/><F109/><W111/><G111/><T23/><D53/><U26/><REACH who="1" step="1"/><E39/><REACH who="1" ten="240,110,260,380" step="2"/><V80/><F80/><W117/><G117/><T2/><D3/><U34/><E34/><V25/><F102/><W107/><G82/><T98/><D84/><U93/><E93/><V106/><F101/><W108/><G108/><T123/><D123/><U85/><E85/><V30/><F103/><W62/><G95/><T94/><D94/><U29/><E29/><V135/><F106/><W128/><G107/><T48/><D48/><U7/><E7/><V74/><F30/><W124/><G100/><T24/><AGARI ba="0,1" hai="2,6,8,14,16,17,22,23,24,88,92,96,97,98" machi="24" ten="20,12000,2" yaku="0,1,7,1,52,2,54,2" doraHai="13" who="0" fromWho="0" sc="240,130,110,-30,260,-60,380,-30" /><INIT seed="3,0,0,1,0,64" ten="370,80,200,350" oya="3" hai0="113,129,89,59,118,109,28,0,50,14,78,100,110" hai1="77,27,102,94,38,8,88,19,46,120,18,10,119" hai2="105,35,127,12,23,47,40,103,17,25,81,11,92" hai3="132,53,4,70,126,115,30,42,101,63,36,72,66"/><W116/><G115/><T117/><D0/><U9/><E120/><V97/><F127/><W65/><G116/><N who="0" m="44651" /><D129/><U62/><E119/><V68/><F81/><W32/><G126/><T6/><D113/><U2/><E2/><V80/><F80/><W48/><G66/><T57/><D78/><U125/><E125/><V33/><F105/><W26/><G132/><T76/><D76/><U73/><E77/><V60/><F60/><W90/><G101/><T69/><D69/><U51/><E73/><V128/><F68/><W99/><G4/><T122/><D122/><U16/><E38/><V104/><F104/><W121/><G121/><T98/><D89/><U83/><E83/><V130/><F130/><W84/><G99/><T24/><D50/><U108/><E108/><N who="0" m="41577" /><D14/><U41/><E62/><V5/><F128/><W133/><G133/><T37/><D37/><AGARI ba="0,0" hai="5,11,12,17,23,25,33,35,37,40,47,92,97,103" machi="37" ten="30,1000,0" yaku="7,1" doraHai="64" who="2" fromWho="0" sc="370,-10,80,0,200,10,350,0" owari="360,46.0,80,-42.0,210,-19.0,350,15.0" /></mjloggm>