<mjloggm ver="2.3"><GO type="225" lobby="0"/><UN n0="%E4%BF%BA%E3%81%A8%E5%A6%96%E5%A4%A2" n1="%28%EF%BF%A3%E2%96%BD%EF%BF%A3%29%CE%B4%E2%8C%92%E3%83%BB" n2="%E6%98%93%E5%88%A9%E8%96%A9%E4%BC%AF" n3="%E6%B8%A9%E2%98%85%E6%83%85%E2%98%85%E6%8E%AA%E2%98%85%E7%BD%AE" dan="16,17,17,17" rate="2221.47,2288.86,2195.91,2185.78" sx="F,M,F,M"/><TAIKYOKU oya="0"/><INIT seed="0,0,0,3,2,31" ten="250,250,250,250" oya="0" hai0="47,77,96,26,9,25,109,116,13,35,74,18,6" hai1="69,23,48,82,29,55,20,112,40,106,79,43,14" hai2="128,70,88,22,122,50,27,104,94,80,7,95,4" hai3="52,127,110,76,63,108,115,130,41,10,42,24,57"/><T103/><D116/><U117/><E106/><V111/><F104/><W58/><G115/><T64/><D64/><U72/><E69/><V132/><F70/><W66/><G76/><T78/><D109/><N who="3" m="42089" /><G10/><T16/><D47/><U32/><E117/><V131/><F132/><W129/><G24/><T34/><D77/><U60/><E60/><V97/><F122/><W39/><G127/><T98/><D98/><U33/><E112/><V135/><F80/><W89/><G89/><T11/><D78/><U113/><E113/><V17/><F135/><W99/><G99/><T114/><D74/><U102/><E102/><V36/><F36/><W54/><G66/><T118/><D114/><U73/><E73/><V1/><F95/><W87/><G87/><T62/><D118/><U107/><E107/><V30/><F1/><W121/><G121/><T93/><D62/><U68/><E68/><V65/><F65/><W85/><G85/><T134/><D134/><U46/><E29/><V56/><F17/><W37/><G37/><T51/><D51/><U83/><E83/><V120/><F120/><W59/><G59/><T8/><D18/><U3/><E3/><V71/><F71/><W44/><G42/><T21/><REACH who="0" step="1"/><D6/><REACH who="0" ten="240,250,250,250" step="2"/><U123/><E123/><V105/><F111/><W86/><G86/><T5/><D5/><U12/><E46/><V126/><F4/><W45/><G44/><T92/><D92/><U91/><E79/><V61/><F7/><W81/><G81/><T133/><D133/><U101/><E82/><V53/><F105/><W119/><G119/><T124/><D124/><RYUUKYOKU ba="0,1" sc="240,15,250,-15,250,-15,250,15" hai0="8,9,11,13,16,21,25,26,34,35,93,96,103" hai3="39,41,45,52,54,57,58,63,129,130" /><INIT seed="0,1,1,2,5,73" ten="255,235,235,265" oya="0" hai0="47,8,80,16,14,2,13,19,71,103,97,102,118" hai1="112,86,133,57,75,5,87,128,135,51,109,114,79" hai2="132,3,55,54,20,124,126,70,92,123,9,122,1" hai3="42,4,43,72,91,37,56,15,98,65,7,44,77"/><T104/><D118/><U52/><E109/><V60/><F9/><W78/><G72/><T99/><D71/><U63/><E128/><V46/><F20/><W69/><G69/><T17/><D80/><N who="1" m="45183" /><E5/><N who="3" m="2122" /><G37/><T74/><D74/><U48/><E87/><V41/><F92/><N who="3" m="56607" /><G15/><T107/><D2/><U105/><E86/><V100/><F100/><W26/><G26/><T131/><D131/><U49/><E105/><V58/><F70/><W12/><G12/><T82/><D82/><U85/><E85/><V53/><F132/><AGARI ba="1,1" hai="48,49,51,52,57,63,112,114,132,133,135" m="45183" machi="132" ten="30,3900,0" yaku="20,1,52,1,54,1" doraHai="73" who="1" fromWho="2" sc="255,0,235,52,235,-42,265,0" /><INIT seed="1,0,0,4,4,115" ten="255,287,193,265" oya="1" hai0="127,110,21,83,7,72,46,85,63,134,6,37,24" hai1="2,86,20,74,78,26,93,55,58,36,107,14,101" hai2="80,40,96,90,97,0,16,28,57,12,103,64,69" hai3="43,100,33,11,77,27,116,47,82,34,18,48,61"/><U121/><E2/><V84/><F0/><W30/><G34/><T119/><D110/><U65/><E36/><V130/><F130/><W104/><G61/><T70/><D72/><U38/><E38/><V91/><F69/><W19/><G11/><T109/><D109/><U111/><E65/><V131/><F131/><W108/><G108/><T10/><D127/><U106/><E121/><V102/><F28/><W122/><G122/><T3/><D6/><U66/><E66/><V92/><F40/><W62/><G62/><T50/><D37/><U124/><E124/><V56/><F64/><W123/><G123/><T60/><D70/><U129/><E14/><V73/><F73/><W22/><G33/><T89/><D119/><U9/><E9/><V117/><F117/><W54/><G116/><T8/><D8/><U118/><E118/><V59/><REACH who="2" step="1"/><F96/><REACH who="2" ten="255,287,183,265" step="2"/><W81/><G43/><T13/><D3/><U67/><E129/><V133/><F133/><W126/><G30/><N who="0" m="17679" /><D134/><U15/><E74/><V41/><F41/><AGARI ba="0,1" hai="7,10,13,41,46,50,60,63,83,85,89" m="17679" machi="41" ten="30,1000,0" yaku="8,1" doraHai="115" who="0" fromWho="2" sc="255,20,287,0,183,-10,265,0" /><INIT seed="2,0,0,1,1,15" ten="275,287,173,265" oya="2" hai0="35,18,118,63,24,121,91,126,92,78,7,94,71" hai1="117,37,127,114,50,55,75,122,82,132,96,97,29" hai2="42,28,13,10,8,5,57,39,17,86,129,85,1" hai3="102,74,66,64,49,61,80,131,21,43,77,106,88"/><V25/><F129/><W98/><G131/><T23/><D121/><U81/><E37/><V31/><F39/><W79/><G79/><T22/><D126/><U70/><E70/><V134/><F134/><W11/><G11/><T33/><D118/><U4/><E75/><V53/><F42/><W68/><G66/><T32/><D7/><U110/><E4/><V60/><REACH who="2" step="1"/><F31/><REACH who="2" ten="275,287,163,265" step="2"/><W19/><G43/><T87/><D35/><AGARI ba="0,1" hai="1,5,8,10,13,17,25,28,35,53,57,60,85,86" machi="35" ten="30,12000,1" yaku="1,1,2,1,7,1,52,1,53,1" doraHai="15" doraHaiUra="2" who="2" fromWho="0" sc="275,-120,287,0,163,130,265,0" /><INIT seed="2,1,0,5,0,46" ten="155,287,293,265" oya="2" hai0="122,67,66,17,8,43,52,57,6,119,125,97,41" hai1="18,24,10,94,13,114,4,86,65,95,79,120,69" hai2="73,124,34,64,3,121,42,36,133,33,102,37,53" hai3="112,7,110,93,131,68,106,92,25,96,115,2,103"/><V91/><F121/><W77/><G68/><T14/><D122/><U113/><E120/><V81/><F3/><W126/><G25/><T45/><D125/><U123/><E123/><V127/><F64/><W56/><G56/><T116/><D97/><U101/><E69/><V76/><F102/><W85/><G7/><T108/><D108/><U104/><E65/><V83/><F133/><W38/><G38/><T117/><D41/><U111/><E104/><V90/><F53/><W59/><G59/><T78/><D78/><U58/><E58/><V50/><F50/><W39/><G2/><T63/><REACH who="0" step="1"/><D6/><REACH who="0" ten="145,287,293,265" step="2"/><N who="1" m="3287" /><E79/><V28/><F42/><W51/><G126/><T30/><D30/><U32/><E4/><V23/><F76/><W11/><G110/><T118/><N who="0" m="29696" /><DORA hai="98" /><T109/><D109/><U35/><E111/><V82/><F28/><W87/><G77/><T20/><D20/><U84/><E35/><V129/><F23/><W89/><G96/><T105/><D105/><U135/><E32/><V5/><F5/><W15/><G106/><T88/><D88/><U21/><E21/><V31/><F31/><W22/><G89/><T40/><D40/><U100/><E114/><V132/><F33/><W71/><G112/><T19/><D19/><U134/><E18/><V55/><F34/><W16/><G16/><T80/><D80/><U29/><E113/><V62/><F83/><W72/><G115/><T12/><D12/><U60/><E29/><V26/><F124/><W47/><G15/><T130/><D130/><U75/><E135/><V74/><F132/><W0/><G22/><RYUUKYOKU ba="1,1" sc="145,30,287,-10,293,-10,265,-10" hai0="8,14,17,43,45,52,57,63,66,67" /><INIT seed="3,2,1,0,2,62" ten="175,277,283,255" oya="3" hai0="18,99,80,3,66,92,50,98,103,23,34,21,12" hai1="41,90,100,106,30,59,33,14,68,39,84,77,94" hai2="29,129,78,2,7,24,96,9,4,37,46,47,105" hai3="117,71,58,15,26,123,86,19,42,16,52,127,31"/><W85/><G117/><T130/><D34/><U60/><E39/><V64/><F7/><W75/><G123/><T111/><D3/><U65/><E41/><N who="2" m="22831" /><F47/><W81/><G71/><T38/><D38/><U102/><E77/><V115/><F64/><W93/><G127/><T11/><D66/><U89/><E14/><V132/><F78/><N who="3" m="46263" /><G75/><T79/><D111/><U51/><E51/><V8/><F8/><W44/><G44/><T124/><D124/><U74/><E74/><V22/><F22/><N who="3" m="15831" /><G42/><T109/><D109/><U69/><E90/><V95/><F95/><W104/><G104/><T97/><D50/><U28/><E106/><V107/><F129/><W48/><G15/><T56/><D130/><U73/><E73/><V119/><F115/><W113/><G113/><T1/><D56/><U45/><E45/><V6/><F6/><W83/><G93/><T17/><D1/><U82/><E33/><N who="2" m="20647" /><F119/><W54/><G54/><T135/><D11/><U32/><E32/><V110/><F110/><W133/><G133/><T55/><D55/><U25/><E69/><V27/><F107/><W134/><G134/><T87/><D135/><U121/><E68/><V10/><F10/><W118/><G118/><T49/><D49/><U114/><E114/><V131/><F132/><W91/><AGARI ba="2,1" hai="16,19,48,52,58,83,86,91" m="15831,46263" machi="91" ten="30,6000,0" yaku="8,1,54,2" doraHai="62" who="3" fromWho="3" sc="175,-22,277,-22,283,-22,255,76" owari="153,-34.7,255,-14.5,261,6.1,331,43.1" /></mjloggm>