<mjloggm ver="2.3"><GO type="225" lobby="0"/><UN n0="%E3%81%8B%E3%82%8F%E3%81%A1%E3%82%83%E3%82%93%35%38" n1="%6B%75%72%69%73%75" n2="%E4%B8%89%E5%88%86%E5%B0%8F%E5%83%A7" n3="%E6%A1%9C%E8%8A%B1%E9%96%83%E3%80%85" dan="16,16,16,16" rate="2175.85,2027.14,2076.68,2122.29" sx="M,F,M,M"/><TAIKYOKU oya="0"/><INIT seed="0,0,0,2,1,103" ten="250,250,250,250" oya="0" hai0="92,35,109,126,47,32,133,112,3,8,91,70,20" hai1="23,48,105,63,73,131,6,38,56,42,123,81,45" hai2="79,7,121,77,18,39,41,17,110,55,82,106,24" hai3="12,25,50,40,95,117,84,125,62,33,101,57,9"/><T29/><D70/><U51/><E123/><V69/><F121/><W83/><G117/><T10/><D47/><U21/><E131/><V71/><F110/><W34/><G125/><T118/><D92/><U26/><E105/><V116/><F116/><W11/><G25/><N who="0" m="16551" /><D91/><U1/><E23/><V104/><F7/><W94/><G33/><N who="0" m="12875" /><D118/><U60/><E60/><V74/><F79/><N who="3" m="46207" /><G34/><T97/><D97/><U119/><E119/><V15/><F24/><W14/><G50/><T59/><D59/><U64/><E81/><V2/><F2/><W90/><G40/><T135/><D112/><U28/><E73/><V129/><F18/><N who="3" m="8463" /><G90/><T98/><D126/><U100/><E100/><V67/><F129/><W108/><G101/><T85/><D109/><U72/><E72/><V65/><F69/><W132/><G108/><T5/><D98/><U58/><E58/><V124/><F124/><W37/><G37/><T68/><D85/><U130/><E130/><V0/><F71/><W4/><G132/><N who="0" m="50763" /><D68/><U80/><E80/><V27/><F39/><W75/><G75/><T134/><N who="0" m="50771" /><T19/><DORA hai="111" /><D10/><U44/><E45/><V114/><F82/><W46/><G46/><T113/><D113/><U43/><E42/><V61/><F41/><W89/><G89/><T31/><D31/><U36/><E38/><V93/><F74/><W107/><G107/><T76/><D76/><U66/><E66/><AGARI ba="0,0" hai="4,11,14,57,62,66,94,95" m="8463,46207" machi="66" ten="30,1000,0" yaku="8,1" doraHai="103,111" who="3" fromWho="1" sc="250,0,250,-10,250,0,250,10" /><INIT seed="1,0,0,4,3,116" ten="250,240,250,260" oya="1" hai0="27,118,40,113,91,23,75,106,21,0,64,61,86" hai1="62,124,16,95,126,78,103,101,30,97,87,121,104" hai2="58,51,7,129,90,48,36,93,3,24,96,88,65" hai3="14,89,46,25,18,123,110,108,45,22,122,79,2"/><U98/><E30/><V44/><F129/><W19/><G79/><T10/><D113/><U84/><E62/><V102/><F3/><W4/><G89/><T54/><D75/><U72/><E16/><V130/><F130/><W135/><G135/><T29/><D106/><U71/><E71/><V5/><F36/><W26/><G2/><T63/><D118/><U28/><E28/><V11/><F24/><W57/><G57/><T39/><D40/><U32/><E32/><V134/><F134/><W128/><G128/><T9/><D39/><U1/><E1/><V73/><F73/><W34/><G4/><N who="2" m="1609" /><F11/><N who="0" m="4106" /><D0/><U125/><E121/><N who="3" m="46090" /><G45/><T33/><D33/><U67/><E67/><V80/><F80/><AGARI ba="0,0" hai="72,78,80,84,87,95,97,98,101,103,104,124,125,126" machi="80" ten="40,12000,1" yaku="18,1,34,3" doraHai="116" who="1" fromWho="2" sc="250,0,240,120,250,-120,260,0" /><INIT seed="1,1,0,0,0,53" ten="250,360,130,260" oya="1" hai0="2,127,34,135,1,107,106,0,94,26,15,111,48" hai1="79,49,10,41,28,81,73,78,86,108,114,22,84" hai2="112,109,20,132,101,55,47,133,105,16,14,36,113" hai3="46,126,45,128,30,125,103,83,77,120,85,59,42"/><U63/><E114/><N who="2" m="44139" /><F101/><W54/><G120/><T19/><D111/><U5/><E73/><V131/><F105/><W58/><G128/><T65/><D135/><N who="2" m="51786" /><F36/><N who="3" m="21703" /><G30/><T9/><D127/><N who="3" m="48649" /><G103/><T93/><D65/><U64/><E108/><V21/><F109/><W7/><G7/><T31/><REACH who="0" step="1"/><D48/><AGARI ba="1,0" hai="46,48,54,58,59,77,83,85" m="48649,21703" machi="48" ten="30,3900,0" yaku="18,1,52,2" doraHai="53" who="3" fromWho="0" sc="250,-42,360,0,130,0,260,42" /><INIT seed="2,0,0,3,3,83" ten="208,360,130,302" oya="2" hai0="6,98,105,38,7,108,66,51,30,125,134,68,95" hai1="129,55,13,103,11,44,12,40,34,69,45,50,17" hai2="31,97,10,104,39,16,65,2,133,28,67,72,42" hai3="127,80,100,5,135,64,49,107,46,130,96,109,75"/><V87/><F72/><W73/><G109/><T79/><D38/><U115/><E34/><V90/><F133/><W26/><G135/><T56/><D105/><U117/><E69/><V91/><F39/><W85/><G127/><T25/><D134/><U74/><E74/><V23/><F42/><W77/><G130/><T82/><D68/><U33/><E33/><V35/><F104/><W86/><G64/><N who="2" m="24649" /><F35/><W61/><G61/><T126/><D108/><U110/><E115/><V32/><F2/><W102/><G5/><T78/><D126/><U18/><E117/><V76/><F32/><W47/><G102/><T124/><D124/><U93/><E129/><V122/><F10/><W22/><G75/><T120/><D120/><U132/><E110/><V99/><F122/><W27/><G27/><T112/><D112/><U63/><E132/><V92/><F76/><W15/><G15/><T70/><D79/><U57/><E13/><N who="2" m="9615" /><F99/><W24/><G24/><T111/><D70/><U60/><E12/><V81/><AGARI ba="0,0" hai="28,31,81,87,90,91,92,97" m="9615,24649" machi="81" ten="30,6000,0" yaku="8,1,52,1,54,1" doraHai="83" who="2" fromWho="2" sc="208,-20,360,-20,130,60,302,-20" /><INIT seed="2,1,0,2,2,20" ten="188,340,190,282" oya="2" hai0="121,18,59,96,72,19,99,11,129,16,27,42,86" hai1="115,10,84,7,64,95,88,0,91,106,100,6,132" hai2="61,3,120,83,43,25,71,130,103,15,98,125,28" hai3="114,92,65,50,74,73,122,62,48,53,45,131,85"/><V54/><F3/><W55/><G122/><T123/><D72/><U33/><E33/><V38/><F120/><W80/><G131/><T37/><D123/><U77/><E115/><V117/><F117/><W112/><G92/><T52/><D121/><U47/><E91/><V56/><F71/><W90/><G114/><T89/><D129/><U2/><E132/><V101/><F130/><W105/><G105/><T97/><D37/><U63/><E77/><V32/><F125/><W24/><G112/><T107/><D107/><U78/><E78/><V104/><F103/><W68/><REACH who="3" step="1"/><G24/><REACH who="3" ten="188,340,190,272" step="2"/><T57/><D42/><U14/><E106/><V108/><F108/><W134/><G134/><T23/><D59/><AGARI ba="1,1" hai="45,48,50,53,55,59,62,65,68,73,74,80,85,90" machi="59" ten="30,2000,0" yaku="1,1,7,1,53,0" doraHai="20" doraHaiUra="69" who="3" fromWho="0" sc="188,-23,340,0,190,0,272,33" /><INIT seed="3,0,0,0,3,64" ten="165,340,190,305" oya="3" hai0="93,102,128,114,62,97,85,17,123,132,30,89,68" hai1="113,1,107,122,116,99,28,92,32,26,42,43,15" hai2="121,125,111,50,16,104,108,103,67,40,91,134,81" hai3="41,36,29,72,135,76,112,65,101,39,23,34,73"/><W55/><G112/><T133/><D123/><U27/><E1/><V98/><F121/><W78/><G23/><T19/><D30/><U13/><E107/><V131/><F125/><W49/><G101/><T48/><D48/><U2/><E2/><V45/><F131/><W25/><G135/><N who="0" m="51787" /><D128/><U53/><E113/><V87/><F134/><W14/><G14/><T118/><D118/><U126/><E126/><V10/><F67/><W5/><G5/><T18/><D114/><U51/><E116/><V22/><REACH who="2" step="1"/><F10/><REACH who="2" ten="165,340,180,305" step="2"/><W95/><G65/><N who="0" m="41015" /><D17/><U6/><E122/><V58/><F58/><W11/><G11/><T120/><D120/><U79/><E6/><V35/><F35/><W83/><G41/><T94/><AGARI ba="0,1" hai="18,19,85,89,93,94,97,102" m="41015,51787" machi="94" ten="30,2000,0" yaku="20,1,52,1" doraHai="64" who="0" fromWho="0" sc="165,30,340,-5,180,-5,305,-10" owari="195,-20.5,335,43.5,175,-32.5,295,9.5" /></mjloggm>