<mjloggm ver="2.3"><GO type="225" lobby="0"/><UN n0="%E6%81%A5%E6%99%92%E3%81%97" n1="%E3%83%A9%E3%82%B9%E7%8E%87%EF%BC%93%E5%89%B2" n2="%E6%B8%A9%E2%98%85%E6%83%85%E2%98%85%E6%8E%AA%E2%98%85%E7%BD%AE" n3="%E5%8F%AF%E5%85%90%E9%82%A3%E7%94%B1%E5%A4%9A" dan="16,16,17,16" rate="2174.39,2188.08,2170.79,2123.45" sx="M,F,M,F"/><TAIKYOKU oya="0"/><INIT seed="0,0,0,2,5,34" ten="250,250,250,250" oya="0" hai0="63,2,3,57,77,58,20,60,56,73,98,31,110" hai1="71,32,39,123,27,21,132,51,93,106,49,18,128" hai2="72,0,134,9,127,40,105,120,103,125,75,126,53" hai3="116,35,25,30,48,46,24,129,94,99,68,117,52"/><T29/><D73/><U124/><E106/><V91/><F120/><W41/><G129/><T107/><D77/><U79/><E39/><V62/><F134/><W5/><G68/><T121/><D121/><U86/><E123/><V135/><F135/><W84/><G84/><T7/><D7/><U70/><E132/><V112/><F112/><W16/><G5/><T38/><D38/><U47/><E32/><V109/><F40/><W45/><G45/><T44/><D44/><U50/><E128/><V64/><F53/><W92/><G92/><T69/><D69/><U19/><E124/><V96/><F91/><W102/><REACH who="3" step="1"/><G41/><REACH who="3" ten="250,250,250,240" step="2"/><T22/><D107/><U28/><E47/><V11/><F109/><W97/><G97/><T74/><D74/><N who="2" m="28202" /><F0/><N who="0" m="42" /><D98/><U10/><E71/><AGARI ba="0,1" hai="9,11,62,64,71,96,103,105,125,126,127" m="28202" machi="71" ten="40,1300,0" yaku="18,1" doraHai="34" who="2" fromWho="1" sc="250,0,250,-13,250,23,240,0" /><INIT seed="1,0,0,1,3,46" ten="250,237,273,240" oya="1" hai0="25,118,37,131,132,3,129,75,17,126,117,84,44" hai1="38,62,124,65,98,127,40,95,64,130,114,48,0" hai2="42,120,94,60,78,74,9,89,108,31,93,103,83" hai3="96,105,13,16,99,36,12,22,27,135,87,11,55"/><U101/><E0/><V21/><F120/><W73/><G73/><T51/><D75/><U66/><E114/><V32/><F108/><W90/><G36/><T26/><D3/><U70/><E130/><N who="0" m="49673" /><D37/><U4/><E4/><V53/><F32/><W102/><G135/><T8/><D132/><U71/><E38/><V20/><F42/><W63/><G11/><T85/><D126/><N who="1" m="48171" /><E62/><V49/><F60/><W56/><REACH who="3" step="1"/><G99/><REACH who="3" ten="250,237,273,230" step="2"/><T82/><D8/><U47/><AGARI ba="0,1" hai="40,47,48,64,65,66,70,71,95,98,101" m="48171" machi="47" ten="40,3900,0" yaku="18,1,52,1" doraHai="46" who="1" fromWho="1" sc="250,-13,237,49,273,-13,230,-13" /><INIT seed="1,1,0,1,3,42" ten="237,286,260,217" oya="1" hai0="103,45,57,22,39,9,61,104,66,96,5,65,18" hai1="56,44,19,55,24,132,36,58,20,62,12,113,118" hai2="70,135,124,123,84,133,25,102,79,128,101,93,119" hai3="0,37,1,26,11,72,17,98,107,3,129,50,109"/><U100/><E113/><V15/><F70/><W111/><G37/><T67/><D39/><U83/><E118/><V91/><F25/><W52/><G72/><T23/><D23/><U30/><E132/><N who="2" m="50763" /><F119/><W4/><G129/><T28/><D28/><U60/><E100/><N who="2" m="38507" /><F15/><W16/><G98/><T90/><D90/><U33/><E83/><N who="2" m="47231" /><F128/><W89/><G89/><T92/><D104/><U7/><E7/><V48/><F48/><W78/><G78/><T131/><D131/><U121/><E121/><V2/><F2/><N who="3" m="407" /><G26/><N who="0" m="14679" /><D5/><U75/><E75/><V54/><F54/><W35/><G35/><T117/><D9/><U99/><E99/><N who="2" m="57791" /><F124/><W116/><G116/><T130/><D117/><U105/><E36/><V112/><F112/><W120/><G120/><AGARI ba="1,0" hai="120,123" m="57791,47231,38507,50763" machi="120" ten="30,3900,0" yaku="20,1,34,2" doraHai="42" who="2" fromWho="3" sc="237,0,286,0,260,42,217,-42" /><INIT seed="2,0,0,5,1,110" ten="237,286,302,175" oya="2" hai0="83,32,17,53,105,67,0,6,114,97,52,100,59" hai1="57,24,91,90,15,27,118,82,86,38,123,134,133" hai2="66,4,11,8,68,85,41,135,108,9,45,39,132" hai3="121,79,49,96,130,122,7,62,36,65,13,22,92"/><V81/><F108/><W55/><G36/><T5/><D32/><U25/><E118/><V94/><F94/><W10/><G130/><T98/><D114/><U35/><E38/><V117/><F117/><W80/><G22/><T125/><D125/><U88/><E123/><V103/><F103/><W99/><G49/><T61/><D83/><U3/><E3/><V127/><F127/><W64/><G55/><T30/><D30/><U50/><E15/><V18/><F18/><W128/><G128/><T70/><D17/><U84/><E35/><V31/><F31/><W115/><G115/><T75/><D75/><U102/><E102/><V16/><F16/><W34/><G34/><T28/><D28/><U33/><E33/><V37/><F37/><W29/><G29/><T14/><D0/><U69/><E69/><V46/><F46/><W73/><G65/><T119/><D119/><U109/><E109/><V1/><F68/><W107/><G107/><T19/><D98/><U63/><E50/><V56/><F56/><W21/><G21/><T113/><D113/><U12/><E12/><V78/><REACH who="2" step="1"/><F66/><REACH who="2" ten="237,286,292,175" step="2"/><W76/><G92/><N who="0" m="58407" /><D70/><U120/><E120/><V112/><F112/><W40/><G122/><T131/><D105/><U60/><E57/><V95/><F95/><W87/><G121/><T89/><D131/><U20/><E20/><V116/><F116/><W106/><G106/><T2/><D67/><U71/><E71/><V126/><F126/><W72/><G64/><T101/><D59/><U77/><E86/><V93/><F93/><W111/><G87/><T74/><D19/><RYUUKYOKU ba="0,1" sc="237,-15,286,15,292,15,175,-15" hai1="24,25,27,60,63,77,82,84,88,90,91,133,134" hai2="1,4,8,9,11,39,41,45,78,81,85,132,135" /><INIT seed="2,1,1,0,4,26" ten="222,301,307,160" oya="2" hai0="130,117,55,49,40,92,134,0,70,20,76,111,110" hai1="94,53,41,34,80,86,73,102,58,69,113,124,39" hai2="1,43,51,98,77,127,67,112,89,78,65,99,23" hai3="83,104,72,36,27,42,52,79,120,22,9,28,66"/><V107/><F112/><W15/><G120/><T29/><D0/><U37/><E113/><V6/><F127/><W105/><G66/><N who="2" m="25097" /><F1/><W84/><G72/><T101/><D70/><U46/><E69/><V97/><F107/><W132/><G132/><T85/><D130/><U122/><E73/><V103/><F6/><W25/><G42/><T126/><D126/><U125/><E34/><V59/><F103/><W74/><G36/><T4/><D4/><U64/><E122/><V7/><F7/><W44/><G74/><T61/><D134/><U12/><E64/><V88/><F23/><W54/><G25/><N who="0" m="16551" /><D101/><U68/><E68/><V18/><F18/><W133/><G133/><T35/><D35/><U106/><E106/><V121/><F121/><W62/><G54/><T30/><D117/><U47/><E125/><V5/><F5/><W128/><G128/><T63/><D30/><U24/><E124/><V13/><F13/><W115/><G115/><T90/><D76/><N who="2" m="29290" /><F59/><N who="3" m="35175" /><G105/><T75/><D75/><U129/><E129/><V38/><F38/><W95/><G104/><T81/><D81/><U96/><E39/><V32/><F32/><W82/><G82/><T50/><D63/><N who="1" m="36303" /><E37/><V19/><F19/><N who="3" m="8687" /><G95/><T119/><D61/><U87/><E80/><V100/><F100/><W45/><AGARI ba="1,1" hai="22,27,28,44,45,79,83,84" m="8687,35175" machi="45" ten="30,4000,0" yaku="8,1,52,1,54,1" doraHai="26" who="3" fromWho="3" sc="222,-11,301,-11,307,-21,160,53" /><INIT seed="3,0,0,2,5,105" ten="211,290,286,213" oya="3" hai0="99,7,89,94,26,49,12,20,48,8,81,95,119" hai1="125,3,109,11,132,127,113,88,60,64,72,30,37" hai2="104,129,51,103,44,96,107,56,24,58,34,1,93" hai3="134,102,80,59,16,116,32,43,91,0,25,71,61"/><W90/><G116/><T85/><D119/><U66/><E72/><V117/><F117/><W27/><G0/><T39/><D39/><U82/><E113/><V123/><F1/><W5/><G71/><T23/><D95/><U19/><E37/><V120/><F129/><W135/><G5/><T42/><D42/><U6/><E132/><N who="3" m="50730" /><G102/><T108/><D108/><U35/><E109/><V21/><F34/><W118/><G118/><T47/><D47/><U45/><E45/><V78/><F78/><W100/><G100/><T128/><D128/><U68/><E66/><V83/><F83/><W14/><G43/><T75/><D75/><U10/><E10/><V79/><F79/><W41/><G41/><T65/><D65/><U69/><E19/><V36/><F36/><W31/><G27/><T40/><D40/><U70/><E82/><V131/><F131/><W87/><G87/><T98/><D98/><U122/><E122/><N who="2" m="46635" /><F107/><W22/><G80/><T110/><D110/><U130/><E130/><V77/><F77/><W4/><G4/><T112/><D112/><U54/><E88/><N who="2" m="55335" /><F104/><W17/><G17/><T67/><D67/><AGARI ba="0,0" hai="14,16,22,25,31,32,59,61,67,90,91" m="50730" machi="67" ten="30,2900,0" yaku="20,1,54,1" doraHai="105" who="3" fromWho="0" sc="211,-29,290,0,286,0,213,29" /><INIT seed="3,1,0,0,3,14" ten="182,290,286,242" oya="3" hai0="112,6,53,78,31,27,67,12,134,118,80,3,124" hai1="69,33,113,85,35,63,117,110,103,123,84,77,83" hai2="125,82,62,74,38,128,116,94,97,55,96,87,23" hai3="59,41,52,133,130,86,115,1,122,91,43,5,15"/><W65/><G115/><T79/><D118/><U71/><E123/><V107/><F38/><W8/><G122/><T88/><D124/><U100/><E113/><V30/><F74/><W99/><G130/><T49/><D134/><U104/><E117/><V127/><F116/><W7/><G133/><T20/><D112/><U60/><E110/><V18/><F30/><W44/><G99/><T21/><D3/><U11/><E11/><V0/><F0/><W129/><G129/><T42/><D67/><U95/><E95/><V101/><F128/><W81/><G1/><T2/><D2/><U73/><E83/><V126/><F55/><W114/><G5/><T32/><D42/><U58/><E58/><V47/><F62/><N who="3" m="38111" /><G114/><T51/><D51/><AGARI ba="1,0" hai="7,8,15,41,43,44,51,52,81,86,91" m="38111" machi="51" ten="30,2900,0" yaku="8,1,54,1" doraHai="14" who="3" fromWho="0" sc="182,-32,290,0,286,0,242,32" /><INIT seed="3,2,0,5,1,39" ten="150,290,286,274" oya="3" hai0="42,68,73,63,59,82,38,127,92,120,44,26,7" hai1="129,70,121,69,56,41,34,40,74,22,24,103,117" hai2="71,100,62,115,105,101,6,111,91,118,125,58,49" hai3="66,11,4,2,84,60,119,89,131,19,53,106,108"/><W15/><G119/><T133/><D127/><U64/><E121/><V124/><F118/><W0/><G106/><T126/><D126/><N who="2" m="48746" /><F115/><W57/><G131/><T109/><D109/><U130/><E34/><V25/><F111/><W16/><G108/><T93/><D120/><U30/><E117/><V75/><F75/><W104/><G104/><T47/><D133/><U88/><E74/><V110/><F110/><W32/><G32/><T55/><D68/><U77/><E77/><V48/><F71/><W123/><G123/><T46/><D26/><U90/><E103/><N who="2" m="39499" /><F6/><W27/><G0/><T8/><D47/><U1/><E1/><V76/><F76/><W29/><G2/><N who="0" m="119" /><D46/><U9/><E9/><V95/><F25/><W113/><G113/><T96/><D96/><U51/><E70/><V50/><F105/><W116/><G116/><T36/><D36/><U67/><E69/><V31/><F31/><W45/><G29/><T122/><D122/><U20/><E20/><V87/><F50/><N who="3" m="28879" /><G27/><T52/><D55/><AGARI ba="2,0" hai="48,49,55,58,62,87,91,95" m="39499,48746" machi="55" ten="30,1000,0" yaku="18,1" doraHai="39" who="2" fromWho="0" sc="150,-16,290,0,286,16,274,0" owari="134,-36.6,290,9.0,302,40.2,274,-12.6" /></mjloggm>