<mjloggm ver="2.3"><GO type="225" lobby="0"/><UN n0="%E3%81%A4%E3%81%A3%E3%81%B1%E3%82%8A%E3%83%9D%E3%83%BC%E3%83%AB" n1="%E4%B8%89%E5%88%86%E5%B0%8F%E5%83%A7" n2="%65%76%69%61%6E%36%31%39" n3="%E6%A1%9C%E8%8A%B1%E9%96%83%E3%80%85" dan="17,16,16,16" rate="2183.16,2056.60,2096.08,2128.26" sx="M,M,M,M"/><TAIKYOKU oya="0"/><INIT seed="0,0,0,0,3,133" ten="250,250,250,250" oya="0" hai0="12,22,115,39,69,72,25,36,102,78,63,101,53" hai1="112,58,15,122,5,70,85,81,118,68,129,88,124" hai2="132,26,83,13,40,41,105,46,52,16,54,121,4" hai3="87,49,43,97,106,8,126,67,56,135,59,96,99"/><T0/><D0/><U61/><E118/><V9/><F121/><W66/><G135/><T18/><D115/><U89/><E122/><V47/><F105/><W84/><G106/><T27/><D72/><U104/><E104/><V82/><F132/><W20/><G8/><T6/><D78/><U32/><E32/><V45/><F82/><W33/><G33/><T65/><D53/><N who="2" m="20586" /><F83/><W29/><G126/><T107/><D27/><U31/><E31/><V131/><F131/><W17/><G29/><T98/><REACH who="0" step="1"/><D102/><REACH who="0" ten="240,250,250,250" step="2"/><U86/><E129/><V91/><F91/><W109/><G67/><T127/><D127/><U38/><E124/><V80/><F80/><W74/><G66/><T125/><D125/><U95/><E112/><V77/><F77/><W21/><G74/><T111/><D111/><U108/><E108/><V123/><F123/><W44/><G109/><T51/><D51/><U92/><E38/><V76/><F76/><W116/><G116/><T73/><D73/><U34/><E81/><V14/><F26/><W48/><G48/><T3/><D3/><U93/><E89/><V30/><F30/><W71/><G49/><T79/><D79/><U117/><E117/><V119/><F119/><W42/><G42/><T64/><D64/><U110/><E110/><V11/><AGARI ba="0,1" hai="4,9,11,13,14,16,40,41,45,46,47" m="20586" machi="11" ten="30,4000,0" yaku="8,1,54,2" doraHai="133" who="2" fromWho="2" sc="240,-20,250,-10,250,50,250,-10" /><INIT seed="1,0,0,5,3,124" ten="220,240,300,240" oya="1" hai0="32,83,43,49,68,21,102,15,52,28,14,26,8" hai1="90,79,1,129,121,59,27,111,114,11,18,123,54" hai2="65,51,77,69,0,134,116,117,20,70,96,118,72" hai3="39,92,35,6,30,91,46,107,109,98,10,95,37"/><U64/><E114/><V66/><F0/><W23/><G35/><T56/><D68/><U120/><E64/><V132/><F20/><W57/><G107/><T60/><D102/><U89/><E79/><V127/><F127/><W25/><G109/><T41/><D32/><U113/><E113/><V4/><F4/><W76/><G76/><T84/><D60/><U62/><E111/><V45/><F96/><W40/><G57/><T2/><D2/><U103/><E103/><V36/><F36/><W135/><G135/><N who="2" m="51753" /><F77/><W126/><G126/><T93/><D93/><U22/><REACH who="1" step="1"/><E129/><REACH who="1" ten="220,230,300,240" step="2"/><V81/><F72/><W131/><G131/><T3/><D3/><U133/><E133/><V74/><F74/><W112/><G112/><T106/><D106/><U55/><E55/><N who="2" m="30191" /><F81/><W75/><G75/><T85/><D83/><U16/><E16/><V82/><F82/><W33/><G95/><T78/><D78/><U7/><AGARI ba="0,1" hai="1,7,11,18,22,27,54,59,62,89,90,120,121,123" machi="7" ten="40,3900,0" yaku="1,1,0,1,53,0" doraHai="124" doraHaiUra="94" who="1" fromWho="1" sc="220,-13,230,49,300,-13,240,-13" /><INIT seed="1,1,0,0,0,51" ten="207,279,287,227" oya="1" hai0="80,86,69,24,42,64,77,135,126,18,21,88,113" hai1="52,25,60,102,23,40,68,35,121,22,79,108,110" hai2="17,71,97,63,119,55,50,125,90,47,57,106,61" hai3="95,34,123,76,12,134,1,48,120,28,36,117,115"/><U118/><E118/><V99/><F119/><W133/><G36/><T59/><D113/><U89/><E121/><N who="3" m="46666" /><G76/><T94/><D135/><N who="3" m="51721" /><G95/><T67/><D126/><U11/><E40/><V91/><F125/><W26/><G117/><T96/><D69/><U93/><E102/><V78/><F71/><W132/><N who="3" m="51729" /><W30/><DORA hai="5" /><G115/><T19/><D42/><U114/><E79/><V81/><F63/><W127/><G127/><T116/><D116/><U32/><E114/><V103/><F99/><W54/><G1/><T53/><D19/><U49/><E11/><V38/><F38/><W44/><G12/><T105/><D105/><U43/><E43/><V14/><F81/><W112/><G112/><T109/><D109/><N who="1" m="42091" /><E60/><AGARI ba="1,0" hai="18,21,24,53,59,60,64,67,77,80,86,88,94,96" machi="60" ten="30,12000,2" yaku="7,1,25,2,8,1,52,1,54,1" doraHai="51,5" who="0" fromWho="1" sc="207,123,279,-123,287,0,227,0" /><INIT seed="2,0,0,3,0,36" ten="330,156,287,227" oya="2" hai0="35,0,39,1,53,55,120,57,110,63,90,6,89" hai1="58,117,81,19,92,103,79,20,105,126,93,40,83" hai2="18,60,45,33,38,84,123,3,131,68,64,107,135" hai3="65,122,129,4,74,114,75,128,56,121,73,124,41"/><V125/><RYUUKYOKU type="yao9" ba="0,0" sc="330,0,156,0,287,0,227,0" hai2="3,18,33,38,45,60,64,68,84,107,123,125,131,135" /><INIT seed="2,1,0,3,0,50" ten="330,156,287,227" oya="2" hai0="10,110,45,86,6,78,58,73,95,72,104,124,11" hai1="34,29,23,19,125,51,118,60,49,109,3,24,16" hai2="15,115,106,122,40,105,4,103,111,132,96,8,12" hai3="126,113,75,100,97,70,61,39,77,47,35,102,79"/><V27/><F122/><W80/><G126/><T25/><D104/><U53/><E109/><V67/><F115/><W63/><G113/><T0/><D110/><U28/><E125/><V48/><F132/><W5/><G79/><T85/><D124/><U62/><E118/><V90/><F67/><W59/><G35/><T44/><D25/><U99/><E3/><V107/><F90/><W135/><G135/><T66/><D11/><U127/><E127/><V93/><F111/><W54/><G5/><T119/><D119/><U123/><E123/><V87/><F87/><W7/><G7/><T38/><D45/><U36/><E36/><V2/><F27/><W133/><G133/><T84/><D95/><U30/><E34/><V71/><F71/><W114/><G114/><T64/><D58/><U98/><E19/><V129/><F129/><W31/><G31/><T65/><REACH who="0" step="1"/><D78/><REACH who="0" ten="320,156,287,227" step="2"/><U55/><E98/><V21/><F21/><W117/><G117/><T91/><D91/><U108/><E99/><V56/><F56/><W101/><G97/><T68/><D68/><U131/><E108/><V42/><F42/><AGARI ba="1,1" hai="0,6,10,38,42,44,64,65,66,72,73,84,85,86" machi="42" ten="40,1300,0" yaku="1,1,53,0" doraHai="50" doraHaiUra="26" who="0" fromWho="2" sc="320,26,156,0,287,-16,227,0" /><INIT seed="3,0,0,1,0,130" ten="346,156,271,227" oya="3" hai0="122,9,34,30,10,2,47,92,123,110,33,132,15" hai1="85,11,38,118,13,88,135,115,81,1,32,31,37" hai2="90,60,54,134,77,20,124,22,35,113,104,17,50" hai3="86,46,80,36,83,12,120,117,125,64,131,5,109"/><W95/><G117/><T48/><D92/><U119/><E1/><V102/><F35/><N who="0" m="13322" /><D48/><U7/><E115/><V52/><F113/><W29/><G120/><T69/><D47/><U99/><E99/><V72/><F22/><W4/><G131/><T100/><D100/><U26/><REACH who="1" step="1"/><E135/><REACH who="1" ten="346,146,271,227" step="2"/><V75/><F134/><W126/><G109/><T101/><D132/><U67/><E67/><V116/><F116/><AGARI ba="0,1" hai="7,11,13,26,31,32,37,38,81,85,88,116,118,119" machi="116" ten="40,8000,1" yaku="1,1,12,1,54,1,53,1" doraHai="130" doraHaiUra="3" who="1" fromWho="2" sc="346,0,146,90,271,-80,227,0" owari="346,44.6,236,3.6,191,-30.9,227,-17.3" /></mjloggm>