<mjloggm ver="2.3"><GO type="225" lobby="0"/><UN n0="%E3%83%81%E3%83%83%E3%82%BF%E3%82%BD%E3%83%BC" n1="%E3%81%82%E3%81%99%E3%81%AA%E3%82%8D%E3%83%A9%E3%82%A4%E3%83%80%E3%83%BC" n2="%E3%83%A9%E3%82%A4%E3%83%B3%E3%81%AE%E8%99%8E" n3="%66%67%67%68%68%64%66" dan="16,16,16,16" rate="2130.01,2154.17,2195.40,2080.99" sx="F,M,M,M"/><TAIKYOKU oya="0"/><INIT seed="0,0,0,2,2,135" ten="250,250,250,250" oya="0" hai0="113,103,37,21,40,126,23,20,69,131,48,85,84" hai1="41,8,83,98,64,110,13,54,10,101,33,111,9" hai2="47,3,44,14,120,26,71,130,25,124,6,108,28" hai3="91,18,129,116,97,19,81,73,30,122,128,62,52"/><T66/><D131/><N who="3" m="50249" /><G122/><T51/><D113/><U70/><E33/><V94/><F71/><W7/><G116/><T65/><D103/><U61/><E41/><V55/><F120/><W134/><G134/><T89/><D37/><U77/><E54/><V76/><F108/><W22/><G7/><T114/><D114/><U56/><E70/><V75/><F3/><W115/><G115/><T119/><D119/><U60/><E60/><V27/><F28/><W46/><G73/><T68/><D23/><U35/><E35/><V29/><F29/><W53/><G46/><T93/><D93/><U1/><E1/><V80/><F130/><W92/><G81/><T74/><D74/><U0/><E0/><V45/><F94/><W31/><G18/><T78/><D89/><U4/><E111/><V102/><F102/><W112/><G112/><T50/><D50/><U59/><E59/><V67/><F67/><W86/><G86/><T87/><D87/><U105/><REACH who="1" step="1"/><E110/><REACH who="1" ten="250,240,250,250" step="2"/><V121/><F121/><W36/><G53/><T24/><D40/><U90/><E90/><V16/><F55/><W95/><G36/><T12/><D78/><U107/><E107/><V11/><REACH who="2" step="1"/><F124/><REACH who="2" ten="250,240,240,250" step="2"/><W96/><G52/><T32/><D126/><U72/><AGARI ba="0,2" hai="4,8,9,10,13,56,61,64,72,77,83,98,101,105" machi="72" ten="20,2700,0" yaku="1,1,0,1,7,1,53,0" doraHai="135" doraHaiUra="127" who="1" fromWho="1" sc="250,-13,240,47,240,-7,250,-7" /><INIT seed="1,0,0,1,0,0" ten="237,287,233,243" oya="1" hai0="67,66,34,52,98,50,128,91,55,7,43,33,96" hai1="79,19,111,60,8,39,127,102,114,122,6,77,73" hai2="65,94,113,24,72,107,100,104,3,27,14,117,74" hai3="48,15,68,110,115,29,84,1,41,82,133,70,134"/><U131/><E114/><V11/><F117/><W12/><G1/><T56/><D128/><U51/><E122/><V83/><F3/><W101/><G115/><T4/><D43/><U54/><E131/><V17/><F113/><W130/><G130/><T53/><D91/><U30/><E111/><V109/><F109/><W62/><G110/><T124/><D124/><U10/><E127/><V71/><F94/><W87/><G29/><T45/><D56/><U116/><E39/><V47/><F47/><N who="3" m="25711" /><G101/><T9/><D9/><U90/><E116/><V40/><F40/><W86/><G82/><T108/><D108/><U105/><E90/><V85/><F71/><N who="3" m="27179" /><G62/><T42/><D33/><U16/><E102/><V58/><F72/><W5/><G5/><N who="0" m="2123" /><D34/><U59/><E105/><V44/><F74/><W112/><G112/><T20/><D20/><U118/><E73/><V69/><F107/><W81/><G81/><T126/><D126/><U99/><E118/><V95/><F83/><W57/><G57/><T25/><D25/><U106/><E59/><V21/><F58/><W80/><G80/><T129/><D129/><U61/><E106/><V88/><F104/><W135/><AGARI ba="0,0" hai="12,15,84,86,87,133,134,135" m="27179,25711" machi="135" ten="40,1500,0" yaku="20,1" doraHai="0" who="3" fromWho="3" sc="237,-4,287,-7,233,-4,243,15" /><INIT seed="2,0,0,2,4,4" ten="233,280,229,258" oya="2" hai0="114,90,69,73,52,44,122,38,76,129,72,131,74" hai1="120,1,130,42,43,21,56,63,48,18,134,84,24" hai2="133,22,104,87,75,26,109,8,77,83,31,66,91" hai3="96,79,47,110,113,32,103,127,50,95,102,112,78"/><V6/><F133/><W62/><G32/><T27/><D122/><U68/><E120/><V9/><F104/><W15/><G110/><T132/><D132/><U53/><E134/><V70/><F109/><W29/><G127/><T128/><D114/><N who="3" m="44137" /><G103/><T60/><D90/><U115/><E130/><V125/><F125/><W33/><G15/><T45/><D27/><U86/><E115/><V34/><F6/><W93/><G93/><T121/><D121/><U111/><E111/><V107/><F107/><W49/><G62/><T54/><D76/><N who="3" m="29225" /><G47/><N who="0" m="17995" /><D38/><U30/><E1/><V20/><F34/><W2/><G2/><T135/><D135/><U89/><E30/><V7/><F7/><W57/><G57/><T35/><D35/><U92/><E86/><V39/><F39/><W19/><G19/><T67/><AGARI ba="0,0" hai="52,54,60,67,69,72,73,74,128,129,131" m="17995" machi="67" ten="50,3200,0" yaku="19,1,54,1" doraHai="4" who="0" fromWho="0" sc="233,32,280,-8,229,-16,258,-8" /><INIT seed="3,0,0,1,5,96" ten="265,272,213,250" oya="3" hai0="50,64,104,10,13,70,135,60,9,82,16,102,44" hai1="33,51,52,128,30,120,37,20,88,119,84,101,81" hai2="66,39,59,124,117,123,110,79,47,43,125,40,115" hai3="121,116,35,27,112,21,95,92,76,69,129,45,22"/><W100/><G112/><T17/><D135/><U87/><E120/><V103/><F79/><W18/><G116/><T109/><D109/><U32/><E128/><V99/><F115/><W61/><G121/><T23/><D82/><U3/><E3/><V46/><F123/><W122/><G122/><T133/><D133/><U113/><E113/><V90/><F90/><W118/><G118/><T132/><D132/><U85/><E37/><V12/><F117/><W126/><G126/><T74/><D74/><U72/><E119/><V8/><F110/><W127/><G127/><T86/><D86/><U105/><E20/><V97/><F97/><W56/><G69/><T68/><D70/><U83/><E72/><V26/><F26/><W53/><G35/><T4/><D4/><U108/><E108/><V28/><F28/><W111/><G129/><T25/><D104/><U7/><E7/><V114/><F114/><W65/><G76/><T38/><D38/><U134/><E134/><V41/><F59/><W93/><G111/><T71/><D71/><U130/><E130/><V31/><F66/><W0/><G0/><T67/><D67/><U48/><E30/><V80/><F31/><W1/><G1/><T2/><D2/><U34/><E51/><N who="2" m="27079" /><F80/><N who="1" m="30793" /><E101/><V57/><F57/><W107/><G107/><T131/><D131/><U77/><E105/><N who="2" m="63743" /><F41/><W42/><G22/><N who="0" m="11535" /><D102/><U63/><E63/><V15/><F8/><W5/><G100/><T6/><D6/><U49/><E77/><V29/><F29/><W91/><G5/><T11/><D9/><U54/><E33/><V89/><F89/><RYUUKYOKU ba="0,0" sc="265,15,272,-15,213,15,250,-15" hai0="10,11,17,23,25,44,50,60,64,68" hai2="12,15,39,43,47,124,125" /><INIT seed="4,1,0,3,2,97" ten="280,257,228,235" oya="0" hai0="115,58,119,8,17,77,67,40,100,19,116,9,86" hai1="132,120,96,38,13,103,5,111,75,118,101,128,49" hai2="130,104,42,27,123,78,14,93,41,35,37,16,30" hai3="124,125,43,81,6,15,64,52,0,65,74,84,135"/><T23/><D115/><U90/><E118/><V113/><F123/><W51/><G0/><T88/><D77/><U131/><E120/><V106/><F113/><W73/><G43/><T63/><D100/><N who="1" m="38475" /><E111/><V22/><F130/><N who="1" m="49705" /><E132/><V55/><F78/><W127/><G73/><T57/><D40/><U21/><E38/><V85/><F55/><W109/><G74/><T45/><D45/><U122/><E75/><V54/><F54/><W107/><G107/><T68/><D116/><U92/><E49/><V80/><F41/><W76/><G135/><T34/><D119/><U25/><E122/><V39/><F93/><W117/><G109/><T44/><D34/><U121/><E121/><V20/><F35/><W66/><G117/><T11/><D44/><U36/><E36/><V24/><F24/><W33/><G33/><T95/><REACH who="0" step="1"/><D17/><REACH who="0" ten="270,257,228,235" step="2"/><N who="1" m="12463" /><E5/><V114/><F114/><W94/><G6/><T3/><D3/><U60/><E60/><V61/><F61/><W112/><G112/><T12/><AGARI ba="1,1" hai="8,9,11,12,19,23,57,58,63,67,68,86,88,95" machi="12" ten="30,6000,0" yaku="1,1,0,1,54,1,53,0" doraHai="97" doraHaiUra="72" who="0" fromWho="0" sc="270,73,257,-21,228,-21,235,-21" owari="343,44.3,236,3.6,207,-29.3,214,-18.6" /></mjloggm>