<mjloggm ver="2.3"><GO type="225" lobby="0"/><UN n0="%E9%A6%AC%E5%BC%95%E7%81%AB%33" n1="%E3%83%96%E3%83%83%E3%83%91%E3%82%AA%E3%83%96%E3%83%81%E3%82%AD%E3%83%B3" n2="%E6%A1%9C%E8%8A%B1%E9%96%83%E3%80%85" n3="%E6%98%93%E5%88%A9%E8%96%A9%E4%BC%AF" dan="16,16,17,17" rate="2116.68,2205.46,2263.64,2156.97" sx="M,M,M,F"/><TAIKYOKU oya="0"/><INIT seed="0,0,0,0,2,72" ten="250,250,250,250" oya="0" hai0="11,92,65,109,116,80,112,24,96,51,21,55,94" hai1="97,18,61,1,121,14,13,31,10,64,128,8,120" hai2="53,23,3,38,79,2,105,57,103,45,133,85,16" hai3="71,76,95,90,7,130,49,117,41,74,17,108,15"/><T4/><D112/><U132/><E97/><V93/><F105/><W37/><G71/><T99/><D116/><U27/><E1/><V52/><F133/><W35/><G117/><T66/><D109/><U107/><E107/><V47/><F38/><W122/><G35/><T73/><D73/><U46/><E46/><N who="2" m="17419" /><F2/><W58/><G37/><T36/><D80/><U22/><E132/><V102/><F3/><W127/><G122/><T68/><D68/><U115/><E115/><V43/><F43/><W9/><G130/><T59/><D36/><U77/><E128/><V81/><F93/><N who="0" m="35946" /><D99/><U106/><E106/><V30/><F30/><W126/><G41/><T34/><D96/><U114/><E114/><V123/><F123/><W89/><G108/><T91/><D91/><U87/><E87/><V101/><F57/><W62/><G49/><T48/><D48/><U135/><E77/><V134/><F134/><W69/><G69/><T32/><D32/><U113/><E113/><V67/><F67/><W42/><G42/><T6/><D34/><U86/><E86/><V5/><F5/><W75/><G7/><T84/><D4/><N who="1" m="3207" /><E135/><V0/><F0/><W28/><G75/><T82/><D84/><U20/><E121/><V56/><F56/><W19/><G58/><T40/><D40/><U39/><E120/><V88/><F79/><W70/><G76/><T83/><D83/><U129/><E129/><V78/><F78/><W124/><G74/><T125/><D82/><U54/><E39/><V44/><N who="2" m="17427" /><V60/><DORA hai="98" /><F60/><W104/><G62/><T110/><D110/><RYUUKYOKU ba="0,0" sc="250,-10,250,-10,250,30,250,-10" hai2="16,23,52,53,81,85,88,101,102,103" /><INIT seed="1,1,0,2,1,93" ten="240,240,280,240" oya="1" hai0="17,111,131,14,120,24,100,95,1,45,67,81,115" hai1="104,7,77,133,39,3,107,48,99,5,13,69,32" hai2="11,59,84,4,101,127,19,105,125,83,20,29,41" hai3="33,122,22,76,78,36,112,94,98,102,88,16,129"/><U55/><E39/><V26/><F41/><W9/><G122/><T126/><D115/><U121/><E121/><V71/><F71/><W106/><G33/><T28/><D120/><U113/><E113/><V12/><F59/><W103/><G112/><T123/><D123/><U18/><E32/><V53/><F53/><W110/><G36/><T85/><D111/><U74/><E69/><V34/><F101/><N who="3" m="38411" /><G106/><T92/><D126/><N who="2" m="48138" /><F105/><W2/><G2/><T73/><D131/><U68/><E68/><V132/><F132/><W30/><G110/><T89/><D1/><U65/><E133/><V37/><F37/><W96/><G129/><T25/><D67/><U50/><E65/><V47/><F47/><W130/><G130/><T75/><D75/><U91/><E3/><N who="2" m="415" /><F84/><N who="3" m="52487" /><G9/><T118/><D118/><U64/><E64/><V108/><F83/><W23/><G30/><T82/><D28/><U86/><E74/><V35/><F108/><W79/><G23/><AGARI ba="1,0" hai="12,19,20,23,26,29,34,35" m="415,48138" machi="23" ten="30,3900,0" yaku="18,1,34,2" doraHai="93" who="2" fromWho="3" sc="240,0,240,0,280,42,240,-42" /><INIT seed="2,0,0,1,4,26" ten="240,240,322,198" oya="2" hai0="78,34,88,93,50,61,41,87,62,7,21,113,57" hai1="38,31,47,59,4,92,83,126,107,46,120,65,89" hai2="24,118,66,9,49,1,115,112,121,130,56,116,28" hai3="12,96,114,85,91,133,69,42,2,117,99,51,71"/><V84/><F84/><W122/><G2/><T52/><D113/><N who="2" m="43594" /><F49/><W3/><G114/><T25/><D34/><U0/><E107/><V125/><F56/><W5/><G3/><T37/><D7/><U103/><E126/><V94/><F94/><W134/><G117/><T60/><D78/><U124/><E124/><V105/><F125/><W36/><G36/><T18/><D37/><U101/><E120/><V127/><F127/><W6/><G122/><T119/><D119/><U108/><E108/><V131/><F66/><W13/><G51/><T111/><D111/><U63/><E38/><V54/><F54/><W73/><G85/><T79/><D79/><U104/><E104/><V68/><F68/><W102/><G42/><AGARI ba="0,0" hai="18,21,25,41,42,50,52,57,60,61,62,87,88,93" machi="42" ten="40,5200,0" yaku="8,1,54,2" doraHai="26" who="0" fromWho="3" sc="240,52,240,0,322,0,198,-52" /><INIT seed="3,0,0,0,1,106" ten="292,240,322,146" oya="3" hai0="97,88,126,100,37,52,104,121,90,47,71,9,0" hai1="58,102,67,133,49,65,108,2,72,103,89,116,7" hai2="59,13,68,79,111,57,119,134,124,18,122,22,80" hai3="29,34,101,10,64,42,130,36,125,45,14,55,63"/><W127/><G130/><T85/><D121/><U92/><E72/><V4/><F68/><W95/><G55/><T15/><D71/><U35/><E35/><V28/><F111/><W120/><G120/><T98/><D126/><U19/><E2/><V41/><F122/><W53/><G53/><T61/><D0/><U99/><E108/><V129/><F119/><W114/><G114/><T24/><D24/><U26/><E116/><V76/><F124/><W48/><G36/><T96/><D37/><U40/><E133/><V20/><F4/><W23/><G34/><T11/><D11/><U86/><E7/><V123/><F134/><W70/><G23/><T93/><D90/><U38/><E38/><V84/><F123/><W6/><REACH who="3" step="1"/><G29/><REACH who="3" ten="292,240,322,136" step="2"/><T73/><D61/><N who="1" m="38071" /><E67/><V17/><F28/><W115/><G115/><T107/><D107/><U131/><E131/><V12/><F129/><W77/><G77/><N who="2" m="29769" /><F41/><W128/><G128/><T78/><D52/><U74/><E40/><V109/><F109/><W51/><G51/><T31/><D31/><U21/><E49/><V82/><F22/><W83/><G83/><N who="0" m="45519" /><D47/><U118/><E118/><V69/><F80/><W56/><G56/><T62/><D62/><U33/><E33/><V91/><F69/><W1/><G1/><T30/><D30/><U43/><E43/><V105/><F57/><W94/><G94/><T112/><D112/><U5/><E92/><V32/><F59/><W60/><G60/><T44/><D44/><U87/><E21/><N who="2" m="11431" /><F32/><W27/><G27/><T25/><D25/><U132/><E132/><V135/><F135/><RYUUKYOKU ba="0,1" sc="292,10,240,-30,322,10,136,10" hai0="9,15,85,88,93,96,97,98,100,104" hai2="13,18,20,82,84,91,105" hai3="6,10,14,42,45,48,63,64,70,95,101,125,127" /><INIT seed="3,1,1,5,2,37" ten="302,210,332,146" oya="3" hai0="108,62,110,11,82,60,51,92,79,88,20,99,74" hai1="134,49,9,128,123,98,64,71,55,36,13,77,104" hai2="114,21,90,78,105,85,106,119,23,86,58,40,103" hai3="2,100,96,95,7,53,5,129,6,59,24,109,102"/><W33/><G129/><T8/><D51/><U75/><E123/><V34/><F114/><W61/><G109/><N who="0" m="42091" /><D20/><U28/><E128/><V69/><F40/><W93/><G2/><T35/><D35/><U116/><E36/><V84/><F69/><W83/><G83/><T67/><D60/><U94/><E134/><V18/><F21/><W47/><G47/><T121/><D121/><U68/><E116/><V46/><F58/><AGARI ba="1,1" hai="8,11,58,62,67,74,79,82,88,92,99" m="42091" machi="58" ten="30,2000,0" yaku="14,1,54,1" doraHai="37" who="0" fromWho="2" sc="302,33,210,0,332,-23,146,0" owari="335,43.5,210,-19.0,309,10.9,146,-35.4" /></mjloggm>