<mjloggm ver="2.3"><GO type="225" lobby="0"/><UN n0="%E3%83%81%E3%83%A7%E3%83%99%E3%83%83%E3%82%AF" n1="%72%61%6B%33" n2="%E3%83%A9%E3%83%BC%E3%83%A1%E3%83%B3%E4%BA%94%E9%83%8E" n3="%E5%B0%8F%E9%B3%A5%E9%81%8A%E7%B7%B4%E7%84%A1%32%31%E6%AD%B3" dan="16,16,16,17" rate="2144.57,2142.08,2166.86,2142.85" sx="M,M,M,F"/><TAIKYOKU oya="0"/><INIT seed="0,0,0,0,2,46" ten="250,250,250,250" oya="0" hai0="104,67,29,105,50,18,9,4,52,99,64,124,112" hai1="28,32,35,62,20,123,0,65,98,54,127,118,84" hai2="111,77,110,78,90,23,26,17,83,68,61,3,100" hai3="89,88,33,36,70,97,113,109,14,94,126,5,1"/><T59/><D112/><U10/><E123/><V60/><F3/><W120/><G36/><T73/><D73/><U34/><E118/><V43/><F43/><W31/><G113/><T91/><D124/><U79/><E127/><V15/><F100/><W13/><G126/><T135/><D135/><U92/><E79/><V16/><F90/><W95/><G70/><T117/><D29/><U42/><E84/><N who="2" m="48239" /><F78/><W7/><G109/><N who="2" m="41481" /><F68/><W119/><G119/><T129/><D117/><U134/><E42/><V86/><F86/><W93/><G120/><T76/><D76/><U53/><E134/><V41/><F41/><W108/><G108/><T81/><D129/><U63/><E63/><V57/><F57/><W37/><G1/><T96/><D105/><U115/><E115/><V82/><F82/><W49/><G94/><T75/><D104/><U48/><E92/><V130/><F130/><W133/><G133/><T66/><D75/><U87/><E87/><V21/><AGARI ba="0,0" hai="15,16,17,21,23,26,60,61" m="41481,48239" machi="21" ten="30,2000,0" yaku="14,1,54,1" doraHai="46" who="2" fromWho="2" sc="250,-10,250,-5,250,20,250,-5" /><INIT seed="1,0,0,2,3,95" ten="240,245,270,245" oya="1" hai0="61,87,130,92,101,79,128,32,48,54,35,126,96" hai1="85,70,43,57,11,112,133,51,124,83,16,89,19" hai2="106,78,26,98,72,30,31,113,115,77,64,36,24" hai3="28,40,58,41,114,131,91,46,93,17,107,12,122"/><U127/><E112/><N who="2" m="43083" /><F36/><W56/><G107/><T6/><D6/><U132/><E70/><V100/><F64/><W102/><G122/><T0/><D0/><U49/><E49/><V15/><F15/><W38/><G114/><T110/><D110/><U111/><E111/><V119/><F119/><W45/><G28/><N who="2" m="10793" /><F72/><W71/><G102/><T52/><D126/><N who="1" m="48171" /><E11/><V47/><F47/><W60/><G71/><T88/><D79/><AGARI ba="0,0" hai="24,26,77,78,79,98,100,106" m="10793,43083" machi="79" ten="30,2000,0" yaku="11,1,52,1" doraHai="95" who="2" fromWho="0" sc="240,-20,245,0,270,20,245,0" /><INIT seed="2,0,0,3,3,79" ten="220,245,290,245" oya="2" hai0="95,114,51,50,19,107,14,124,15,8,86,57,122" hai1="72,23,61,62,115,48,26,46,16,13,96,102,29" hai2="100,65,58,68,66,131,30,111,69,110,38,128,103" hai3="59,73,27,32,135,42,2,101,7,88,37,119,71"/><V21/><F38/><W123/><G101/><N who="2" m="38985" /><F21/><W97/><G71/><N who="2" m="27209" /><F30/><W6/><G123/><T28/><D114/><U125/><E125/><V105/><F105/><W133/><G119/><T55/><D124/><U44/><E72/><V98/><F98/><W33/><G59/><T90/><D122/><U22/><E115/><V56/><F56/><W83/><G27/><T81/><D28/><U130/><E130/><N who="2" m="49707" /><F58/><W80/><G37/><T1/><D107/><U5/><E5/><V41/><F41/><W20/><G42/><T91/><D1/><U127/><E127/><V132/><F132/><N who="3" m="50763" /><G20/><T53/><D14/><U121/><E121/><V40/><F40/><W117/><G117/><T17/><D17/><U109/><E46/><V116/><F116/><W85/><G97/><T39/><D39/><U93/><REACH who="1" step="1"/><E109/><AGARI ba="0,0" hai="65,66,109,110,111" m="49707,27209,38985" machi="109" ten="40,12000,1" yaku="28,2,14,1,10,1,19,1" doraHai="79" who="2" fromWho="1" sc="220,0,245,-120,290,120,245,0" /><INIT seed="2,1,0,2,0,34" ten="220,125,410,245" oya="2" hai0="39,31,83,114,126,4,26,56,132,99,28,102,98" hai1="124,52,55,100,130,86,101,84,119,9,80,49,2" hai2="120,22,45,1,77,12,76,89,65,91,6,7,35" hai3="115,96,18,16,118,66,23,93,112,125,67,17,79"/><V72/><F120/><W134/><G118/><T116/><D114/><N who="3" m="43561" /><G134/><T82/><D39/><U57/><E119/><V43/><F35/><W42/><G125/><T105/><D116/><U50/><E124/><V81/><F65/><N who="3" m="24587" /><G79/><T90/><D132/><U109/><E109/><V21/><F77/><W111/><G42/><T131/><D131/><U104/><E130/><V70/><F70/><W10/><G111/><T94/><D126/><U87/><E80/><V53/><F53/><W107/><G107/><T5/><D56/><U78/><E78/><V25/><F12/><N who="3" m="9607" /><G10/><T73/><D28/><U133/><E133/><V61/><F76/><W46/><G46/><T95/><D105/><U40/><E104/><V103/><F72/><W74/><G74/><T29/><D29/><U127/><E40/><V85/><F45/><W59/><G59/><T47/><D47/><U37/><E37/><V113/><F43/><W51/><G51/><T60/><D60/><U44/><REACH who="1" step="1"/><E127/><REACH who="1" ten="220,115,410,245" step="2"/><V97/><F113/><W128/><G128/><T32/><D73/><U121/><E121/><V92/><F81/><W36/><G36/><T63/><D82/><U0/><E0/><V88/><F1/><W75/><G75/><T62/><D83/><U68/><E68/><V41/><F41/><W58/><G58/><T71/><D71/><U117/><E117/><V15/><F92/><W54/><G93/><T3/><D3/><U19/><E19/><V135/><F135/><W8/><G17/><T122/><D122/><U123/><E123/><V64/><F6/><AGARI ba="1,1" hai="2,6,9,44,49,50,52,55,57,84,86,87,100,101" machi="6" ten="40,5200,0" yaku="1,1,52,1,54,1,53,0" doraHai="34" doraHaiUra="13" who="1" fromWho="2" sc="220,0,115,65,410,-55,245,0" /><INIT seed="3,0,0,2,3,114" ten="220,180,355,245" oya="3" hai0="75,124,11,106,0,13,101,72,111,22,80,107,1" hai1="2,8,98,59,90,132,70,78,35,50,3,6,100" hai2="112,92,103,52,42,71,34,109,45,60,16,89,130" hai3="108,9,105,32,18,126,39,17,40,58,10,56,66"/><W85/><G105/><T122/><D122/><U24/><E24/><V23/><F112/><W81/><G32/><T104/><D101/><U88/><E88/><V68/><BYE who="1" /><F34/><W38/><G126/><T25/><D124/><U44/><E44/><V115/><F115/><W134/><G66/><T82/><D111/><U12/><E12/><V128/><F103/><W116/><G116/><T51/><D51/><U20/><E20/><V4/><F4/><W127/><G134/><T121/><D121/><U61/><E61/><V131/><F109/><W27/><G27/><T28/><D82/><U133/><E133/><V48/><F60/><W53/><G127/><T76/><REACH who="0" step="1"/><D75/><REACH who="0" ten="210,180,355,245" step="2"/><U41/><E41/><V79/><F42/><W74/><G40/><T47/><D47/><U83/><E83/><V65/><F45/><W57/><G74/><T64/><D64/><U117/><E117/><V135/><F65/><W26/><G108/><T73/><D73/><U7/><E7/><AGARI ba="0,1" hai="0,1,7,11,13,22,25,28,72,76,80,104,106,107" machi="7" ten="40,2600,0" yaku="1,1,53,1" doraHai="114" doraHaiUra="77" who="0" fromWho="1" sc="210,36,180,-26,355,0,245,0" owari="246,4.6,154,-34.6,355,45.5,245,-15.5" /></mjloggm>