<mjloggm ver="2.3"><GO type="225" lobby="0"/><UN n0="%E3%81%AF%E3%82%88%E3%81%8A%E3%81%98%E3%81%95%E3%82%93" n1="%E7%99%BD%E5%80%89%E5%AF%9B%E4%B9%8B" n2="%E3%83%96%E3%83%83%E3%83%91%E3%82%AA%E3%83%96%E3%83%81%E3%82%AD%E3%83%B3" n3="%E3%82%BC%E3%83%AB%E3%83%80%E3%81%AE%E4%BC%9D%E8%AA%AC" dan="17,16,17,17" rate="2248.13,2161.72,2178.39,2104.08" sx="M,M,M,M"/><TAIKYOKU oya="0"/><INIT seed="0,0,0,1,4,119" ten="250,250,250,250" oya="0" hai0="41,13,4,98,132,89,128,115,26,110,51,14,73" hai1="32,29,2,24,15,17,34,0,64,31,58,47,16" hai2="104,122,109,68,108,92,118,120,95,84,124,42,10" hai3="81,133,1,127,12,103,44,46,114,62,72,87,135"/><T18/><D115/><U43/><E64/><V86/><F118/><W76/><G1/><N who="1" m="618" /><E58/><V5/><F68/><W77/><G114/><T59/><D73/><U106/><E47/><V66/><F66/><W123/><G127/><T40/><D128/><U39/><E43/><N who="0" m="16457" /><D132/><N who="3" m="50761" /><G123/><N who="2" m="47145" /><F42/><W27/><G12/><N who="0" m="4715" /><D110/><N who="2" m="42602" /><F124/><W28/><G103/><T55/><D4/><U130/><E106/><V9/><F104/><W85/><G62/><T23/><D89/><U97/><E97/><AGARI ba="0,0" hai="18,23,26,51,55,59,97,98" m="4715,16457" machi="97" ten="30,1500,0" yaku="8,1" doraHai="119" who="0" fromWho="1" sc="250,15,250,-15,250,0,250,0" /><INIT seed="0,1,0,1,5,59" ten="265,235,250,250" oya="0" hai0="73,66,95,91,34,85,83,12,43,117,15,31,94" hai1="71,47,103,125,98,10,128,68,4,37,97,18,54" hai2="131,89,80,57,88,24,6,133,5,130,3,135,82" hai3="77,122,29,111,86,70,33,90,115,72,60,53,42"/><T75/><D117/><U17/><E125/><V45/><F57/><W49/><G115/><T81/><D43/><U9/><E128/><N who="2" m="49195" /><F45/><W114/><G114/><T20/><D34/><U96/><E103/><V118/><F118/><W27/><G111/><T132/><D132/><N who="2" m="50762" /><F24/><W69/><G122/><T28/><D66/><U104/><E104/><V13/><F3/><W22/><G77/><T58/><D58/><U38/><E47/><V124/><F13/><W120/><G72/><T26/><D75/><U40/><E54/><V21/><F21/><W76/><G76/><T67/><D67/><U7/><REACH who="1" step="1"/><E97/><REACH who="1" ten="265,225,250,250" step="2"/><V84/><F124/><W32/><G120/><T123/><D123/><U92/><E92/><V113/><F113/><W2/><G53/><T63/><D94/><U51/><E51/><V62/><F62/><W105/><G105/><T110/><D63/><U93/><E93/><V112/><F112/><W56/><G49/><T52/><D52/><U87/><E87/><AGARI ba="1,1" hai="5,6,80,82,84,87,88,89" m="50762,49195" machi="87" ten="30,3900,0" yaku="19,1,20,1,54,1" doraHai="59" who="2" fromWho="1" sc="265,0,225,-42,250,52,250,0" /><INIT seed="1,0,0,5,3,50" ten="265,183,302,250" oya="1" hai0="76,3,111,107,124,98,112,113,46,18,89,95,127" hai1="37,109,78,110,134,67,119,103,72,128,60,9,82" hai2="52,31,99,73,121,23,59,132,63,88,74,129,118" hai3="65,108,102,91,90,41,11,130,2,126,51,32,135"/><U44/><E119/><V45/><F118/><W5/><G32/><T35/><D3/><U42/><E134/><V33/><F121/><W53/><G135/><T15/><D35/><U49/><E103/><V61/><F132/><W36/><G108/><N who="1" m="41578" /><E9/><V71/><F33/><W14/><G126/><N who="0" m="48171" /><D111/><U116/><E116/><V120/><F120/><W56/><G130/><T81/><D46/><U105/><E105/><V131/><F45/><W22/><G65/><T54/><D54/><N who="1" m="29991" /><E128/><N who="2" m="49227" /><F31/><W25/><G102/><T75/><D107/><U80/><E80/><V10/><F23/><AGARI ba="0,0" hai="15,18,23,75,76,81,89,95,98,112,113" m="48171" machi="23" ten="30,1000,0" yaku="18,1" doraHai="50" who="0" fromWho="2" sc="265,10,183,0,302,-10,250,0" /><INIT seed="2,0,0,1,5,13" ten="275,183,292,250" oya="2" hai0="75,10,52,44,131,54,66,87,67,128,94,14,132" hai1="41,23,47,30,118,19,26,51,18,126,92,12,90" hai2="79,103,11,57,5,105,86,125,69,100,80,129,27" hai3="123,21,84,24,0,62,61,37,15,89,133,36,78"/><V111/><F69/><W96/><G0/><T77/><D75/><U39/><E126/><V22/><F125/><W6/><G123/><T114/><D114/><U99/><E118/><V106/><F129/><N who="0" m="49738" /><D132/><U64/><E64/><N who="0" m="24617" /><D44/><U121/><E121/><V97/><F111/><W83/><G37/><T35/><D35/><U38/><REACH who="1" step="1"/><E30/><REACH who="1" ten="275,173,292,250" step="2"/><V122/><F122/><W4/><G133/><T130/><D130/><U102/><E102/><V108/><F103/><W8/><G36/><T56/><D56/><U45/><E45/><V71/><F100/><W81/><G4/><T25/><D25/><U109/><E109/><V60/><F57/><W91/><G91/><N who="0" m="53631" /><D77/><U95/><E95/><V73/><F27/><W63/><G78/><T16/><AGARI ba="0,1" hai="10,14,16,52,54" m="53631,24617,49738" machi="16" ten="30,7900,0" yaku="19,1,52,1,54,2" doraHai="13" who="0" fromWho="0" sc="275,89,173,-20,292,-39,250,-20" /><INIT seed="3,0,0,0,5,25" ten="364,153,253,230" oya="3" hai0="88,79,31,23,36,61,46,133,99,122,114,97,81" hai1="53,109,0,127,52,128,103,98,121,1,134,124,93" hai2="60,90,5,9,77,12,34,73,17,68,113,3,89" hai3="2,84,33,30,14,111,39,50,63,27,45,92,107"/><W78/><G107/><T72/><D122/><U91/><E121/><V10/><F113/><W38/><G2/><T100/><D114/><U76/><E109/><V49/><F34/><W94/><G111/><T19/><D133/><U129/><E1/><V54/><F73/><W55/><G14/><T8/><D31/><U44/><E0/><V108/><F108/><W26/><G26/><T96/><D8/><U47/><E76/><V131/><F131/><N who="1" m="50249" /><E47/><V20/><F77/><W75/><G63/><T18/><D61/><U13/><E13/><N who="2" m="5295" /><F68/><W7/><G7/><T104/><D18/><U32/><E32/><V135/><F3/><W119/><G119/><T37/><D46/><U59/><E44/><N who="2" m="27943" /><F135/><W112/><G112/><T110/><D110/><U24/><E24/><N who="2" m="14351" /><F60/><W64/><G75/><T70/><D70/><U51/><E53/><V87/><F87/><W48/><G84/><T15/><D96/><U56/><E56/><V123/><F123/><W83/><G55/><T42/><D42/><U16/><E91/><V105/><F105/><W29/><G45/><T115/><D115/><U35/><E35/><V58/><F58/><W74/><G33/><T82/><D97/><U86/><E86/><V130/><F130/><W85/><G85/><T21/><D81/><U117/><E117/><V101/><F90/><W69/><G83/><T106/><D88/><N who="1" m="55591" /><E134/><V40/><F89/><W6/><G78/><T116/><D116/><U41/><E103/><V120/><F101/><W132/><G132/><T11/><D104/><U125/><E16/><N who="2" m="8215" /><F120/><W4/><G27/><T43/><D43/><AGARI ba="0,0" hai="41,43,51,52,59,124,125,127" m="55591,50249" machi="43" ten="40,8000,1" yaku="6,1,18,1,19,1,54,2" doraHai="25" who="1" fromWho="0" sc="364,-80,153,80,253,0,230,0" /><AGARI ba="0,0" hai="40,43" m="8215,14351,27943,5295" machi="43" ten="30,3900,0" yaku="6,1,8,1,54,1" doraHai="25" who="2" fromWho="0" sc="284,-39,233,0,253,39,230,0" /><INIT seed="4,0,0,3,4,71" ten="245,233,292,230" oya="0" hai0="119,13,74,91,12,131,103,30,49,84,78,107,110" hai1="24,15,72,45,105,135,22,104,115,118,127,111,14" hai2="125,31,67,66,65,124,128,77,130,2,99,0,106" hai3="4,10,20,46,61,113,86,85,38,7,6,8,19"/><T16/><D119/><U73/><E118/><V26/><F77/><W43/><G113/><T87/><D131/><N who="2" m="50218" /><F106/><W28/><G28/><T120/><D120/><U29/><E111/><V79/><F99/><W51/><G38/><T57/><D110/><U17/><E115/><V68/><F79/><W101/><G101/><T56/><D30/><U9/><E127/><N who="2" m="48715" /><F68/><W64/><G86/><T11/><D12/><U50/><E135/><V27/><F27/><N who="3" m="14751" /><G85/><T34/><D34/><AGARI ba="0,0" hai="0,2,26,31,34,65,66,67" m="48715,50218" machi="34" ten="40,2600,0" yaku="19,1,18,1" doraHai="71" who="2" fromWho="0" sc="245,-26,233,0,292,26,230,0" owari="219,-28.1,233,3.3,318,41.8,230,-17.0" /></mjloggm>