<mjloggm ver="2.3"><GO type="225" lobby="0"/><UN n0="%E3%83%A9%E3%83%BC%E3%83%A1%E3%83%B3%E4%BA%94%E9%83%8E" n1="%E3%83%96%E3%83%83%E3%83%91%E3%82%AA%E3%83%96%E3%83%81%E3%82%AD%E3%83%B3" n2="%6B%75%72%69%73%75" n3="%E6%81%AC%E6%B7%A1%E5%AF%82%E5%AF%9E" dan="16,17,16,16" rate="2144.34,2195.13,2139.34,2123.02" sx="M,M,M,F"/><TAIKYOKU oya="0"/><INIT seed="0,0,0,5,5,112" ten="250,250,250,250" oya="0" hai0="46,131,41,100,18,83,114,32,15,109,77,74,127" hai1="17,58,38,106,35,91,88,70,8,128,29,82,26" hai2="78,86,108,43,75,84,71,93,80,107,48,122,56" hai3="6,2,129,9,50,52,96,69,39,132,25,34,5"/><T117/><D114/><U105/><E70/><V30/><F71/><W65/><G39/><T115/><D115/><U0/><E38/><V42/><F107/><W113/><G113/><T98/><D32/><U79/><E128/><V49/><F108/><W133/><G6/><T12/><D131/><U87/><E58/><V27/><F122/><W62/><G129/><T116/><D109/><U121/><E121/><V126/><F126/><W51/><G51/><T21/><D12/><U124/><E124/><V72/><F72/><W14/><G14/><T31/><D31/><U24/><E24/><V76/><F75/><W57/><REACH who="3" step="1"/><G96/><REACH who="3" ten="250,250,250,240" step="2"/><T102/><D127/><U59/><E0/><V94/><F48/><W134/><G134/><T120/><D120/><U44/><E8/><V135/><F135/><W85/><G85/><T130/><D130/><U81/><E87/><V119/><F49/><W63/><G63/><T45/><D98/><U7/><E7/><V4/><F4/><W101/><G101/><T125/><D125/><U61/><E61/><V22/><F43/><W3/><G3/><T20/><D41/><U64/><E44/><N who="0" m="17001" /><D102/><U90/><E90/><V1/><F42/><W10/><G10/><N who="0" m="6519" /><D100/><U23/><E91/><V11/><F1/><W66/><G66/><T73/><D73/><U111/><E88/><V55/><F11/><W13/><G13/><T68/><D68/><U36/><E111/><V16/><F86/><W103/><G103/><T33/><D33/><U19/><E35/><V37/><F37/><W89/><G89/><T28/><D28/><AGARI ba="0,1" hai="2,5,9,25,28,34,50,52,57,62,65,69,132,133" machi="28" ten="40,2600,0" yaku="1,1,54,1,53,0" doraHai="112" doraHaiUra="118" who="3" fromWho="0" sc="250,-26,250,0,250,0,240,36" /><INIT seed="1,0,0,3,1,49" ten="224,250,250,276" oya="1" hai0="132,64,35,40,24,62,26,126,123,1,94,78,88" hai1="0,108,15,55,135,85,98,91,130,13,28,118,115" hai2="101,74,52,46,120,54,82,60,25,2,27,133,31" hai3="103,72,11,102,113,83,122,20,45,125,105,22,114"/><U57/><E115/><V53/><F120/><W39/><G122/><T67/><D123/><U34/><E118/><V93/><F2/><W3/><G22/><T4/><D126/><U124/><E0/><V37/><F133/><W100/><G20/><T134/><D78/><U48/><E135/><N who="0" m="51753" /><D40/><U44/><E124/><V68/><F37/><W21/><G21/><T63/><D35/><U81/><E130/><V38/><F38/><W104/><G125/><T87/><D4/><U14/><E108/><V10/><F10/><W77/><G114/><T117/><D1/><U80/><E98/><N who="2" m="59599" /><F74/><W86/><G86/><T71/><D117/><U97/><E97/><V18/><F68/><AGARI ba="0,0" hai="24,26,62,63,64,67,68,71,87,88,94" m="51753" machi="68" ten="30,2000,0" yaku="20,1,54,1" doraHai="49" who="0" fromWho="2" sc="224,20,250,0,250,-20,276,0" /><INIT seed="2,0,0,4,5,124" ten="244,250,230,276" oya="2" hai0="35,62,83,73,82,131,2,25,122,97,9,109,40" hai1="69,135,127,18,84,37,19,123,66,63,95,41,117" hai2="33,132,133,85,0,7,91,12,118,105,107,31,54" hai3="77,71,23,111,100,90,70,67,57,1,93,48,4"/><V113/><F118/><W96/><G111/><T5/><D122/><U128/><E117/><V78/><F0/><W112/><G112/><T15/><D109/><U10/><E127/><V8/><F113/><W87/><G77/><T134/><D134/><N who="2" m="51818" /><F78/><W80/><G1/><T11/><D40/><U99/><E135/><V114/><F114/><W28/><G4/><T27/><D73/><U32/><E123/><V61/><F61/><N who="3" m="38319" /><G48/><T121/><D121/><U58/><E32/><V29/><F54/><W55/><G55/><T3/><D62/><U38/><E10/><V116/><F116/><W30/><G30/><N who="2" m="11273" /><F33/><W59/><G59/><T60/><D35/><U101/><E41/><V75/><F75/><W76/><G76/><T86/><D60/><U92/><E58/><V49/><F49/><W43/><G43/><T14/><D5/><U125/><E125/><V51/><F51/><W130/><G70/><T64/><D64/><U129/><E38/><V26/><F26/><N who="3" m="16479" /><G71/><T81/><D2/><U72/><E37/><V98/><F98/><W56/><G56/><T79/><D3/><U52/><E72/><V36/><F36/><W103/><G103/><T24/><D97/><U110/><E52/><V50/><F50/><W39/><G39/><T45/><D79/><U68/><E68/><V65/><F65/><W53/><G53/><T21/><D25/><U89/><E110/><V47/><F47/><W44/><G44/><T20/><D45/><U106/><E106/><V22/><F22/><W108/><G108/><T88/><D21/><U94/><E94/><AGARI ba="0,0" hai="7,8,12,85,91,94,105,107" m="11273,51818" machi="94" ten="30,1500,0" yaku="20,1" doraHai="124" who="2" fromWho="1" sc="244,0,250,-15,230,15,276,0" /><INIT seed="2,1,0,5,5,125" ten="244,235,245,276" oya="2" hai0="81,131,30,126,39,44,17,84,78,79,37,114,13" hai1="4,10,102,124,76,80,108,26,20,83,105,11,74" hai2="51,77,3,95,2,88,120,121,46,127,110,132,71" hai3="23,99,36,35,8,59,118,54,113,15,115,58,68"/><V89/><F71/><W122/><G35/><T50/><D114/><N who="3" m="43529" /><G68/><T96/><D126/><U19/><E124/><V92/><F127/><W98/><G36/><T28/><D79/><U85/><E108/><V7/><F77/><W63/><G118/><T117/><D117/><U97/><REACH who="1" step="1"/><E4/><REACH who="1" ten="244,225,245,276" step="2"/><V91/><F110/><W104/><G122/><T87/><D39/><U31/><E31/><V40/><F132/><W0/><G0/><T47/><D37/><U75/><E75/><V119/><F119/><W72/><G72/><T45/><D30/><U66/><E66/><V34/><F3/><W73/><G73/><T49/><D28/><U24/><E24/><V16/><F2/><W41/><G15/><T14/><D14/><U21/><E21/><V103/><F7/><W57/><G23/><T9/><D131/><U129/><E129/><V135/><F34/><W112/><G112/><T134/><D134/><U55/><E55/><V32/><F32/><W5/><G54/><T33/><D33/><U1/><E1/><V6/><F135/><W100/><G5/><T106/><D84/><U101/><E101/><V56/><F6/><W53/><G100/><T22/><D22/><U64/><E64/><V82/><F103/><W27/><G27/><T29/><D29/><U42/><E42/><V86/><F16/><W90/><G41/><T109/><D109/><U18/><E18/><V123/><REACH who="2" step="1"/><F56/><REACH who="2" ten="244,225,235,276" step="2"/><W67/><G58/><T93/><D106/><U48/><E48/><V128/><F128/><W116/><G104/><T12/><D12/><U65/><E65/><V60/><F60/><RYUUKYOKU ba="1,2" sc="244,10,225,10,235,10,276,-30" hai0="9,13,17,44,45,47,49,50,78,81,87,93,96" hai1="10,11,19,20,26,74,76,80,83,85,97,102,105" hai2="40,46,51,82,86,88,89,91,92,95,120,121,123" /><INIT seed="2,2,2,1,4,38" ten="254,235,245,246" oya="2" hai0="105,106,21,64,26,35,92,2,3,68,51,4,20" hai1="22,44,86,120,11,62,53,95,88,102,135,24,79" hai2="55,87,90,45,25,9,52,10,6,108,50,8,107" hai3="23,134,100,124,34,98,29,71,41,60,57,121,126"/><V46/><F107/><N who="3" m="63895" /><G121/><T93/><D35/><U66/><E120/><V84/><F108/><W61/><G23/><T77/><D77/><U81/><E135/><V75/><F75/><W42/><G61/><T63/><D51/><U96/><E11/><V1/><F25/><N who="3" m="18735" /><G134/><T54/><D54/><U82/><E44/><V125/><F125/><N who="3" m="48235" /><G71/><T18/><D21/><U89/><E53/><AGARI ba="2,2" hai="41,42,53,57,60" m="48235,18735,63895" machi="53" ten="30,3900,0" yaku="18,1,52,2" doraHai="38" who="3" fromWho="1" sc="254,0,235,-45,245,0,246,65" /><INIT seed="3,0,0,0,2,49" ten="254,190,245,311" oya="3" hai0="84,43,16,85,102,10,19,68,113,117,61,48,31" hai1="101,131,121,46,32,74,58,125,30,86,27,23,3" hai2="103,71,112,15,87,118,50,132,75,17,22,76,39" hai3="70,108,34,90,36,54,122,104,51,28,72,40,80"/><W0/><G122/><T44/><D117/><U99/><E121/><V11/><F118/><W35/><G104/><T29/><D113/><U12/><E74/><V123/><F112/><W96/><G70/><T41/><D41/><U89/><E125/><V106/><F123/><W2/><G51/><T33/><D102/><U1/><E131/><V25/><F75/><W97/><G54/><T116/><D116/><U130/><E130/><V4/><F39/><W55/><G55/><T62/><D33/><U60/><E46/><V81/><F71/><W135/><G90/><T105/><D105/><U47/><E47/><V119/><F119/><W38/><G135/><T114/><D114/><U109/><E109/><V20/><F132/><W45/><G108/><T18/><D10/><U67/><E12/><V91/><F22/><W88/><G38/><T120/><D120/><U56/><E56/><V42/><F106/><W107/><G35/><T53/><D68/><U8/><E8/><V5/><F103/><N who="3" m="62951" /><G88/><T100/><D100/><U128/><E128/><V57/><F91/><W115/><G97/><T92/><D92/><U26/><E101/><V69/><F69/><W59/><G59/><N who="0" m="35055" /><D62/><U37/><E99/><V13/><F57/><W95/><G95/><T77/><D77/><U124/><E37/><V82/><F82/><W127/><G127/><T7/><D7/><U79/><E79/><V110/><F110/><W52/><G115/><T14/><D14/><N who="2" m="5130" /><F11/><W133/><G133/><T73/><D73/><U24/><E124/><V6/><F6/><W64/><G0/><N who="1" m="74" /><E32/><V98/><F98/><RYUUKYOKU ba="0,0" sc="254,10,190,10,245,10,311,-30" hai0="16,18,19,29,31,43,44,48,84,85" hai1="23,24,26,27,30,58,60,67,86,89" hai2="4,5,17,20,25,42,50,76,81,87" /><INIT seed="4,1,0,0,0,69" ten="264,200,255,281" oya="0" hai0="101,86,4,36,73,54,42,48,1,114,91,77,53" hai1="122,85,97,103,105,124,104,35,45,51,28,24,135" hai2="129,96,27,126,120,33,89,6,41,108,113,37,60" hai3="100,99,117,38,111,0,25,132,22,44,20,107,34"/><T67/><D114/><U32/><E124/><V133/><F108/><W93/><G117/><T59/><D101/><U94/><E135/><V71/><F120/><W10/><G111/><T88/><D67/><U95/><E122/><V64/><F126/><W2/><G132/><T109/><D109/><U121/><E121/><V14/><F133/><W8/><G34/><T75/><D54/><U57/><E57/><V125/><F125/><W15/><G107/><T92/><D77/><U76/><E35/><V106/><F113/><W80/><G80/><T43/><D91/><U11/><E11/><V46/><F129/><W9/><G15/><T84/><D84/><U102/><E76/><V47/><F47/><W29/><G22/><T112/><D112/><U49/><E85/><V110/><F110/><W17/><G29/><T83/><D92/><U128/><E128/><V118/><F89/><W90/><G90/><T7/><D1/><U56/><E56/><V72/><F118/><W130/><G130/><T68/><D68/><U58/><E58/><V87/><F87/><W81/><G81/><T18/><D18/><U40/><REACH who="1" step="1"/><E51/><REACH who="1" ten="264,190,255,281" step="2"/><V19/><F72/><W70/><G70/><T79/><D75/><U31/><E31/><V123/><F123/><W74/><G74/><T13/><D73/><U63/><E63/><V30/><F6/><N who="0" m="2090" /><D79/><U127/><E127/><V119/><F119/><W5/><G5/><T39/><D48/><U16/><E16/><V82/><F19/><W21/><G20/><T134/><D134/><U55/><E55/><V62/><F60/><W61/><G61/><RYUUKYOKU ba="1,1" sc="264,-15,190,15,255,-15,281,15" hai1="24,28,32,40,45,49,94,95,97,102,103,104,105" hai3="0,2,8,9,10,17,21,25,38,44,93,99,100" /><INIT seed="5,2,1,2,3,132" ten="249,205,240,296" oya="1" hai0="46,103,27,67,106,12,57,24,91,18,85,49,127" hai1="130,63,51,81,102,3,134,71,97,87,59,25,6" hai2="20,111,50,78,88,70,40,107,61,79,62,60,58" hai3="110,80,32,83,114,36,47,69,95,89,90,42,121"/><U133/><E130/><V77/><F111/><W10/><G110/><T94/><D106/><U117/><E117/><V135/><F107/><W43/><G32/><T16/><D103/><U73/><E73/><V123/><F123/><W8/><G69/><T131/><D131/><U66/><E25/><N who="0" m="9801" /><D12/><U68/><E3/><V5/><F70/><W109/><G109/><T29/><D29/><U99/><E6/><V116/><F116/><W105/><G105/><T15/><D15/><U100/><E51/><V65/><F135/><N who="1" m="51721" /><E100/><V19/><F5/><W128/><G121/><T120/><D120/><U92/><E99/><V96/><F40/><W33/><G43/><N who="0" m="24799" /><D127/><U54/><E66/><V115/><F50/><W75/><G75/><T72/><D72/><U98/><E98/><V118/><F118/><W11/><G128/><T76/><D76/><AGARI ba="2,1" hai="54,59,63,68,71,76,81,87,92,97,102" m="51721" machi="76" ten="30,1500,0" yaku="20,1" doraHai="132" who="1" fromWho="0" sc="249,-21,205,31,240,0,296,0" /><INIT seed="5,3,0,5,0,17" ten="228,236,240,296" oya="1" hai0="69,109,131,93,110,35,21,102,37,10,56,107,11" hai1="70,106,38,16,61,118,133,52,34,60,68,45,74" hai2="92,79,126,83,114,25,91,58,41,111,23,48,105" hai3="5,20,66,12,13,72,6,32,18,87,98,49,59"/><U67/><E74/><V122/><F111/><W80/><G72/><T50/><D35/><U62/><E106/><V4/><F105/><W77/><G32/><T2/><D69/><N who="1" m="26731" /><E34/><V127/><F122/><W84/><G98/><T53/><D107/><U121/><E16/><N who="2" m="12519" /><F4/><N who="3" m="1643" /><G87/><T1/><D37/><U132/><E121/><V116/><F116/><W47/><G59/><T78/><D131/><U30/><E118/><V51/><F41/><N who="3" m="24815" /><G66/><T96/><D110/><U75/><E75/><V54/><F114/><W43/><G43/><T44/><D109/><U63/><E30/><V76/><F51/><W39/><G39/><T99/><D1/><U119/><E119/><V88/><F83/><W36/><G36/><T7/><D99/><U90/><E38/><V33/><F33/><W124/><G124/><N who="2" m="47657" /><F91/><W46/><G46/><T22/><D78/><U19/><E90/><V85/><AGARI ba="3,0" hai="48,54,58,76,79,85,88,92" m="47657,12519" machi="85" ten="30,7900,0" yaku="18,1,52,1,54,2" doraHai="17" who="2" fromWho="2" sc="228,-23,236,-42,240,88,296,-23" owari="205,-19.5,194,-30.6,328,42.8,273,7.3" /></mjloggm>