<mjloggm ver="2.3"><GO type="225" lobby="0"/><UN n0="%E3%83%96%E3%83%83%E3%83%91%E3%82%AA%E3%83%96%E3%83%81%E3%82%AD%E3%83%B3" n1="%E3%81%99%E3%81%84%E3%81%BE%E3%81%9B%E3%83%BC%E3%82%93" n2="%E6%A1%9C%E8%8A%B1%E9%96%83%E3%80%85" n3="%E9%B7%B9%E5%80%89%E6%9D%8F%E9%88%B4" dan="16,18,16,16" rate="2161.02,2219.75,2135.11,2143.05" sx="M,M,M,F"/><TAIKYOKU oya="0"/><INIT seed="0,0,0,2,3,67" ten="250,250,250,250" oya="0" hai0="129,30,100,106,98,78,43,121,23,105,7,127,61" hai1="115,130,107,77,16,10,31,111,73,84,82,110,2" hai2="1,90,80,38,83,64,35,65,108,124,112,76,69" hai3="36,28,37,50,17,99,120,39,79,68,13,46,93"/><T133/><D121/><U119/><E119/><V54/><F112/><W134/><G134/><T25/><D133/><U47/><E115/><V18/><F108/><N who="1" m="41513" /><E107/><V14/><F1/><W27/><G120/><T72/><D129/><U19/><E130/><V32/><F38/><W55/><G79/><T53/><D127/><U56/><E31/><V74/><F54/><W60/><G60/><T122/><D122/><U20/><E47/><V125/><F90/><W94/><G99/><T11/><D43/><U5/><E56/><V103/><F103/><W15/><G68/><T118/><D118/><U8/><E8/><V116/><F116/><W51/><G51/><T6/><D106/><U26/><E19/><V81/><F32/><W131/><G131/><T34/><D34/><U71/><E71/><V66/><F35/><W42/><G42/><T114/><D114/><U132/><E132/><V101/><F69/><W87/><G87/><AGARI ba="0,0" hai="2,5,10,16,20,26,73,77,82,84,87" m="41513" machi="87" ten="30,2000,0" yaku="14,1,54,1" doraHai="67" who="1" fromWho="3" sc="250,0,250,20,250,0,250,-20" /><INIT seed="1,0,0,1,3,124" ten="250,270,250,230" oya="1" hai0="6,27,57,5,118,43,70,130,13,55,102,105,135" hai1="23,25,56,83,85,77,22,65,59,129,33,111,53" hai2="39,40,24,74,60,126,98,131,128,19,26,52,46" hai3="50,108,132,21,80,20,17,14,116,125,73,82,97"/><U35/><E129/><N who="2" m="49739" /><F126/><W99/><G125/><T68/><D118/><U76/><E111/><V36/><F74/><W45/><G108/><T4/><D135/><U15/><E77/><V49/><F98/><N who="3" m="37387" /><G73/><T71/><D105/><U47/><E65/><V90/><F90/><W66/><G66/><T93/><D102/><U133/><E133/><V123/><F123/><W72/><G72/><T106/><D106/><U101/><E101/><V109/><F109/><W134/><G116/><T100/><D100/><U91/><E91/><V29/><F19/><N who="3" m="10359" /><G134/><T12/><D43/><U62/><E35/><N who="2" m="20903" /><F26/><N who="3" m="14639" /><G132/><T44/><D27/><U31/><E25/><V34/><F34/><W37/><G37/><T51/><D130/><U92/><E33/><V42/><F42/><AGARI ba="0,0" hai="42,45,50,80,82" m="14639,10359,37387" machi="42" ten="30,1000,0" yaku="8,1" doraHai="124" who="3" fromWho="2" sc="250,0,270,0,250,-10,230,10" /><INIT seed="2,0,0,3,1,27" ten="250,270,240,240" oya="2" hai0="105,32,93,131,90,64,51,75,79,134,109,12,127" hai1="67,7,102,103,56,38,122,41,10,78,104,16,17" hai2="76,83,49,81,2,135,84,107,48,21,121,43,114" hai3="69,117,70,22,46,65,31,133,18,11,4,60,68"/><V9/><F114/><W112/><G117/><T95/><D105/><U34/><E122/><V73/><F121/><W71/><G133/><T36/><D36/><U120/><E120/><V118/><F118/><W111/><G111/><T58/><D109/><U80/><E34/><V101/><F135/><W96/><G112/><T132/><D32/><U8/><E8/><V99/><F21/><W82/><G46/><T123/><D123/><U40/><E67/><V66/><F66/><W116/><G116/><T50/><D127/><U54/><E41/><V1/><F43/><W28/><G96/><T63/><D131/><U33/><E33/><V19/><F19/><W53/><G82/><T30/><D75/><U115/><E40/><V37/><F37/><W130/><G53/><T26/><D79/><U61/><E38/><V52/><F9/><W91/><G91/><T125/><D125/><U88/><E88/><V110/><F110/><W97/><G97/><N who="0" m="57527" /><D132/><U20/><E104/><V45/><REACH who="2" step="1"/><F48/><REACH who="2" ten="250,270,230,240" step="2"/><W98/><G130/><T106/><D51/><U129/><E115/><V3/><F3/><W39/><G39/><T57/><D50/><U62/><E129/><V86/><F86/><W0/><REACH who="3" step="1"/><G98/><REACH who="3" ten="250,270,230,230" step="2"/><T6/><D134/><U100/><E54/><V72/><F72/><W42/><G42/><T44/><D64/><U124/><E124/><V47/><F47/><W15/><AGARI ba="0,2" hai="0,4,11,15,18,22,28,31,60,65,68,69,70,71" machi="15" ten="30,12000,2" yaku="1,1,0,1,52,2,53,2" doraHai="27" doraHaiUra="24" who="3" fromWho="3" sc="250,-30,270,-30,230,-60,230,140" /><INIT seed="3,0,0,2,5,5" ten="220,240,170,370" oya="3" hai0="21,104,60,129,22,24,117,115,98,108,57,80,134" hai1="29,90,10,36,15,65,133,30,118,6,64,89,123" hai2="17,59,78,32,96,85,68,112,113,110,131,105,116" hai3="121,84,119,71,31,37,20,13,44,99,39,130,55"/><W62/><G119/><T38/><D117/><U114/><E118/><V51/><F68/><W8/><G121/><T83/><D38/><U124/><E114/><V49/><F32/><W92/><G84/><T122/><D122/><U26/><E36/><V42/><F116/><W0/><G0/><T33/><D115/><U135/><E124/><V2/><F2/><W125/><G130/><T86/><D33/><U97/><E30/><V127/><F127/><W70/><G70/><T48/><D48/><U102/><E123/><V19/><F131/><W56/><G71/><T94/><D129/><U101/><E65/><V128/><F128/><W72/><G72/><T58/><D108/><U87/><E64/><V27/><F110/><W132/><G44/><T52/><D134/><N who="1" m="51211" /><E87/><V73/><F73/><W109/><G125/><T4/><D104/><N who="1" m="63535" /><E102/><V50/><F105/><W14/><G14/><T76/><D4/><U107/><E107/><V46/><F113/><W77/><G77/><T100/><D24/><U126/><E126/><V35/><F112/><W11/><G109/><T63/><D83/><U43/><E43/><V111/><F111/><W7/><G39/><T16/><D86/><U91/><E91/><V41/><F35/><AGARI ba="0,0" hai="6,10,15,26,29,35,89,90" m="63535,51211" machi="35" ten="30,2000,0" yaku="20,1,52,1" doraHai="5" who="1" fromWho="2" sc="220,0,240,20,170,-20,370,0" owari="220,-18.0,260,6.0,150,-35.0,370,47.0" /></mjloggm>