<mjloggm ver="2.3"><GO type="225" lobby="0"/><UN n0="%E3%81%8B%E3%82%8F%E3%81%A1%E3%82%83%E3%82%93%35%38" n1="%E6%81%A5%E6%99%92%E3%81%97" n2="%E5%91%A8%E6%9D%B1" n3="%E3%83%A9%E3%83%BC%E3%83%A1%E3%83%B3%E4%BA%94%E9%83%8E" dan="16,17,17,16" rate="2192.45,2155.62,2216.37,2140.30" sx="M,M,M,M"/><TAIKYOKU oya="0"/><INIT seed="0,0,0,0,1,15" ten="250,250,250,250" oya="0" hai0="109,32,91,17,102,100,98,59,10,12,6,1,34" hai1="52,134,71,85,26,107,5,97,116,7,51,80,48" hai2="122,13,95,90,19,44,69,79,3,111,74,30,73" hai3="125,61,113,20,31,57,4,36,56,24,50,29,8"/><T14/><D109/><U9/><E116/><V86/><F122/><W46/><G36/><T112/><D112/><U131/><E71/><V132/><F111/><W33/><G125/><T87/><D1/><U40/><E131/><V124/><F3/><W42/><G113/><T68/><D68/><U47/><E134/><V70/><F124/><W82/><G82/><T75/><D75/><U76/><E26/><V115/><F115/><W84/><G84/><T0/><D0/><U22/><E22/><V129/><F132/><W78/><G78/><T92/><D59/><U96/><E107/><V39/><F30/><W120/><G120/><T67/><D67/><U127/><E127/><V11/><F129/><W60/><G33/><T49/><D49/><U94/><E9/><V45/><F74/><W38/><G38/><T77/><D77/><U64/><E64/><V81/><REACH who="2" step="1"/><F45/><REACH who="2" ten="250,250,240,250" step="2"/><W62/><REACH who="3" step="1"/><G31/><REACH who="3" ten="250,250,240,240" step="2"/><T16/><D32/><U118/><E118/><V66/><F66/><W99/><G99/><T114/><D34/><U108/><E108/><V2/><F2/><AGARI ba="0,2" hai="2,4,8,20,24,29,42,46,50,56,57,60,61,62" machi="2" ten="40,1300,0" yaku="1,1,53,0" doraHai="15" doraHaiUra="121" who="3" fromWho="2" sc="250,0,250,0,240,-13,240,33" /><INIT seed="1,0,0,0,2,89" ten="250,250,227,273" oya="1" hai0="117,13,73,27,110,71,83,115,121,135,94,18,109" hai1="119,19,90,103,11,55,26,127,5,20,51,15,47" hai2="131,114,28,123,49,112,39,91,58,126,108,4,48" hai3="14,41,16,2,133,86,88,53,102,80,25,40,97"/><U107/><E119/><V44/><F123/><W42/><G2/><T57/><D71/><U30/><E127/><V125/><F28/><W120/><G133/><T79/><D115/><N who="2" m="44074" /><F91/><W85/><G120/><T34/><D121/><U122/><E122/><V129/><F4/><W113/><G113/><T99/><D117/><U12/><E90/><V54/><F39/><W78/><G53/><T134/><D57/><U104/><REACH who="1" step="1"/><E103/><REACH who="1" ten="250,240,227,273" step="2"/><V7/><F108/><N who="0" m="41578" /><D34/><AGARI ba="0,1" hai="5,11,12,15,19,20,26,30,34,47,51,55,104,107" machi="34" ten="30,2900,0" yaku="1,1,7,1,53,0" doraHai="89" doraHaiUra="116" who="1" fromWho="0" sc="250,-29,240,39,227,0,273,0" /><INIT seed="1,1,0,2,3,128" ten="221,279,227,273" oya="1" hai0="131,70,36,18,9,123,76,26,0,77,59,55,133" hai1="79,94,20,57,83,115,118,86,34,103,27,58,61" hai2="22,129,19,51,37,14,68,29,43,99,91,110,39" hai3="78,90,62,38,13,67,116,64,49,52,21,10,96"/><U4/><E115/><V130/><F68/><W100/><G38/><T106/><D70/><U46/><E118/><V87/><F110/><W111/><G111/><T95/><D106/><U23/><E4/><V40/><F99/><W88/><G116/><T72/><D36/><N who="2" m="13898" /><F51/><W54/><G21/><N who="0" m="13623" /><D72/><U24/><E46/><V105/><F29/><W5/><G78/><T107/><D107/><U33/><E94/><N who="2" m="54655" /><F105/><W53/><G49/><T71/><D71/><U126/><E103/><V89/><F89/><N who="3" m="34411" /><G62/><T104/><D104/><U28/><E126/><V11/><F22/><W125/><G125/><T17/><D95/><AGARI ba="1,0" hai="5,10,13,52,53,54,64,67,95,96,100" m="34411" machi="95" ten="30,3900,0" yaku="8,1,54,2" doraHai="128" who="3" fromWho="0" sc="221,-42,279,0,227,0,273,42" /><INIT seed="2,0,0,0,3,73" ten="179,279,227,315" oya="2" hai0="40,108,123,3,66,42,45,75,80,94,135,102,76" hai1="92,119,27,17,116,109,68,24,129,133,118,104,1" hai2="13,87,55,67,120,25,70,132,64,79,20,115,62" hai3="131,48,127,5,54,111,117,22,59,47,82,124,30"/><V74/><F120/><W65/><G117/><T53/><D123/><U113/><E104/><V60/><F115/><W56/><G111/><T61/><D108/><U78/><E113/><V95/><F132/><W122/><G131/><T84/><D135/><U16/><E109/><V57/><F13/><W34/><G34/><T32/><D32/><U58/><E68/><V52/><F74/><W12/><G122/><T69/><D3/><U11/><E133/><V121/><F121/><W112/><G112/><T36/><D42/><U46/><E58/><V107/><F107/><W125/><G82/><T7/><D7/><U43/><E92/><V81/><REACH who="2" step="1"/><F95/><REACH who="2" ten="179,279,217,315" step="2"/><W103/><G12/><T71/><D75/><U19/><E116/><V49/><F49/><W114/><G114/><T37/><D37/><U10/><E118/><V85/><F85/><W2/><G48/><T21/><D94/><U0/><E119/><V29/><AGARI ba="0,1" hai="20,25,29,52,55,57,60,62,64,67,70,79,81,87" machi="29" ten="20,18000,2" yaku="1,1,0,1,7,1,52,1,54,1,53,2" doraHai="73" doraHaiUra="51" who="2" fromWho="2" sc="179,-60,279,-60,217,190,315,-60" /><INIT seed="2,1,0,4,2,118" ten="119,219,407,255" oya="2" hai0="42,6,20,13,95,50,55,126,34,28,102,52,129" hai1="135,64,67,121,5,45,87,38,71,75,70,44,84" hai2="46,49,111,14,7,4,81,32,33,113,130,110,115" hai3="25,117,2,35,78,93,30,123,91,43,92,51,37"/><V0/><F81/><W128/><G117/><T54/><D126/><U108/><E5/><N who="2" m="2123" /><F0/><W104/><G2/><T19/><D129/><U114/><E38/><V1/><F1/><W29/><G104/><T41/><D6/><U79/><E114/><V76/><F76/><W3/><G3/><T9/><D34/><U86/><E108/><N who="2" m="41515" /><F130/><W26/><G78/><T72/><D72/><U127/><E127/><V16/><F49/><W10/><G37/><T57/><D42/><U59/><E79/><V58/><F58/><W120/><G43/><T21/><D41/><U106/><E59/><V119/><F46/><W96/><G51/><T62/><D28/><U18/><E44/><V65/><F65/><W88/><G128/><T23/><REACH who="0" step="1"/><D50/><REACH who="0" ten="109,219,407,255" step="2"/><U82/><E75/><V131/><F131/><W48/><G48/><T122/><D122/><U53/><E18/><V125/><F125/><W36/><G36/><T47/><D47/><U66/><E45/><V94/><F119/><W15/><G30/><T68/><D68/><U24/><E71/><V100/><F33/><W90/><G35/><T112/><D112/><U124/><E70/><V39/><F32/><W63/><G123/><T22/><N who="0" m="5120" /><DORA hai="69" /><T73/><D73/><U98/><E124/><V56/><F39/><W12/><G120/><T103/><D103/><U8/><E121/><V83/><F100/><W132/><G29/><T17/><D17/><U27/><E24/><V80/><F115/><W105/><G26/><T109/><D109/><U89/><E27/><V99/><F113/><W97/><G25/><T74/><D74/><RYUUKYOKU ba="1,1" sc="109,30,219,-10,407,-10,255,-10" hai0="9,13,19,52,54,55,57,62,95,102" /><INIT seed="3,2,1,4,3,126" ten="139,209,397,245" oya="3" hai0="34,54,40,50,10,130,111,78,122,92,69,94,30" hai1="51,44,13,131,58,135,123,12,7,8,105,55,71" hai2="11,43,18,118,15,84,63,108,1,27,3,103,68" hai3="82,95,28,19,49,64,124,35,117,17,16,91,86"/><W74/><G124/><T114/><D122/><U62/><E123/><V47/><F118/><W33/><G117/><T133/><D111/><U22/><E135/><V113/><F113/><W65/><G28/><T56/><D133/><U25/><E105/><V70/><F103/><W9/><G9/><T112/><D69/><U46/><E131/><V85/><F70/><W36/><G36/><T0/><D78/><U39/><E39/><V41/><F41/><W119/><G119/><T6/><D40/><U53/><E71/><V38/><F27/><W98/><G74/><T121/><D121/><U73/><E73/><V127/><F108/><W67/><REACH who="3" step="1"/><G49/><REACH who="3" ten="139,209,397,235" step="2"/><T110/><D110/><U52/><E51/><N who="2" m="27135" /><F127/><W89/><AGARI ba="2,2" hai="16,17,19,33,35,64,65,67,82,86,89,91,95,98" machi="89" ten="30,6000,0" yaku="1,1,0,1,54,1,53,0" doraHai="126" doraHaiUra="26" who="3" fromWho="3" sc="139,-22,209,-22,397,-22,235,86" /><INIT seed="3,3,0,0,0,132" ten="117,187,375,321" oya="3" hai0="22,131,77,125,14,103,50,109,4,69,121,44,65" hai1="43,62,47,106,112,107,116,130,15,126,82,95,127" hai2="20,17,18,81,21,105,66,30,24,94,51,5,85" hai3="9,74,97,71,29,12,104,61,115,19,8,33,0"/><W41/><G74/><T39/><D121/><U16/><E112/><V11/><F105/><W78/><G115/><T60/><D109/><U32/><E130/><V92/><F66/><N who="3" m="41423" /><G78/><T123/><D131/><U70/><E32/><V48/><F30/><W76/><G76/><T93/><D123/><U57/><E82/><V35/><F35/><W75/><G41/><T91/><D91/><U108/><E95/><N who="2" m="36395" /><F5/><W59/><G59/><T58/><D77/><U87/><E87/><V38/><F11/><N who="3" m="6559" /><G0/><T26/><D39/><U45/><E47/><V63/><F63/><W114/><G75/><T79/><D69/><U56/><E57/><V99/><F99/><W84/><G84/><T36/><D79/><U111/><E116/><V3/><F3/><W83/><G83/><T68/><D68/><U1/><E1/><V135/><F38/><W13/><G13/><T118/><D36/><N who="1" m="21735" /><E70/><V37/><F37/><W73/><G73/><T6/><D118/><U110/><E107/><V124/><F135/><W134/><G134/><T55/><D14/><U119/><E106/><V80/><F85/><W129/><G129/><T128/><D128/><U2/><E2/><V133/><F133/><W101/><G114/><T49/><D49/><N who="2" m="19018" /><F81/><W102/><G102/><T100/><D4/><U52/><E119/><V96/><F80/><W113/><G113/><T54/><D6/><U67/><E67/><V72/><F72/><W122/><G122/><T23/><D65/><U42/><E42/><V34/><F34/><W40/><G40/><T27/><D100/><U88/><E88/><V28/><F96/><RYUUKYOKU ba="3,0" sc="117,-15,187,15,375,-15,321,15" hai1="15,16,52,56,62,108,110,111,126,127" hai3="8,9,29,33,97,101,104" /><INIT seed="3,4,0,5,2,89" ten="102,202,360,336" oya="3" hai0="52,92,20,106,72,35,18,107,28,70,27,60,129" hai1="105,84,111,44,14,58,32,123,108,41,133,109,11" hai2="53,62,74,76,66,93,45,63,51,114,124,96,9" hai3="110,55,130,79,29,86,37,0,6,5,131,104,42"/><W118/><G118/><T61/><D129/><N who="3" m="49161" /><G110/><T30/><D72/><U17/><E133/><V88/><F114/><W54/><G104/><T21/><D35/><U77/><E123/><V59/><F124/><W38/><G29/><T25/><D25/><U49/><E105/><V67/><F74/><W125/><G125/><T127/><D127/><U10/><E58/><N who="2" m="37207" /><F9/><N who="3" m="2215" /><G6/><T120/><D120/><U135/><E135/><V8/><F8/><W39/><G42/><T23/><D23/><N who="1" m="11703" /><E32/><V68/><F68/><W71/><G71/><T103/><D107/><U119/><E119/><V47/><F47/><W99/><G99/><T22/><D22/><U97/><E97/><V7/><F7/><W40/><G40/><T98/><D106/><U112/><E112/><V83/><F76/><W95/><G79/><T24/><D70/><U128/><E128/><V56/><F45/><W26/><G26/><T4/><D4/><U100/><E100/><V69/><F69/><W13/><G13/><T64/><D64/><U101/><E101/><V43/><F43/><W57/><G57/><T81/><D18/><U94/><E11/><V65/><F65/><W36/><N who="3" m="9216" /><DORA hai="78" /><W50/><G50/><T117/><D117/><U87/><E10/><V15/><F15/><W90/><AGARI ba="4,0" hai="54,55,86,90,95" m="9216,2215,49161" machi="90" ten="60,6000,0" yaku="19,1,52,1" doraHai="89,78" who="3" fromWho="3" sc="102,-24,202,-24,360,-24,336,72" owari="78,-42.2,178,-22.2,336,13.6,408,50.8" /></mjloggm>