<mjloggm ver="2.3"><GO type="225" lobby="0"/><UN n0="%43%68%65" n1="%73%69%67%65%6E%6F%72%69" n2="%41%6F%54" n3="%E6%81%A5%E6%99%92%E3%81%97" dan="16,18,16,17" rate="2192.02,2245.53,2074.13,2199.30" sx="M,M,M,M"/><TAIKYOKU oya="0"/><INIT seed="0,0,0,2,2,36" ten="250,250,250,250" oya="0" hai0="62,41,21,45,44,16,74,28,124,97,10,135,118" hai1="108,15,29,4,88,53,30,55,105,56,22,9,100" hai2="126,11,89,82,133,25,109,94,14,13,71,52,51" hai3="99,40,7,17,66,46,93,73,69,50,65,91,20"/><T119/><D74/><U8/><E108/><V48/><F109/><W83/><G69/><T39/><D124/><U38/><E105/><V123/><F123/><W103/><G7/><T130/><D130/><U27/><E100/><V102/><F71/><W31/><G31/><T63/><D135/><U77/><E38/><V112/><F112/><W129/><G129/><T32/><D10/><U75/><E75/><V68/><F68/><W115/><G115/><T87/><D97/><U128/><E128/><V24/><F51/><W92/><G83/><T5/><D5/><U85/><E77/><V106/><F13/><W84/><REACH who="3" step="1"/><G73/><REACH who="3" ten="250,250,250,240" step="2"/><T58/><D28/><U125/><E125/><V110/><F126/><W80/><G80/><T95/><D119/><U18/><E30/><V113/><F113/><W33/><G33/><T96/><D32/><U34/><E34/><V23/><F110/><W54/><G54/><T1/><D118/><U19/><E55/><V101/><F82/><W114/><G114/><T79/><D1/><U37/><E9/><V107/><F133/><W120/><G120/><T64/><D21/><U81/><REACH who="1" step="1"/><E37/><REACH who="1" ten="250,240,250,240" step="2"/><V43/><F11/><W67/><G67/><T90/><D64/><U2/><E2/><V111/><F111/><W132/><G132/><T131/><D39/><U0/><E0/><V3/><F3/><W12/><AGARI ba="0,2" hai="12,17,20,40,46,50,65,66,84,91,92,93,99,103" machi="12" ten="20,8000,1" yaku="1,1,0,1,7,1,8,1,52,1,53,0" doraHai="36" doraHaiUra="49" who="3" fromWho="3" sc="250,-40,240,-20,250,-20,240,100" /><INIT seed="1,0,0,1,3,108" ten="210,220,230,340" oya="1" hai0="100,6,72,31,12,41,116,117,104,60,58,74,68" hai1="55,77,3,22,54,90,75,0,1,47,19,11,103" hai2="89,94,24,42,101,66,27,67,10,92,59,28,109" hai3="37,119,44,38,81,123,29,56,99,107,131,118,132"/><U114/><E103/><V5/><F109/><W130/><G123/><T110/><D110/><U32/><E32/><V78/><F78/><W13/><G29/><T71/><D41/><U36/><E11/><V134/><F134/><W52/><G132/><T73/><D31/><U83/><E90/><V50/><F101/><N who="3" m="62911" /><G13/><T70/><D100/><U88/><E114/><V8/><F42/><N who="3" m="22607" /><G81/><T127/><D104/><U30/><E30/><V62/><F50/><N who="3" m="30743" /><G38/><T93/><D93/><U126/><E88/><V48/><F48/><W57/><G57/><T120/><D120/><U61/><E36/><V33/><F24/><W63/><G63/><T85/><D85/><U135/><E135/><V26/><F26/><W105/><G105/><T86/><D86/><U51/><E61/><V17/><F17/><W129/><AGARI ba="0,0" hai="118,119,129,130,131" m="30743,22607,62911" machi="129" ten="40,2700,0" yaku="19,1,54,1" doraHai="108" who="3" fromWho="3" sc="210,-7,220,-13,230,-7,340,27" /><INIT seed="2,0,0,1,3,111" ten="203,207,223,367" oya="2" hai0="41,107,128,62,59,17,72,99,70,69,36,116,27" hai1="32,48,130,0,16,34,25,20,80,12,39,86,114" hai2="9,15,134,112,87,11,35,64,127,94,90,43,50" hai3="38,97,91,77,37,21,3,54,8,4,85,67,84"/><V104/><F127/><W106/><G67/><T75/><D128/><U79/><E39/><V76/><F134/><W89/><G77/><T88/><D116/><U40/><E130/><V108/><F108/><W133/><G133/><T122/><D122/><U58/><E0/><V66/><F35/><W53/><G21/><N who="0" m="13743" /><D41/><U23/><E114/><V78/><F104/><W101/><G54/><N who="0" m="34167" /><D36/><U83/><E83/><V135/><F9/><W44/><G53/><T28/><D28/><U2/><E2/><V68/><F112/><W29/><G29/><T100/><D100/><U120/><E120/><V103/><F103/><W132/><G44/><T110/><D107/><U7/><E58/><V115/><F115/><W93/><G132/><T96/><D96/><U46/><REACH who="1" step="1"/><E7/><REACH who="1" ten="203,197,223,367" step="2"/><N who="2" m="3583" /><F135/><W81/><AGARI ba="0,1" hai="3,4,8,37,38,81,84,85,89,91,93,97,101,106" machi="81" ten="20,1500,0" yaku="0,1,7,1" doraHai="111" who="3" fromWho="3" sc="203,-4,197,-4,223,-7,367,25" /><INIT seed="3,0,0,3,0,64" ten="199,193,216,392" oya="3" hai0="28,70,50,121,123,90,12,72,111,25,132,115,21" hai1="61,71,0,66,77,102,33,97,38,41,95,27,105" hai2="92,6,22,88,103,45,2,118,76,3,11,67,107" hai3="89,120,117,101,37,69,80,34,23,135,52,84,113"/><W59/><G34/><T20/><D70/><U110/><E110/><V130/><F118/><W127/><G101/><T19/><D111/><U4/><E77/><V87/><F130/><W58/><G84/><T74/><D132/><U68/><E68/><V79/><F67/><W83/><G23/><T104/><D104/><U46/><E95/><V47/><F2/><W10/><G59/><T116/><D116/><U7/><E0/><V75/><F22/><W32/><G83/><T53/><D115/><U56/><E56/><V86/><F86/><W54/><G80/><T5/><D5/><U35/><E35/><V94/><F94/><W85/><G69/><T128/><D128/><U14/><E14/><V60/><F60/><W100/><G117/><T30/><D30/><AGARI ba="0,0" hai="4,7,27,30,33,38,41,46,61,66,71,97,102,105" machi="30" ten="40,5200,0" yaku="25,2,52,1" doraHai="64" who="1" fromWho="0" sc="199,-52,193,52,216,0,392,0" owari="147,-35.3,245,4.5,216,-18.4,392,49.2" /></mjloggm>