<mjloggm ver="2.3"><GO type="225" lobby="0"/><UN n0="%E8%81%B7%E6%A5%AD%E3%80%81%E9%A2%A8%32" n1="%E6%97%A5%E6%9B%9C%E6%97%A5%E3%82%88%E3%82%8A%E3%81%AE%E4%BD%BF%E8%80%85" n2="%E3%82%8F%E3%81%8B%E3%81%B0%2A%E3%82%AC%E3%83%BC%E3%83%AB" n3="%E3%81%A4%E3%81%A3%E3%81%B1%E3%82%8A%E3%83%9D%E3%83%BC%E3%83%AB" dan="16,17,16,17" rate="2154.35,2233.96,2084.65,2201.25" sx="M,M,M,M"/><TAIKYOKU oya="0"/><INIT seed="0,0,0,0,0,122" ten="250,250,250,250" oya="0" hai0="108,4,124,94,41,13,90,106,79,36,100,114,78" hai1="121,91,47,3,56,5,75,71,127,110,119,103,35" hai2="134,95,81,105,89,117,128,49,45,82,17,98,38" hai3="97,6,27,84,51,46,101,104,26,130,15,19,2"/><T107/><D114/><U66/><E35/><V53/><F128/><W48/><G130/><T112/><D112/><U67/><E71/><V9/><F134/><W118/><G118/><T39/><D124/><U102/><E75/><V62/><F117/><W63/><G2/><T25/><D25/><U8/><E119/><V109/><F38/><N who="0" m="14378" /><D41/><U116/><E116/><V7/><F105/><N who="0" m="39946" /><D100/><U60/><E121/><V50/><F62/><W92/><G6/><T111/><D13/><U88/><E67/><V16/><F50/><W40/><G63/><T23/><D23/><U31/><E31/><V11/><F11/><W99/><G84/><N who="0" m="52551" /><D4/><U135/><E127/><V83/><F7/><W73/><G73/><T44/><D44/><U131/><E47/><V61/><F61/><W21/><G51/><T0/><D0/><U120/><E5/><V58/><F45/><W14/><G27/><T115/><D115/><U22/><E3/><V42/><F42/><W96/><G96/><T55/><D55/><U126/><E126/><V70/><F70/><W43/><G40/><T30/><D30/><U129/><E60/><V86/><F86/><W32/><G32/><T85/><D85/><U64/><E120/><V65/><F65/><W24/><G24/><T69/><D69/><U1/><E1/><V54/><F53/><W33/><G33/><T10/><D10/><U80/><E8/><V52/><F54/><W72/><G72/><T37/><N who="0" m="14386" /><T12/><DORA hai="34" /><D12/><U113/><E113/><V57/><F9/><W59/><G59/><T87/><D87/><U77/><E56/><RYUUKYOKU ba="0,0" sc="250,15,250,-15,250,-15,250,15" hai0="78,79,108,111" hai3="14,15,19,21,26,43,46,48,92,97,99,101,104" /><INIT seed="0,1,0,0,4,95" ten="265,235,235,265" oya="0" hai0="33,83,59,123,128,41,70,107,121,90,2,91,93" hai1="49,113,69,79,132,20,56,74,97,62,51,68,44" hai2="66,119,78,114,45,4,112,3,76,126,54,11,31" hai3="43,105,25,53,84,120,18,103,29,37,27,19,96"/><T106/><D33/><U117/><E117/><V6/><F119/><W125/><G125/><T72/><D70/><U57/><E74/><V60/><F126/><W0/><G0/><T99/><D2/><U40/><E79/><V32/><F6/><W82/><G120/><N who="0" m="46155" /><D59/><U88/><E132/><V46/><F31/><W133/><G133/><T7/><D7/><U94/><E113/><V81/><F32/><W135/><G135/><T80/><D41/><U23/><E51/><V110/><F110/><W5/><G5/><T131/><D91/><U100/><E57/><V30/><F30/><W24/><G29/><T1/><D1/><U129/><E129/><N who="0" m="49737" /><D72/><U36/><E36/><V35/><F35/><W58/><G43/><T42/><D42/><U34/><E34/><V67/><F67/><W86/><G37/><T87/><D87/><U65/><REACH who="1" step="1"/><E100/><REACH who="1" ten="265,225,235,265" step="2"/><V17/><F112/><W39/><G39/><T122/><D122/><U50/><E50/><V115/><F114/><W22/><G58/><T64/><D64/><U111/><E111/><V109/><F115/><W38/><G38/><T89/><D89/><U16/><E16/><V12/><F109/><W26/><G19/><T134/><D134/><U8/><E8/><N who="2" m="2079" /><F66/><W9/><G9/><T98/><D107/><U21/><AGARI ba="1,1" hai="20,21,23,40,44,49,56,62,65,68,69,88,94,97" machi="21" ten="30,7900,0" yaku="1,1,0,1,52,1,54,1,53,0" doraHai="95" doraHaiUra="108" who="1" fromWho="1" sc="265,-40,225,92,235,-21,265,-21" /><INIT seed="1,0,0,2,2,118" ten="225,317,214,244" oya="1" hai0="58,56,3,132,111,31,8,110,106,85,60,5,53" hai1="120,88,61,84,68,70,16,128,9,11,22,124,82" hai2="65,21,34,112,57,62,115,103,119,99,20,47,135" hai3="93,109,123,77,59,108,30,89,66,127,74,131,75"/><U113/><E113/><N who="2" m="43595" /><F119/><W45/><G131/><T98/><D132/><U36/><E36/><V17/><F135/><W90/><G127/><T23/><D85/><U38/><E38/><V54/><F34/><W40/><G30/><T97/><D58/><U37/><E37/><V101/><F17/><W7/><G7/><T63/><D63/><U126/><E128/><V2/><F2/><W133/><G133/><T29/><D23/><N who="2" m="8778" /><F99/><N who="0" m="37898" /><D106/><U104/><E104/><V91/><F91/><W52/><G90/><T0/><D0/><U19/><E70/><N who="2" m="42295" /><F47/><W87/><G45/><T14/><D3/><U18/><E22/><V44/><F44/><W76/><G76/><T134/><D134/><U71/><E68/><V67/><F67/><W6/><G77/><T55/><D111/><U13/><E71/><V95/><F95/><W48/><G66/><N who="0" m="39175" /><D110/><U105/><E105/><V121/><F101/><W50/><G108/><T27/><D27/><U42/><E61/><N who="2" m="36023" /><F103/><W102/><G102/><T122/><D122/><AGARI ba="0,0" hai="121,122" m="36023,42295,8778,43595" machi="122" ten="30,3900,0" yaku="11,1,52,2" doraHai="118" who="2" fromWho="0" sc="225,-39,317,0,214,39,244,0" /><INIT seed="2,0,0,2,0,82" ten="186,317,253,244" oya="2" hai0="94,18,132,112,19,29,68,16,93,24,0,51,115" hai1="21,106,100,133,53,135,121,130,72,38,35,113,50" hai2="6,28,27,134,13,61,57,36,79,128,74,73,102" hai3="54,3,11,84,104,78,86,15,98,76,10,1,44"/><V83/><F128/><W127/><G127/><T12/><D68/><U60/><E35/><V67/><F36/><W39/><G39/><T81/><D0/><U120/><E72/><V20/><F134/><N who="1" m="51209" /><E113/><V14/><F102/><W123/><G123/><N who="1" m="47178" /><E130/><V109/><F109/><W41/><G41/><T70/><D132/><U99/><E38/><V125/><F125/><W48/><G104/><T65/><D70/><U91/><E21/><V26/><F73/><W43/><G98/><T124/><D124/><U80/><E60/><V117/><F117/><W90/><G43/><T58/><D112/><U77/><E91/><V114/><F114/><W87/><G90/><T105/><D115/><U30/><E30/><V75/><F74/><W52/><G3/><T8/><D105/><U25/><E25/><V40/><F40/><N who="3" m="24583" /><G1/><T56/><D29/><U110/><E110/><V64/><F27/><W119/><G119/><T97/><D24/><U22/><E22/><V49/><F49/><W2/><G10/><T96/><D51/><U116/><E116/><V17/><F28/><W89/><G89/><N who="0" m="55343" /><D81/><U63/><E63/><V32/><F32/><W126/><G2/><T92/><D97/><U31/><E31/><V7/><F67/><W33/><G33/><T34/><D65/><U95/><E106/><V42/><F42/><W62/><G62/><T129/><D34/><U5/><E50/><V85/><F75/><W108/><G126/><T66/><D66/><U46/><E100/><V45/><REACH who="2" step="1"/><F45/><REACH who="2" ten="186,317,243,244" step="2"/><W4/><G108/><T103/><D129/><U107/><E46/><V47/><F47/><RYUUKYOKU ba="0,1" sc="186,-15,317,-15,243,15,244,15" hai2="6,7,13,14,17,20,26,57,61,64,79,83,85" hai3="4,11,15,52,54,76,78,84,86,87" /><INIT seed="2,1,1,1,0,71" ten="171,302,258,259" oya="2" hai0="131,108,11,133,14,98,56,120,9,112,29,15,123" hai1="19,126,66,129,87,78,104,52,94,124,134,105,122" hai2="22,84,73,85,2,83,113,40,28,26,119,51,44" hai3="59,47,93,61,127,101,17,7,39,62,86,49,18"/><V48/><F113/><W90/><G127/><N who="1" m="48682" /><E129/><V88/><F119/><W10/><G39/><T95/><D112/><U128/><E128/><V34/><F2/><W38/><G38/><T31/><D131/><U91/><E134/><V57/><F73/><W65/><G101/><T55/><D133/><U100/><E122/><V37/><F34/><W125/><G62/><T16/><D108/><U32/><E32/><V63/><F84/><W111/><G111/><T33/><D33/><U121/><E121/><V92/><F83/><W89/><G89/><T30/><D15/><U8/><E66/><AGARI ba="1,1" hai="22,26,28,37,40,44,48,51,57,63,66,85,88,92" machi="66" ten="30,5800,0" yaku="7,1,52,1,54,1" doraHai="71" who="2" fromWho="1" sc="171,0,302,-61,258,71,259,0" /><INIT seed="2,2,0,1,4,64" ten="171,241,329,259" oya="2" hai0="38,29,10,76,112,26,39,51,92,42,96,74,2" hai1="30,28,100,105,52,121,63,15,46,50,4,32,94" hai2="73,59,25,18,62,3,57,34,99,106,19,122,13" hai3="101,68,91,11,33,81,31,69,1,6,61,20,24"/><V93/><F122/><W27/><G101/><T21/><D112/><U54/><E105/><V113/><F3/><W108/><G108/><T5/><D74/><U70/><E32/><V60/><F73/><W14/><G61/><T116/><D116/><U107/><E107/><V22/><F106/><W66/><G66/><T127/><D127/><U58/><E70/><V48/><F48/><W125/><G125/><T77/><D51/><U88/><E100/><V114/><F62/><W9/><G9/><T123/><D123/><U118/><E118/><V133/><F57/><W0/><G0/><T120/><D120/><U104/><E104/><V83/><F83/><W65/><G65/><T86/><D86/><N who="1" m="52503" /><E121/><V35/><F35/><W79/><G91/><T84/><D84/><U97/><E97/><V78/><F78/><W103/><G103/><T72/><D42/><U124/><E124/><V71/><F71/><W56/><G56/><T12/><D2/><U98/><E98/><V95/><F95/><W36/><G36/><T55/><D55/><U7/><E7/><V128/><F34/><W131/><G131/><T17/><D5/><U47/><E47/><V82/><F128/><W40/><G40/><T87/><D87/><U85/><E85/><V75/><F75/><N who="3" m="43263" /><G27/><T134/><D134/><U135/><E135/><V89/><F133/><W119/><G119/><T44/><D44/><U129/><E129/><V130/><F130/><W109/><G109/><T111/><D111/><U80/><E80/><V23/><F82/><W53/><G53/><AGARI ba="2,0" hai="13,18,19,22,23,25,53,59,60,89,93,99,113,114" machi="53" ten="30,5800,0" yaku="7,1,25,2" doraHai="64" who="2" fromWho="3" sc="171,0,241,0,329,64,259,-64" /><INIT seed="2,3,0,1,0,46" ten="171,241,393,195" oya="2" hai0="43,101,30,103,127,87,52,22,130,135,99,85,40" hai1="31,16,110,96,80,65,7,3,53,128,75,41,38" hai2="118,72,26,125,62,33,56,134,49,27,108,48,94" hai3="11,24,20,93,97,0,12,9,42,111,51,36,13"/><V113/><F113/><W44/><G111/><T84/><D127/><U19/><E31/><V39/><F39/><W104/><G104/><T18/><D135/><U98/><E65/><V117/><F72/><W29/><G36/><T71/><D71/><U5/><E53/><V129/><F125/><W55/><G42/><T86/><D130/><U1/><E80/><V114/><F114/><W81/><G81/><T122/><D122/><U70/><E70/><V126/><F126/><W121/><G121/><T76/><D30/><U6/><E75/><V83/><F83/><W133/><G133/><T112/><D112/><U102/><E110/><V34/><F94/><W107/><G107/><T64/><D64/><U8/><E128/><V69/><F69/><W109/><G109/><T78/><N who="0" m="21504" /><DORA hai="35" /><T10/><D10/><N who="3" m="3593" /><G0/><T88/><D52/><U57/><E38/><V32/><F108/><W105/><G105/><T89/><D76/><U25/><E41/><N who="0" m="15945" /><D78/><U106/><E8/><V54/><F134/><W68/><G68/><T131/><D131/><U23/><E3/><V14/><F129/><W95/><G95/><N who="0" m="56807" /><D89/><AGARI ba="3,0" hai="12,13,20,24,29,44,51,55,89,93,97" m="3593" machi="89" ten="30,2000,0" yaku="8,1,52,1" doraHai="46,35" who="3" fromWho="0" sc="171,-29,241,0,393,0,195,29" /><INIT seed="3,0,0,3,1,112" ten="142,241,393,224" oya="3" hai0="20,109,93,121,0,108,39,81,125,113,122,17,57" hai1="116,123,69,1,80,49,6,111,68,135,23,77,119" hai2="130,71,59,54,18,100,12,106,3,101,32,14,10" hai3="21,98,52,88,15,42,55,99,4,85,37,124,27"/><W117/><G117/><N who="1" m="45130" /><E111/><N who="0" m="42569" /><D39/><U41/><E135/><V30/><F71/><W129/><G129/><T87/><D57/><U34/><E34/><V114/><F106/><W7/><G124/><T86/><D0/><U131/><E123/><N who="0" m="47113" /><D20/><U58/><E131/><V78/><F114/><W97/><G42/><T47/><D47/><N who="1" m="25839" /><E23/><V46/><F32/><W96/><N who="3" m="24576" /><DORA hai="83" /><W13/><G37/><T44/><D44/><U120/><E120/><V75/><F46/><W102/><G102/><T56/><D17/><U62/><E6/><N who="3" m="2090" /><G13/><T70/><D70/><U16/><E16/><V65/><F18/><N who="3" m="12727" /><G15/><T22/><D113/><U91/><E1/><V61/><F3/><W28/><G28/><T79/><D22/><U2/><E2/><V8/><F30/><W5/><G5/><T84/><D125/><U94/><E94/><AGARI ba="0,0" hai="52,55,85,88,94" m="12727,2090,24576" machi="94" ten="40,12000,1" yaku="8,1,52,1,54,2" doraHai="112,83" who="3" fromWho="1" sc="142,0,241,-120,393,0,224,120" /><INIT seed="3,1,0,3,0,59" ten="142,121,393,344" oya="3" hai0="19,95,78,120,66,6,125,29,124,25,113,15,13" hai1="89,55,22,62,99,43,126,86,32,74,50,79,56" hai2="37,49,54,121,24,40,127,129,68,75,42,134,77" hai3="81,1,83,122,30,38,85,73,45,35,65,114,57"/><W58/><G114/><T84/><D120/><U128/><E32/><V63/><F121/><W105/><G122/><T44/><D113/><U12/><E126/><N who="0" m="48745" /><D66/><U135/><E128/><V67/><F129/><W87/><G1/><T33/><D44/><N who="1" m="25887" /><E74/><V34/><F127/><W9/><G105/><T70/><D70/><U96/><E79/><V93/><F93/><W51/><G38/><T5/><D78/><U16/><E135/><V61/><F61/><N who="3" m="38071" /><G73/><T27/><D27/><U72/><E72/><V112/><F112/><W102/><G102/><T53/><D53/><U117/><E117/><V41/><F134/><W92/><G35/><T88/><D15/><U28/><E28/><N who="2" m="19719" /><F77/><N who="3" m="46255" /><G30/><T106/><D106/><U131/><E131/><V97/><F75/><W80/><G57/><T104/><D104/><U119/><E119/><V14/><F37/><W4/><G4/><T52/><D52/><U71/><E71/><V21/><F68/><W69/><G69/><T10/><AGARI ba="1,0" hai="5,6,10,13,19,25,29,33,84,88,95" m="48745" machi="10" ten="30,2000,0" yaku="18,1,54,1" doraHai="59" who="0" fromWho="0" sc="142,23,121,-6,393,-6,344,-11" owari="165,-23.5,115,-38.5,387,48.7,333,13.3" /></mjloggm>