<mjloggm ver="2.3"><GO type="225" lobby="0"/><UN n0="%E3%82%A2%E3%83%9E%E3%83%9D%EF%BD%9E%EF%BD%9E%E3%83%A9" n1="%E5%91%A8%E6%9D%B1" n2="%E4%BF%BA%E3%81%A8%E5%A6%96%E5%A4%A2" n3="%E3%81%8B%E3%82%8F%E3%81%A1%E3%82%83%E3%82%93%35%38" dan="17,16,16,16" rate="2062.42,2158.06,2104.83,2118.45" sx="M,M,F,M"/><TAIKYOKU oya="0"/><INIT seed="0,0,0,2,2,92" ten="250,250,250,250" oya="0" hai0="112,101,82,127,103,40,104,30,1,100,12,53,124" hai1="51,71,22,44,19,36,39,11,16,102,116,73,5" hai2="9,91,107,57,34,25,14,80,93,68,88,76,90" hai3="32,41,62,132,29,3,96,94,24,20,125,129,33"/><T43/><D1/><U59/><E71/><V54/><F68/><W78/><G129/><T69/><D112/><U38/><E116/><V52/><F107/><W97/><G3/><T49/><D69/><U77/><E59/><V21/><F34/><W70/><G132/><T86/><D30/><U6/><E102/><V15/><F9/><W121/><G125/><N who="0" m="48203" /><D12/><N who="2" m="4650" /><F80/><W28/><G121/><T10/><D10/><U89/><E11/><V46/><F46/><W26/><G20/><T123/><D123/><U67/><E67/><V2/><F76/><W55/><G78/><N who="0" m="46423" /><D104/><U61/><E77/><V119/><F119/><W133/><G133/><T110/><D110/><U117/><E117/><V87/><F2/><W65/><G94/><T130/><D130/><U98/><E73/><V108/><F108/><W50/><G41/><T106/><D106/><U18/><E22/><V8/><F8/><W56/><AGARI ba="0,0" hai="24,26,28,29,32,33,50,55,56,62,65,70,96,97" machi="56" ten="20,8000,1" yaku="0,1,7,1,9,1,52,2" doraHai="92" who="3" fromWho="3" sc="250,-40,250,-20,250,-20,250,80" /><INIT seed="1,0,0,2,2,85" ten="210,230,230,330" oya="1" hai0="16,53,65,12,11,91,22,102,93,58,123,7,62" hai1="135,5,45,112,35,4,101,97,0,116,86,34,74" hai2="33,23,115,94,9,111,15,2,82,43,18,24,68" hai3="8,118,52,134,113,132,64,20,80,38,120,130,73"/><U121/><E121/><V41/><F68/><W81/><G113/><T37/><D37/><U77/><E112/><V1/><F115/><W27/><G120/><T54/><D102/><U103/><E116/><V106/><F106/><W61/><G38/><T32/><D32/><U117/><E117/><V40/><F111/><W126/><G118/><T76/><D76/><U129/><E74/><V70/><F70/><W13/><G73/><T66/><D54/><U95/><E129/><V59/><F33/><W105/><G105/><T47/><D47/><U28/><E135/><N who="3" m="51754" /><G52/><T88/><D123/><U25/><E103/><V72/><F59/><N who="3" m="36927" /><G126/><T87/><D91/><U6/><E45/><V48/><F48/><W109/><G109/><T50/><D62/><U119/><E119/><V108/><F108/><W127/><G127/><T57/><D57/><U89/><E77/><V69/><F69/><W99/><G99/><T60/><D60/><U46/><E46/><V30/><F94/><W17/><G130/><T51/><D51/><U26/><E0/><AGARI ba="0,0" hai="0,7,11,12,16,22,50,53,58,65,66,87,88,93" machi="0" ten="30,12000,2" yaku="7,1,25,2,52,1,54,2" doraHai="85" who="0" fromWho="1" sc="210,120,230,-120,230,0,330,0" /><INIT seed="2,0,0,1,1,38" ten="330,110,230,330" oya="2" hai0="68,101,92,30,7,57,15,77,74,59,29,45,28" hai1="110,80,108,132,104,129,98,52,37,62,0,124,40" hai2="93,67,58,41,111,133,71,23,73,16,89,114,55" hai3="32,31,81,64,56,14,49,26,42,119,22,4,76"/><V21/><F114/><W103/><G119/><T102/><D68/><U10/><E132/><V125/><F73/><W84/><G103/><T100/><D77/><U107/><E129/><V13/><F133/><W115/><G115/><T46/><D92/><U25/><E124/><V66/><F125/><W96/><G96/><T121/><D74/><U35/><E80/><V51/><F111/><W99/><G99/><T117/><D121/><U65/><E10/><V36/><F71/><W87/><G87/><T63/><D117/><U20/><E0/><V61/><F36/><W128/><G128/><T3/><D3/><U60/><E35/><V85/><F23/><W43/><G32/><T118/><D59/><U39/><E98/><V105/><F105/><W34/><G34/><T12/><D118/><U90/><E90/><V95/><REACH who="2" step="1"/><F93/><REACH who="2" ten="330,110,220,330" step="2"/><W131/><G131/><T79/><D79/><U116/><E116/><V82/><F82/><W88/><G76/><T50/><D7/><U1/><E107/><V18/><F18/><W53/><G64/><T86/><D29/><U17/><E104/><V109/><F109/><W91/><G91/><T83/><D30/><U11/><E65/><V134/><F134/><W19/><G4/><T94/><D28/><U33/><E110/><V120/><F120/><W135/><G135/><T70/><D94/><U48/><E108/><V97/><F97/><W106/><G106/><T27/><D70/><U72/><E72/><V47/><AGARI ba="0,1" hai="13,16,21,41,47,51,55,58,61,66,67,85,89,95" machi="47" ten="30,12000,1" yaku="1,1,0,1,8,1,52,1,54,1,53,0" doraHai="38" doraHaiUra="123" who="2" fromWho="2" sc="330,-40,110,-40,220,130,330,-40" /><INIT seed="2,1,0,0,1,119" ten="290,70,350,290" oya="2" hai0="77,63,124,95,16,49,115,122,8,65,29,84,85" hai1="12,106,98,89,78,117,1,131,14,101,127,6,120" hai2="34,10,129,9,75,83,48,97,76,104,93,72,69" hai3="41,36,39,121,32,3,24,108,25,70,94,103,107"/><V22/><F34/><W46/><G94/><T43/><D115/><U20/><E1/><V66/><F72/><W109/><G3/><T38/><D38/><N who="3" m="14377" /><G70/><T53/><D122/><U64/><E117/><V58/><F69/><W113/><G113/><T26/><D124/><U62/><E127/><V100/><F22/><W56/><G56/><N who="0" m="37095" /><D43/><U51/><E120/><V87/><F129/><W47/><G121/><T71/><D71/><U91/><E131/><V130/><F130/><W21/><G32/><T110/><D77/><U4/><E78/><V0/><F0/><W57/><G57/><N who="0" m="32943" /><D110/><N who="3" m="42601" /><G41/><T11/><D29/><U126/><E126/><V92/><F92/><W134/><G134/><T96/><D8/><U35/><E35/><V19/><F19/><N who="3" m="12351" /><G25/><T118/><D118/><U33/><E33/><V5/><F5/><W61/><G61/><T68/><D68/><U135/><E4/><V28/><F28/><W44/><G44/><T125/><D125/><U132/><E135/><V82/><F82/><W90/><G90/><N who="0" m="55415" /><D26/><U128/><E132/><V17/><F66/><W111/><N who="3" m="42609" /><W15/><DORA hai="59" /><G15/><AGARI ba="1,0" hai="11,15,16,84,85" m="55415,32943,37095" machi="15" ten="30,3900,0" yaku="8,1,52,1,54,1" doraHai="119,59" who="0" fromWho="3" sc="290,42,70,0,350,0,290,-42" /><INIT seed="3,0,0,2,4,29" ten="332,70,350,248" oya="3" hai0="88,125,56,108,99,28,27,128,74,101,53,20,30" hai1="39,102,120,61,104,31,26,4,124,77,48,75,19" hai2="90,1,49,103,57,81,23,14,114,126,119,110,3" hai3="11,106,41,129,80,97,95,133,15,36,45,24,84"/><W64/><G129/><T8/><D128/><U17/><E120/><V94/><F114/><W37/><G133/><T68/><D68/><U121/><E121/><V10/><F119/><W52/><G64/><T58/><D108/><U63/><E39/><V50/><F110/><W12/><G106/><T34/><D74/><U113/><E113/><V72/><F126/><W76/><G36/><T71/><D71/><U32/><E124/><V47/><F23/><W9/><G24/><T117/><D117/><U69/><E61/><V112/><F112/><W111/><G111/><T0/><D125/><U89/><E89/><V2/><F57/><W21/><G21/><T135/><D58/><U79/><E4/><V67/><F67/><W93/><G52/><T62/><D135/><U73/><E48/><V83/><F103/><W43/><G43/><T55/><D55/><U131/><E131/><V122/><F122/><W16/><REACH who="3" step="1"/><G97/><REACH who="3" ten="332,70,350,238" step="2"/><T5/><D20/><U59/><E104/><V116/><F116/><W13/><G13/><T60/><D30/><U42/><E31/><V54/><F14/><W86/><G86/><T78/><D62/><U33/><E63/><V51/><F72/><W70/><G70/><T65/><D65/><U115/><E69/><V98/><F10/><W25/><G25/><T134/><D134/><U35/><E26/><V66/><F66/><W105/><G105/><T44/><D60/><U118/><E115/><V18/><F54/><W127/><G127/><T46/><D27/><U22/><E73/><V123/><F1/><W132/><G132/><T7/><D0/><RYUUKYOKU ba="0,1" sc="332,-10,70,-10,350,-10,238,30" hai3="9,11,12,15,16,37,41,45,76,80,84,93,95" /><INIT seed="3,1,1,2,1,109" ten="322,60,340,268" oya="3" hai0="123,91,117,58,49,127,75,70,27,17,1,133,116" hai1="125,34,9,120,38,98,32,37,54,65,2,59,83" hai2="103,105,122,87,128,33,11,26,121,66,80,106,84" hai3="7,39,56,36,82,115,69,5,46,45,77,64,74"/><W94/><G69/><T96/><D123/><N who="2" m="47114" /><F128/><W99/><G115/><T10/><D70/><U104/><E120/><V134/><F134/><W90/><G46/><T107/><D75/><U68/><E125/><V16/><F66/><W113/><G113/><T0/><D127/><U73/><E54/><V63/><F63/><W53/><G64/><T62/><D133/><U119/><E119/><V52/><F103/><W20/><G20/><N who="0" m="13711" /><D107/><U81/><E59/><V28/><F52/><W129/><G129/><T95/><D49/><U12/><E73/><V22/><F11/><W126/><G126/><T44/><D44/><U101/><E65/><V114/><F114/><W25/><G25/><T48/><D48/><U6/><E68/><V124/><F124/><W135/><G135/><T118/><D10/><U85/><E2/><V108/><F108/><W55/><G55/><AGARI ba="1,1" hai="0,1,55,58,62,91,95,96,116,117,118" m="13711" machi="55" ten="30,1000,0" yaku="25,1" doraHai="109" who="0" fromWho="3" sc="322,23,60,0,340,0,268,-13" owari="345,44.5,60,-44.0,340,14.0,255,-14.5" /></mjloggm>