<mjloggm ver="2.3"><GO type="225" lobby="0"/><UN n0="%33%74%72%65%65" n1="%E3%81%BF%E3%81%BF%E3%81%9A" n2="%E3%82%B3%E3%83%90%E3%83%AC%E3%82%A4" n3="%E9%A6%AC%E5%BC%95%E7%81%AB%33" dan="16,17,16,16" rate="2044.24,2206.84,2150.14,2085.85" sx="F,M,M,M"/><TAIKYOKU oya="0"/><INIT seed="0,0,0,0,1,27" ten="250,250,250,250" oya="0" hai0="125,21,23,41,36,104,115,35,32,44,9,62,12" hai1="74,3,108,30,80,92,95,110,118,53,101,69,38" hai2="100,26,47,112,73,5,50,75,25,8,31,57,67" hai3="63,56,105,11,22,49,43,113,19,88,83,28,94"/><T13/><D115/><U39/><E118/><V122/><F112/><W99/><G113/><T79/><D125/><U78/><E3/><V120/><F100/><W132/><G132/><T34/><D104/><U130/><E69/><V109/><F75/><W59/><G105/><T18/><D79/><U60/><E130/><V124/><F73/><W90/><G11/><T45/><D62/><U131/><E131/><V91/><F124/><W55/><G28/><T65/><D65/><U102/><E30/><V70/><F70/><W58/><G43/><T77/><D77/><U111/><E53/><V85/><F25/><N who="3" m="14559" /><G49/><T7/><REACH who="0" step="1"/><D45/><REACH who="0" ten="240,250,250,250" step="2"/><U24/><E60/><V68/><F47/><W4/><G4/><T84/><D84/><AGARI ba="0,1" hai="55,56,58,59,63,83,84,88,90,94,99" m="14559" machi="84" ten="30,3900,0" yaku="25,1,8,1,54,1" doraHai="27" who="3" fromWho="0" sc="240,-39,250,0,250,0,250,49" /><INIT seed="1,0,0,1,0,86" ten="201,250,250,299" oya="1" hai0="70,65,99,46,2,42,120,23,8,89,60,43,98" hai1="122,0,50,133,114,55,30,124,36,1,64,94,5" hai2="7,12,16,45,129,32,91,118,123,37,72,52,71" hai3="61,125,134,57,29,77,24,35,112,110,104,59,66"/><U3/><E114/><V96/><F71/><W68/><G112/><T106/><D120/><U40/><E122/><V95/><F123/><W121/><G121/><T67/><D67/><U135/><E30/><V25/><F72/><W14/><G110/><T97/><D106/><U44/><E124/><V76/><F76/><W107/><G134/><N who="1" m="51210" /><E64/><V102/><F118/><W128/><G128/><T113/><D113/><U82/><E82/><V15/><F129/><W53/><G77/><T58/><D70/><U119/><E119/><V111/><F111/><W132/><G132/><T87/><D23/><U131/><E131/><V27/><F37/><W49/><G125/><T48/><D2/><U116/><E116/><V28/><F25/><W130/><G130/><T19/><D43/><U73/><E73/><V51/><F7/><W26/><G14/><N who="0" m="7623" /><D97/><U79/><E79/><V62/><F62/><W115/><G115/><T92/><AGARI ba="0,0" hai="42,46,48,58,60,65,87,89,92,98,99" m="7623" machi="92" ten="30,2000,0" yaku="8,1,52,1" doraHai="86" who="0" fromWho="0" sc="201,20,250,-10,250,-5,299,-5" /><INIT seed="2,0,0,4,1,51" ten="221,240,245,294" oya="2" hai0="96,67,1,129,90,31,46,94,130,15,13,41,49" hai1="89,131,87,26,135,123,18,17,76,35,110,100,56" hai2="16,9,82,97,125,115,92,30,4,24,38,6,74" hai3="37,47,70,127,109,66,60,42,121,114,93,5,34"/><V61/><F115/><W25/><G121/><T8/><D31/><U119/><E119/><V62/><F38/><W54/><G114/><T124/><D124/><U118/><E118/><V98/><F125/><W63/><G127/><T84/><D67/><U111/><E76/><V3/><F6/><W10/><G109/><N who="1" m="41482" /><E135/><V71/><F98/><W117/><G117/><T27/><D27/><U107/><E131/><N who="0" m="50185" /><D1/><U50/><E123/><V78/><F71/><W7/><G93/><N who="0" m="54471" /><D8/><U21/><E35/><V128/><F128/><W85/><G85/><T126/><D126/><U0/><E0/><V116/><F116/><W2/><G5/><T14/><D14/><U59/><E17/><V73/><F73/><W64/><G25/><T33/><D33/><U81/><E50/><V32/><REACH who="2" step="1"/><F16/><REACH who="2" ten="221,240,235,294" step="2"/><W106/><G70/><T58/><D96/><AGARI ba="0,1" hai="18,21,26,56,59,81,87,89,96,100,107" m="41482" machi="96" ten="30,1000,0" yaku="14,1" doraHai="51" who="1" fromWho="0" sc="221,-10,240,20,235,0,294,0" /><INIT seed="3,0,0,3,2,28" ten="211,260,235,294" oya="3" hai0="69,78,106,5,129,67,121,105,113,27,133,89,125" hai1="135,15,71,85,126,50,87,70,93,75,36,55,29" hai2="103,86,134,56,96,112,116,1,74,110,7,76,83" hai3="39,94,109,61,3,80,4,41,9,107,62,0,34"/><W37/><G107/><T45/><D121/><U43/><E75/><V63/><F116/><W81/><G34/><T101/><D133/><U124/><E135/><V79/><F134/><W30/><G30/><T11/><D129/><U51/><E15/><V120/><F120/><W100/><G109/><T102/><D125/><U35/><E43/><V10/><F110/><W122/><G122/><T24/><D113/><U82/><E36/><V77/><F74/><W16/><G0/><T88/><D78/><U25/><E93/><V95/><REACH who="2" step="1"/><F112/><REACH who="2" ten="211,260,225,294" step="2"/><W44/><G37/><T2/><D45/><U98/><E126/><V72/><F72/><W66/><G39/><T33/><D106/><U17/><E124/><V114/><F114/><W60/><G44/><T65/><D105/><U115/><E115/><V68/><F68/><W90/><G66/><AGARI ba="0,1" hai="1,7,10,56,63,66,76,77,79,83,86,95,96,103" machi="66" ten="30,2000,0" yaku="1,1,7,1,53,0" doraHai="28" doraHaiUra="117" who="2" fromWho="3" sc="211,0,260,0,225,30,294,-20" /><INIT seed="4,0,0,1,3,31" ten="211,260,255,274" oya="0" hai0="2,124,70,79,92,99,62,19,101,90,135,57,72" hai1="65,102,34,14,16,68,3,110,89,36,130,111,133" hai2="49,132,29,41,121,81,78,18,4,112,97,106,8" hai3="59,1,95,77,27,40,131,82,48,5,117,127,39"/><T118/><D118/><U20/><E36/><V120/><F132/><W32/><G117/><T24/><D135/><U114/><E133/><V88/><F112/><W87/><G127/><T128/><D124/><U45/><E102/><V60/><F18/><W66/><G131/><T43/><D128/><U122/><E130/><V11/><F29/><W74/><G27/><T22/><D2/><U55/><E122/><V80/><F11/><W10/><G32/><T23/><D70/><U33/><E3/><V96/><F106/><W84/><G95/><T73/><D43/><U107/><E107/><V103/><F103/><W115/><G115/><T86/><D22/><U83/><E114/><V108/><F60/><N who="3" m="38175" /><G48/><T104/><REACH who="0" step="1"/><D79/><REACH who="0" ten="201,260,255,274" step="2"/><U9/><E20/><V126/><F126/><W91/><G40/><T46/><D46/><U123/><E123/><V76/><F121/><W98/><G77/><T35/><D35/><U28/><E33/><V47/><F120/><W56/><G1/><T69/><D69/><U75/><E34/><V63/><F78/><W54/><G56/><T15/><D15/><U50/><E68/><V113/><F113/><W94/><G39/><T37/><D37/><U93/><E45/><V67/><F76/><W52/><G10/><T105/><D105/><U129/><E14/><V42/><F41/><W13/><G13/><T17/><D17/><U85/><E129/><V64/><F8/><W58/><G58/><T116/><D116/><U100/><E9/><V30/><F42/><W7/><G7/><T71/><D71/><U61/><E16/><V0/><F4/><RYUUKYOKU ba="0,1" sc="201,30,260,-10,255,-10,274,-10" hai0="19,23,24,57,62,72,73,86,90,92,99,101,104" /><INIT seed="4,1,1,4,1,36" ten="231,250,245,264" oya="0" hai0="52,82,83,5,8,114,54,58,7,130,42,124,102" hai1="57,118,2,128,9,109,113,77,60,76,14,111,43" hai2="121,119,131,50,135,51,69,93,85,23,6,78,127" hai3="46,39,4,81,18,30,26,45,100,101,110,89,56"/><T123/><D123/><U21/><E118/><V116/><F69/><W103/><G110/><T134/><D114/><U16/><E113/><V99/><F121/><W10/><G18/><T132/><D130/><U107/><E107/><V126/><F131/><W94/><G56/><T34/><D124/><N who="2" m="47658" /><F6/><N who="0" m="2058" /><D34/><U63/><E2/><V112/><F112/><W108/><G108/><T122/><D122/><U96/><E128/><V32/><F32/><W37/><G81/><N who="0" m="30731" /><D8/><U35/><E35/><V98/><F78/><W73/><G73/><T66/><D102/><U87/><E111/><V86/><F93/><W71/><G71/><T3/><D3/><U59/><E109/><V27/><F135/><N who="0" m="51754" /><D42/><U49/><E77/><V40/><F119/><W74/><G74/><T31/><D31/><U129/><E76/><V117/><F116/><W61/><G103/><T19/><D19/><U106/><E129/><V90/><F40/><W28/><G4/><T91/><D91/><U1/><E1/><V79/><F90/><W80/><G89/><T104/><D104/><U133/><E133/><V70/><F79/><W24/><G80/><T95/><D95/><U0/><E0/><V48/><F117/><W15/><G94/><T84/><D84/><N who="2" m="32362" /><F70/><W11/><G15/><T22/><D22/><U67/><E87/><V72/><F72/><W62/><AGARI ba="1,1" hai="10,11,24,26,28,30,37,39,45,46,61,62,100,101" machi="62" ten="25,3200,0" yaku="0,1,22,2" doraHai="36" who="3" fromWho="3" sc="231,-17,250,-9,245,-9,264,45" owari="214,-28.6,241,4.1,236,-16.4,309,40.9" /></mjloggm>