<mjloggm ver="2.3"><GO type="225" lobby="0"/><UN n0="%E6%98%93%E5%88%A9%E8%96%A9%E4%BC%AF" n1="%E3%83%B4%E3%83%A0%EF%BC%99%E3%81%A6" n2="%E6%A1%9C%E8%8A%B1%E9%96%83%E3%80%85" n3="%E5%BA%84%E5%8F%B8%E5%81%A5%E5%A4%AA%E6%9C%97" dan="17,17,17,16" rate="2150.69,2133.41,2262.23,2131.46" sx="F,M,M,M"/><TAIKYOKU oya="0"/><INIT seed="0,0,0,2,2,106" ten="250,250,250,250" oya="0" hai0="16,109,76,15,90,68,129,94,91,89,3,115,72" hai1="134,37,65,133,124,98,126,12,61,35,19,32,66" hai2="33,38,75,135,85,23,103,8,10,73,50,111,46" hai3="83,55,71,88,121,11,0,34,95,9,67,120,48"/><T119/><D115/><U7/><E37/><V105/><F85/><N who="3" m="52623" /><G34/><N who="1" m="12842" /><E98/><N who="2" m="61687" /><F23/><W36/><G36/><T101/><D3/><U52/><E7/><V112/><F50/><W60/><G0/><T54/><D68/><U47/><E19/><V97/><F8/><W110/><G110/><T102/><D119/><U4/><E12/><V100/><F10/><W127/><G127/><N who="1" m="48682" /><E4/><V128/><F33/><W43/><G43/><T62/><D109/><U59/><E47/><V131/><F111/><W130/><G83/><T78/><D129/><N who="2" m="49738" /><F135/><AGARI ba="0,0" hai="52,59,61,65,66,133,134,135" m="48682,12842" machi="135" ten="40,5200,0" yaku="20,1,18,1,54,1" doraHai="106" who="1" fromWho="2" sc="250,0,250,52,250,-52,250,0" /><INIT seed="1,0,0,0,2,134" ten="250,302,198,250" oya="1" hai0="15,47,104,83,101,60,130,45,105,71,102,127,70" hai1="86,107,69,9,85,52,81,67,34,1,4,98,22" hai2="114,21,41,121,79,112,57,76,14,125,0,82,92" hai3="29,51,120,26,62,117,10,87,27,16,33,46,30"/><U124/><E34/><V131/><F121/><W18/><G120/><T23/><D83/><U28/><E28/><V42/><F0/><W113/><G113/><T58/><D23/><U66/><E22/><V48/><F131/><W31/><G117/><T93/><D15/><U96/><E69/><V2/><F2/><W129/><G129/><T73/><D93/><U63/><E124/><V88/><F57/><W35/><G62/><T84/><D84/><U37/><E37/><V72/><F76/><W5/><G87/><T78/><D58/><U115/><E115/><N who="2" m="44075" /><F48/><W68/><G31/><T128/><D60/><U38/><E38/><V118/><F118/><W103/><G103/><T65/><D78/><U17/><E17/><N who="2" m="10423" /><F125/><W77/><G77/><T116/><D116/><U24/><E24/><V39/><F39/><W119/><G68/><T19/><D19/><U123/><E123/><V32/><F32/><W6/><G119/><T13/><D13/><U8/><E1/><V36/><F36/><W106/><G106/><T110/><D73/><U99/><E107/><V135/><F135/><W25/><G27/><T20/><D20/><U11/><E4/><V126/><F126/><W53/><G6/><T100/><D127/><U56/><E81/><V12/><F12/><AGARI ba="0,0" hai="5,10,12,16,18,25,26,29,30,33,35,46,51,53" machi="12" ten="30,3900,0" yaku="7,1,9,1,54,1" doraHai="134" who="3" fromWho="2" sc="250,0,302,0,198,-39,250,39" /><INIT seed="2,0,0,2,2,46" ten="250,302,159,289" oya="2" hai0="125,70,59,61,38,0,48,54,103,84,15,49,9" hai1="120,26,105,113,129,117,22,74,82,118,50,132,98" hai2="87,6,78,32,20,64,45,35,131,51,28,115,31" hai3="85,43,111,55,99,89,53,90,41,119,10,36,96"/><V63/><F115/><W130/><G119/><T30/><D38/><U109/><E113/><V134/><F134/><W100/><G111/><T1/><D125/><U72/><E109/><V25/><F131/><W60/><G36/><T122/><D122/><U69/><E69/><V93/><F6/><W44/><G130/><T7/><D70/><U12/><E129/><V71/><F31/><W33/><G33/><T123/><D123/><U80/><E132/><V102/><F102/><W77/><G77/><T91/><D103/><U16/><E120/><V86/><F86/><W40/><G10/><T101/><D101/><U18/><E98/><V75/><F75/><W116/><G116/><T29/><D1/><U97/><E97/><V81/><REACH who="2" step="1"/><F93/><REACH who="2" ten="250,302,149,289" step="2"/><W114/><G114/><T76/><D0/><U47/><E117/><V83/><F83/><W24/><G100/><T124/><D124/><U68/><E118/><V13/><F13/><W17/><G99/><T112/><D112/><U108/><E108/><V133/><F133/><W37/><G85/><T52/><D76/><U94/><E94/><V66/><F66/><W21/><G96/><T4/><D4/><U57/><E72/><V58/><F58/><N who="3" m="34895" /><G37/><T5/><D5/><U106/><E68/><V127/><F127/><W88/><G89/><T11/><D15/><U34/><E74/><V14/><F14/><W79/><G79/><T23/><D7/><U104/><E12/><V39/><F39/><W2/><G2/><T135/><D91/><U67/><E67/><V27/><F27/><W65/><G65/><T92/><D135/><RYUUKYOKU ba="0,1" sc="250,-15,302,-15,149,15,289,15" hai2="20,25,28,32,35,45,51,63,64,71,78,81,87" hai3="17,21,24,40,41,43,44,55,88,90" /><INIT seed="2,1,1,4,1,62" ten="235,287,164,304" oya="2" hai0="128,100,77,35,85,67,12,42,81,34,54,10,58" hai1="72,94,7,123,48,104,84,36,86,53,90,91,47" hai2="83,134,50,111,74,55,39,66,108,9,41,3,131" hai3="120,26,117,102,71,8,106,112,73,69,56,4,16"/><V40/><F131/><W29/><G73/><T126/><D128/><U5/><E123/><V130/><F130/><W95/><G106/><T76/><D42/><U31/><E72/><V89/><F134/><W79/><G79/><T97/><D77/><U124/><E124/><V24/><F24/><W21/><G117/><T64/><D126/><U135/><E135/><V78/><F89/><W32/><G112/><T115/><D115/><U110/><E110/><N who="2" m="42027" /><F39/><W43/><G43/><N who="2" m="16457" /><F9/><W103/><G103/><T38/><D38/><U109/><E109/><V57/><F3/><W70/><G120/><T87/><D87/><U1/><E36/><V93/><F93/><W15/><G102/><T59/><D35/><U25/><E104/><V18/><F18/><W121/><G121/><T80/><D34/><U22/><E1/><V60/><F50/><W46/><G95/><AGARI ba="1,1" hai="5,7,22,25,31,47,48,53,84,86,90,91,94,95" machi="95" ten="30,3900,0" yaku="7,1,9,1,8,1" doraHai="62" who="1" fromWho="3" sc="235,0,287,52,164,0,304,-42" /><INIT seed="3,0,0,3,0,68" ten="235,339,164,262" oya="3" hai0="17,111,103,98,71,36,32,107,46,85,122,119,83" hai1="59,47,112,99,94,34,62,30,64,27,115,117,0" hai2="11,50,82,20,110,101,37,51,92,67,25,88,127" hai3="44,12,39,96,84,40,135,33,95,43,74,86,53"/><W28/><G74/><T65/><D119/><U93/><E0/><V90/><F110/><W22/><G135/><T52/><D122/><U128/><E117/><V3/><F127/><W76/><G43/><T118/><D118/><U102/><E128/><V123/><F123/><W70/><G70/><T42/><D32/><U91/><E47/><V61/><F101/><W45/><G76/><T48/><D111/><U79/><E79/><V14/><F3/><W49/><G33/><T87/><D17/><U6/><E6/><V9/><F82/><W129/><G129/><T58/><D83/><U120/><E120/><V56/><F37/><W77/><G77/><T113/><D113/><U133/><E133/><V75/><F75/><W63/><G63/><AGARI ba="0,0" hai="36,42,46,48,52,58,63,65,71,85,87,98,103,107" machi="63" ten="40,8000,1" yaku="24,2,52,1,54,1" doraHai="68" who="0" fromWho="3" sc="235,80,339,0,164,0,262,-80" owari="315,11.5,339,43.9,164,-33.6,182,-21.8" /></mjloggm>