<mjloggm ver="2.3"><GO type="225" lobby="0"/><UN n0="%77%72%77%72%77%72%77%72" n1="%E3%81%BF%E3%81%BF%E3%81%9A" n2="%E7%99%BD%E5%80%89%E5%AF%9B%E4%B9%8B" n3="%E5%A4%8F%E9%88%B4%E9%88%B4%E5%A4%8F" dan="16,17,16,16" rate="2186.24,2171.30,2149.11,2102.61" sx="M,M,M,F"/><TAIKYOKU oya="0"/><INIT seed="0,0,0,0,5,56" ten="250,250,250,250" oya="0" hai0="21,46,79,63,48,84,87,90,47,131,75,37,30" hai1="128,111,104,19,103,115,41,68,29,129,57,40,100" hai2="127,51,105,66,85,62,35,107,13,60,27,58,7" hai3="72,108,6,14,32,110,33,45,17,99,49,95,34"/><T20/><D131/><N who="1" m="50251" /><E68/><V98/><F127/><W76/><G6/><T36/><D75/><U88/><E111/><V114/><F114/><W0/><G0/><T130/><D130/><U5/><E115/><V73/><F73/><W86/><G86/><T38/><D30/><U121/><E121/><V125/><F125/><W123/><G123/><T8/><D8/><U83/><E5/><V116/><F116/><W39/><G39/><T132/><D132/><U126/><E126/><V74/><F74/><W12/><G76/><T65/><D79/><U3/><E3/><V96/><F51/><W94/><G72/><T50/><D90/><U91/><E29/><V22/><F35/><W89/><G95/><T135/><D135/><U31/><E31/><N who="2" m="17911" /><F107/><W122/><G122/><T81/><D81/><U124/><E124/><V28/><F105/><W9/><REACH who="3" step="1"/><G12/><REACH who="3" ten="250,250,250,240" step="2"/><T113/><D113/><U25/><E104/><V112/><F112/><W109/><G109/><T134/><D134/><U71/><E83/><V1/><F1/><W61/><G61/><T18/><D63/><U118/><E118/><V52/><F85/><W10/><G10/><T42/><D87/><U43/><E91/><V16/><F7/><W93/><G93/><T67/><D84/><U64/><E88/><V120/><F120/><W69/><G69/><T101/><D101/><U77/><E71/><N who="2" m="42439" /><F28/><W26/><G26/><N who="0" m="14615" /><D21/><N who="1" m="13503" /><E77/><V4/><F4/><W82/><G82/><T55/><D36/><U80/><E80/><V44/><F98/><W15/><G15/><T23/><D23/><U78/><E78/><V54/><F96/><RYUUKYOKU ba="0,1" sc="250,10,250,10,250,-30,240,10" hai0="37,38,42,46,47,48,50,55,65,67" hai1="40,41,43,57,64,100,103" hai3="9,14,17,32,33,34,45,49,89,94,99,108,110" /><INIT seed="0,1,1,0,2,61" ten="260,260,220,250" oya="0" hai0="127,135,119,71,102,86,101,69,48,129,12,85,40" hai1="49,42,74,116,27,99,78,76,128,63,115,26,75" hai2="20,72,90,38,59,60,103,97,29,2,65,106,19" hai3="130,0,21,125,131,33,8,6,16,23,32,107,14"/><T89/><D119/><U126/><E116/><V73/><F38/><W47/><G107/><T37/><D37/><U81/><E126/><V122/><F2/><W114/><G114/><T46/><D127/><U87/><E115/><V82/><F122/><W57/><G125/><T24/><D129/><N who="3" m="49161" /><G47/><T96/><D135/><U98/><E128/><V56/><F29/><W94/><G94/><T100/><D24/><U95/><E63/><V41/><F41/><W36/><G57/><T43/><D43/><U113/><E113/><V77/><F90/><W34/><G36/><T1/><D1/><U10/><E10/><AGARI ba="1,1" hai="0,6,8,10,14,16,21,23,32,33,34" m="49161" machi="10" ten="40,8000,1" yaku="19,1,34,2,54,1" doraHai="61" who="3" fromWho="1" sc="260,0,260,-83,220,0,250,93" /><INIT seed="1,0,0,0,3,75" ten="260,177,220,343" oya="1" hai0="45,110,23,63,92,74,116,36,0,105,93,37,20" hai1="122,115,8,40,66,65,83,18,128,28,25,112,82" hai2="43,3,111,33,109,5,87,106,73,80,71,6,7" hai3="13,129,22,126,107,53,16,88,101,44,84,35,41"/><U46/><E122/><V102/><F71/><W96/><G126/><T52/><D116/><U91/><E128/><V114/><F33/><W50/><G129/><T69/><D105/><U130/><E130/><V90/><F114/><W24/><G35/><T77/><D0/><U55/><E55/><V15/><F3/><W85/><G53/><T59/><D69/><U31/><E8/><V108/><F43/><W34/><G34/><T76/><D110/><U119/><E18/><V68/><F68/><W103/><G103/><T121/><D74/><U17/><E17/><V2/><F2/><W117/><G117/><T51/><D37/><U94/><E119/><V99/><REACH who="2" step="1"/><F73/><REACH who="2" ten="260,177,210,343" step="2"/><W1/><G1/><T72/><D72/><U133/><E133/><V58/><F58/><W19/><REACH who="3" step="1"/><G88/><REACH who="3" ten="260,177,210,333" step="2"/><T86/><D121/><U30/><E115/><V29/><F29/><W64/><G64/><N who="1" m="24682" /><E112/><V97/><F97/><W26/><G26/><T100/><D100/><U113/><E113/><V38/><F38/><W12/><G12/><AGARI ba="0,2" hai="5,6,7,12,15,80,87,90,99,102,106,108,109,111" machi="12" ten="50,3200,0" yaku="1,1,14,1,53,0" doraHai="75" doraHaiUra="67" who="2" fromWho="3" sc="260,0,177,0,210,52,333,-32" /><INIT seed="2,0,0,3,1,133" ten="260,177,262,301" oya="2" hai0="91,123,42,46,126,83,14,75,22,45,74,96,103" hai1="120,73,94,24,81,107,68,109,31,35,85,56,0" hai2="98,41,88,67,114,90,134,3,51,86,129,23,71" hai3="26,110,36,121,78,95,128,17,39,49,92,55,40"/><V135/><F3/><W44/><G121/><T27/><D123/><U122/><E68/><V108/><F114/><W10/><G110/><T113/><D113/><U70/><E70/><V105/><F108/><W79/><G128/><T66/><D66/><U38/><E109/><V69/><F129/><W72/><G72/><T89/><D14/><U37/><E0/><V102/><F90/><W19/><G36/><T97/><D126/><U101/><E122/><V54/><F41/><W84/><G39/><T59/><D59/><U18/><E120/><V104/><F104/><W52/><G26/><T16/><D96/><U21/><E56/><V61/><F23/><W119/><G119/><T43/><D45/><U11/><E11/><V58/><REACH who="2" step="1"/><F71/><REACH who="2" ten="260,177,252,301" step="2"/><W116/><G116/><T28/><D42/><U30/><E107/><V124/><F124/><W100/><G10/><T99/><D89/><U25/><E31/><V1/><F1/><W50/><G40/><T60/><D28/><U125/><E125/><V57/><F57/><N who="3" m="32911" /><G79/><T111/><D111/><U13/><E13/><V47/><F47/><W33/><G33/><T34/><D34/><U7/><E101/><V4/><F4/><W15/><G15/><T2/><D2/><U118/><E118/><V117/><F117/><W63/><G100/><T77/><D43/><U127/><E127/><V82/><AGARI ba="0,1" hai="51,54,58,61,67,69,82,86,88,98,102,105,134,135" machi="82" ten="30,11700,0" yaku="1,1,0,1,54,1,53,1" doraHai="133" doraHaiUra="62" who="2" fromWho="2" sc="260,-39,177,-39,252,127,301,-39" /><INIT seed="2,1,0,4,5,22" ten="221,138,379,262" oya="2" hai0="1,0,40,89,80,94,120,27,81,78,84,101,8" hai1="99,119,72,14,97,115,110,113,85,34,112,68,17" hai2="121,21,11,73,77,107,37,133,91,43,12,3,62" hai3="9,132,109,75,88,45,79,19,57,114,24,42,93"/><V31/><F107/><W127/><G109/><T105/><D120/><U69/><E119/><V124/><F121/><W13/><G132/><T96/><D40/><U95/><E72/><V66/><F133/><W44/><G127/><T100/><D100/><U23/><E110/><V98/><F91/><W28/><G114/><T20/><D8/><U125/><E125/><V49/><F98/><W134/><G134/><T117/><D117/><U103/><E34/><V41/><F37/><W36/><G57/><T54/><D54/><U25/><E85/><V29/><F3/><W123/><G45/><T46/><D46/><U61/><E61/><V106/><F49/><W116/><G116/><T50/><D50/><U130/><E130/><V87/><F73/><W5/><G79/><T102/><D102/><U129/><E129/><V76/><F106/><W63/><G63/><T33/><D33/><U7/><REACH who="1" step="1"/><E99/><REACH who="1" ten="221,128,379,262" step="2"/><V86/><F87/><W18/><G75/><N who="0" m="43103" /><D81/><U2/><E2/><V70/><F86/><W74/><G74/><T122/><D122/><U64/><E64/><V92/><F66/><W135/><G135/><T104/><D104/><U15/><E15/><V60/><F12/><W59/><G123/><T10/><D0/><U38/><E38/><V51/><F62/><W35/><G59/><T26/><D1/><U131/><E131/><V90/><F60/><W47/><G44/><T32/><D32/><U82/><E82/><V48/><F124/><W39/><G36/><T16/><D84/><AGARI ba="1,1" hai="5,9,13,18,19,24,28,35,39,42,47,84,88,93" machi="84" ten="30,3900,0" yaku="7,1,52,1,54,1" doraHai="22" who="3" fromWho="0" sc="221,-42,128,0,379,0,262,52" /><INIT seed="3,0,0,4,0,108" ten="179,128,379,314" oya="3" hai0="19,59,97,95,92,37,125,99,14,104,1,33,11" hai1="110,0,74,8,93,21,72,56,79,22,80,127,24" hai2="49,69,3,94,71,75,52,48,13,29,109,7,78" hai3="5,121,47,115,66,122,31,105,20,46,106,63,119"/><W50/><G119/><T55/><D37/><U15/><E110/><V18/><F109/><W84/><G115/><T129/><D33/><U123/><E123/><V130/><F130/><W111/><G111/><T57/><D129/><U100/><E127/><V51/><F29/><W120/><G5/><T117/><D117/><U32/><E0/><V90/><F7/><W28/><G84/><T124/><D1/><U82/><E56/><V42/><F3/><W54/><G46/><T73/><D73/><U76/><E32/><V83/><F42/><W113/><G113/><T134/><D134/><U6/><E100/><V40/><F40/><W39/><G39/><T9/><D104/><U70/><E70/><V53/><F71/><W114/><G114/><T88/><D9/><U126/><E126/><N who="0" m="48745" /><D55/><U25/><E93/><V2/><F69/><W86/><G86/><T61/><D61/><U68/><E68/><V64/><F64/><W77/><G77/><T27/><D27/><U131/><E131/><V4/><F4/><W85/><G85/><T107/><D107/><U96/><E96/><V12/><F12/><W36/><G36/><T30/><D30/><N who="3" m="11305" /><G20/><T128/><D128/><U35/><REACH who="1" step="1"/><E35/><REACH who="1" ten="179,118,379,314" step="2"/><V87/><F2/><W60/><G60/><T65/><D65/><U16/><E16/><V135/><F135/><W26/><G26/><AGARI ba="0,1" hai="6,8,15,21,22,24,25,26,72,74,76,79,80,82" machi="26" ten="40,2600,0" yaku="1,1,9,1,53,0" doraHai="108" doraHaiUra="118" who="1" fromWho="3" sc="179,0,118,36,379,0,314,-26" owari="179,-22.1,154,-34.6,379,47.9,288,8.8" /></mjloggm>