<mjloggm ver="2.3"><GO type="225" lobby="0"/><UN n0="%E9%BB%99%E8%81%B4%E3%81%AE%E3%81%99%E3%82%9D%E3%82%81" n1="%E5%91%A8%E6%9D%B1" n2="%E6%98%93%E5%88%A9%E8%96%A9%E4%BC%AF" n3="%E3%81%BF%E3%81%BF%E3%81%9A" dan="16,17,17,18" rate="2121.62,2241.58,2185.48,2262.52" sx="M,M,F,M"/><TAIKYOKU oya="0"/><INIT seed="0,0,0,3,3,114" ten="250,250,250,250" oya="0" hai0="135,40,57,30,87,64,124,94,121,4,89,16,20" hai1="82,103,52,107,88,19,71,116,33,50,97,53,3" hai2="104,129,133,1,91,78,24,115,41,61,72,25,31" hai3="80,56,84,73,66,110,68,111,32,22,27,132,126"/><T100/><D135/><U131/><E3/><V17/><F115/><W76/><G132/><T59/><D124/><U21/><E33/><V83/><F104/><W120/><G126/><T118/><D121/><U119/><E71/><V7/><F129/><W93/><G120/><T18/><D118/><U29/><E29/><V122/><F122/><W11/><G32/><T15/><D4/><U39/><E39/><V69/><F41/><W65/><G11/><T10/><D30/><U70/><E70/><V14/><F133/><W9/><G9/><T102/><D40/><U46/><E131/><V36/><F36/><W55/><G68/><T54/><D64/><U134/><E53/><V42/><F42/><W109/><G93/><T108/><D108/><U35/><E35/><V28/><F7/><W96/><G96/><T123/><D123/><U106/><E106/><V77/><F91/><W86/><G66/><T75/><D75/><U60/><E60/><V26/><F78/><W105/><G65/><T113/><D113/><U34/><E34/><V92/><F1/><W58/><G105/><T74/><D74/><U51/><E51/><V23/><F92/><W5/><G5/><T112/><D112/><U38/><E38/><V2/><F2/><W101/><G101/><N who="0" m="39019" /><D54/><U95/><E82/><V43/><F43/><W44/><G44/><T79/><D79/><U8/><E8/><V37/><F37/><W130/><G130/><T63/><D63/><U47/><E47/><V0/><F0/><W13/><G55/><T98/><D98/><N who="1" m="57703" /><E134/><V125/><F125/><W117/><G110/><RYUUKYOKU ba="0,0" sc="250,10,250,10,250,10,250,-30" hai0="10,15,16,18,20,57,59,87,89,94" hai1="19,21,46,50,52,97,103,107,116,119" hai2="14,17,23,24,25,26,28,31,61,69,72,77,83" /><INIT seed="0,1,0,5,4,82" ten="260,260,260,220" oya="0" hai0="15,122,59,81,90,64,12,118,28,111,99,79,115" hai1="22,77,47,109,130,83,95,117,85,131,114,127,80" hai2="40,23,43,27,72,92,66,1,102,134,93,37,129" hai3="126,65,108,61,73,76,68,25,106,101,74,110,24"/><T107/><D115/><U58/><E114/><V18/><F72/><W7/><G7/><T56/><D118/><U124/><E47/><V36/><F1/><W41/><G41/><T44/><D122/><U60/><E117/><V57/><F129/><N who="1" m="49161" /><E109/><N who="3" m="42090" /><G126/><N who="1" m="48170" /><E22/><V113/><F37/><W14/><G14/><T52/><D28/><U55/><E83/><V98/><F36/><W4/><G4/><T16/><D111/><U17/><E95/><V8/><F93/><W88/><G88/><T121/><D121/><U3/><E17/><V33/><F92/><W35/><G76/><T51/><D90/><U86/><E3/><V105/><F102/><W45/><G45/><T42/><D107/><U120/><E120/><V38/><F105/><W70/><G68/><T69/><D99/><U89/><E89/><V62/><F98/><N who="3" m="61751" /><G24/><T20/><D69/><U9/><E9/><V100/><F8/><W78/><G78/><T104/><D104/><U112/><E112/><V31/><F27/><W32/><G32/><T123/><D123/><U46/><E46/><V30/><F100/><W5/><G5/><T54/><D12/><U0/><E0/><V116/><F33/><W96/><G96/><T75/><REACH who="0" step="1"/><D64/><REACH who="0" ten="250,260,260,220" step="2"/><U11/><E11/><V132/><F66/><W103/><G103/><T6/><D6/><U34/><E34/><V10/><F116/><W49/><G35/><T48/><D48/><U125/><N who="1" m="48178" /><U67/><DORA hai="84" /><E67/><V63/><F38/><W97/><G97/><T119/><D119/><U21/><E21/><V71/><F113/><W2/><G2/><T91/><D91/><RYUUKYOKU ba="1,1" sc="250,15,260,15,260,-15,220,-15" hai0="15,16,20,42,44,51,52,54,56,59,75,79,81" hai1="55,58,60,77,80,85,86" /><INIT seed="0,2,1,3,3,96" ten="265,275,245,205" oya="0" hai0="1,42,83,130,9,32,125,133,76,43,39,65,31" hai1="80,53,5,16,38,13,114,103,110,47,102,4,134" hai2="117,107,30,108,77,82,33,72,3,85,44,124,90" hai3="123,28,20,19,34,46,135,104,57,129,48,37,92"/><T115/><D115/><U94/><E114/><V7/><F108/><W49/><G104/><T12/><D130/><U98/><E110/><V62/><F124/><W131/><G34/><T51/><D133/><U26/><E134/><V54/><F117/><W75/><G135/><T86/><D1/><U45/><E26/><V95/><F107/><W88/><G28/><T111/><D125/><U87/><E102/><V17/><F33/><W25/><G75/><T40/><D65/><U21/><E38/><V119/><F30/><W14/><G123/><T22/><D32/><U67/><E67/><V50/><F119/><W69/><G69/><T73/><D39/><U8/><E53/><V101/><F17/><W52/><G37/><T91/><D111/><U27/><REACH who="1" step="1"/><E5/><REACH who="1" ten="265,265,245,205" step="2"/><V113/><F101/><W55/><REACH who="3" step="1"/><G25/><REACH who="3" ten="265,265,245,195" step="2"/><N who="0" m="16823" /><D73/><U56/><E56/><V35/><F72/><W118/><G118/><T11/><D43/><U41/><E41/><V122/><F113/><W18/><G18/><T78/><D42/><U89/><AGARI ba="2,3" hai="4,8,13,16,21,27,45,47,80,87,89,94,98,103" machi="89" ten="20,12000,2" yaku="1,1,0,1,7,1,8,1,52,1,54,1,53,1" doraHai="96" doraHaiUra="99" who="1" fromWho="1" sc="265,-62,265,156,245,-32,195,-32" /><INIT seed="1,0,0,3,0,117" ten="203,421,213,163" oya="1" hai0="94,67,12,32,130,132,13,91,73,35,23,38,46" hai1="54,109,133,63,60,134,59,58,8,6,43,48,4" hai2="123,14,65,95,42,72,20,74,93,127,88,1,92" hai3="76,50,55,10,129,62,77,105,135,119,81,82,128"/><U80/><E109/><V29/><F1/><W31/><G31/><T26/><D73/><U5/><E80/><V97/><F127/><W56/><G105/><T53/><D67/><U64/><E43/><V27/><F123/><W102/><G102/><T52/><D130/><U101/><E101/><V9/><F65/><W22/><G119/><T36/><D132/><N who="1" m="50795" /><E63/><V47/><F74/><W30/><G135/><T57/><D35/><U41/><E41/><V98/><F72/><W33/><G33/><T85/><D32/><U2/><AGARI ba="0,0" hai="2,4,5,6,8,48,54,58,59,60,64" m="50795" machi="2" ten="30,1500,0" yaku="20,1" doraHai="117" who="1" fromWho="1" sc="203,-5,421,15,213,-5,163,-5" /><INIT seed="1,1,0,2,5,21" ten="198,436,208,158" oya="1" hai0="64,22,85,5,108,31,20,33,30,35,126,124,78" hai1="25,38,83,77,109,8,79,81,59,29,34,73,57" hai2="91,12,115,106,122,41,66,28,105,63,120,102,44" hai3="89,11,19,112,74,9,86,1,90,23,60,69,133"/><U39/><E109/><V48/><F115/><W26/><G112/><T10/><D85/><U3/><E59/><V24/><F12/><W128/><G74/><T129/><D78/><U67/><E67/><V65/><F91/><W84/><G133/><T95/><D95/><U99/><E99/><V45/><F66/><W70/><G128/><T56/><D56/><U50/><E50/><V4/><F4/><W130/><G130/><T134/><D64/><U92/><E92/><V7/><F7/><W117/><G117/><T55/><D55/><U51/><E3/><V101/><F45/><W52/><G1/><T103/><D103/><U27/><E8/><N who="3" m="3146" /><G69/><T53/><D53/><U0/><E0/><V6/><F6/><W116/><G70/><T125/><D129/><U114/><E114/><V96/><F102/><W47/><G116/><T97/><D97/><U36/><E57/><V42/><F42/><W61/><G86/><T13/><D134/><U132/><E51/><V62/><F106/><W37/><G37/><T72/><D72/><U68/><E68/><N who="2" m="42039" /><F63/><N who="3" m="24139" /><G84/><T16/><D108/><U17/><E132/><V18/><F18/><W82/><G82/><T127/><N who="0" m="31744" /><DORA hai="46" /><T104/><D104/><U15/><E79/><V123/><F122/><W131/><G131/><T121/><D121/><U111/><E81/><V100/><F100/><W43/><G43/><T32/><D22/><N who="1" m="11583" /><E111/><V14/><F123/><W71/><G71/><T98/><D98/><U88/><E73/><V58/><F120/><W94/><G94/><T119/><D119/><U49/><E77/><V75/><F75/><RYUUKYOKU ba="1,0" sc="198,15,436,-15,208,-15,158,15" hai0="5,10,13,16,20,30,31,32,33,35" hai3="19,23,26,47,52,89,90" /><INIT seed="2,2,0,2,0,26" ten="213,421,193,173" oya="2" hai0="40,102,61,134,93,89,115,109,97,83,99,118,122" hai1="6,34,131,76,114,110,51,53,72,124,101,91,41" hai2="31,2,37,123,106,78,35,64,94,125,12,80,77" hai3="58,132,43,69,75,88,59,24,104,22,45,128,56"/><V11/><F106/><W20/><G69/><T68/><D115/><U36/><E34/><V135/><F123/><W133/><G75/><T113/><D113/><U15/><E101/><V63/><F2/><W42/><G104/><T107/><D122/><U62/><E76/><V23/><F37/><W112/><G112/><T85/><D40/><U127/><E72/><V95/><F35/><W121/><G121/><T46/><D46/><N who="1" m="23847" /><E114/><V39/><F39/><W44/><G128/><T71/><D109/><U25/><E91/><V14/><F125/><W119/><G119/><T74/><D134/><N who="3" m="51817" /><G43/><T79/><D118/><U96/><E25/><N who="2" m="16831" /><F14/><W90/><G22/><T9/><D61/><U84/><E15/><V13/><F13/><W73/><G73/><T33/><D33/><U92/><E131/><V87/><F78/><W98/><G98/><T27/><D99/><U50/><E124/><V32/><F32/><W105/><G105/><T70/><D27/><U111/><E127/><V86/><F86/><W117/><G117/><T1/><D9/><U3/><E84/><V67/><F135/><W21/><G21/><T48/><D48/><N who="1" m="18475" /><E3/><AGARI ba="2,0" hai="1,3,68,70,71,74,79,83,85,89,93,97,102,107" machi="3" ten="40,2600,0" yaku="24,2" doraHai="26" who="0" fromWho="1" sc="213,32,421,-32,193,0,173,0" /><INIT seed="3,0,0,5,0,118" ten="245,389,193,173" oya="3" hai0="94,106,120,111,41,63,18,108,30,64,54,53,29" hai1="56,45,8,55,66,6,59,34,83,12,133,4,79" hai2="103,115,99,112,36,43,27,84,61,124,125,9,127" hai3="33,81,32,14,48,95,129,51,23,78,102,1,104"/><W87/><G1/><T128/><D106/><U82/><E34/><V97/><F84/><W105/><G129/><T50/><D120/><U58/><E133/><V17/><F61/><W122/><G122/><T15/><D94/><U35/><E35/><V20/><F9/><W74/><G32/><T130/><D41/><U44/><E66/><V86/><F86/><W132/><G33/><T42/><D42/><U117/><E117/><V7/><F7/><W116/><G116/><T52/><D50/><N who="1" m="29127" /><E79/><V134/><F134/><W73/><G132/><T65/><D29/><U5/><E45/><N who="2" m="23783" /><F99/><N who="3" m="61535" /><G73/><T96/><D96/><U62/><E62/><V91/><F91/><N who="3" m="53759" /><G105/><AGARI ba="0,0" hai="17,20,27,97,103,105,112,115,124,125,127" m="23783" machi="105" ten="30,1000,0" yaku="18,1" doraHai="118" who="2" fromWho="3" sc="245,0,389,0,193,10,173,-10" owari="245,4.5,389,48.9,203,-19.7,163,-33.7" /></mjloggm>