<mjloggm ver="2.3"><GO type="225" lobby="0"/><UN n0="%E3%81%99%E3%81%84%E3%81%BE%E3%81%9B%E3%83%BC%E3%82%93" n1="%E6%81%A5%E6%99%92%E3%81%97" n2="%E6%98%93%E5%88%A9%E8%96%A9%E4%BC%AF" n3="%E4%BF%BA%E3%81%A8%E5%A6%96%E5%A4%A2" dan="18,17,17,16" rate="2202.04,2197.15,2149.23,2217.40" sx="M,M,F,F"/><TAIKYOKU oya="0"/><INIT seed="0,0,0,4,1,105" ten="250,250,250,250" oya="0" hai0="90,20,57,89,86,108,95,68,19,33,41,131,38" hai1="36,135,60,43,121,66,83,101,112,50,72,18,29" hai2="52,129,14,106,102,116,54,12,27,10,85,22,79" hai3="96,88,39,0,110,21,123,67,37,103,55,109,111"/><T74/><D68/><U34/><E121/><V6/><F129/><W97/><G0/><T51/><D131/><U115/><E135/><V59/><F116/><W94/><G123/><T8/><D33/><U84/><E101/><V113/><F113/><N who="1" m="43593" /><E18/><V126/><F126/><W61/><G55/><N who="0" m="31999" /><D108/><U130/><E36/><V24/><F102/><W25/><G61/><T120/><D90/><N who="1" m="51487" /><E130/><V62/><F106/><N who="3" m="63847" /><G67/><T77/><D8/><U132/><E132/><V107/><F107/><W49/><G49/><T65/><D65/><U58/><E43/><V78/><F54/><W75/><G75/><T44/><D77/><N who="2" m="29194" /><F85/><W11/><G11/><T15/><D120/><U23/><E50/><V71/><F71/><W87/><G87/><T124/><D124/><U16/><E29/><AGARI ba="0,0" hai="21,25,29,37,39,88,94,97,109,110,111" m="63847" machi="29" ten="30,2000,0" yaku="14,1,54,1" doraHai="105" who="3" fromWho="1" sc="250,0,250,-20,250,0,250,20" /><INIT seed="1,0,0,4,2,86" ten="250,230,250,270" oya="1" hai0="118,131,37,63,120,49,106,121,90,44,45,53,64" hai1="2,0,100,127,9,108,25,6,103,68,28,124,61" hai2="51,113,125,59,5,41,71,23,58,107,18,38,24" hai3="29,91,80,65,123,84,42,122,33,105,50,52,129"/><U35/><E0/><V14/><F71/><W11/><G129/><T75/><D106/><U96/><E108/><V83/><F107/><W74/><G105/><T126/><D75/><U92/><REACH who="1" step="1"/><E103/><REACH who="1" ten="250,220,250,270" step="2"/><V55/><F113/><W112/><G112/><T56/><D131/><U39/><E39/><V89/><F38/><W98/><G123/><T130/><D130/><U40/><E40/><V94/><F41/><W87/><G122/><T79/><D121/><U117/><E117/><V36/><F36/><W132/><G42/><T21/><D118/><U95/><E95/><V43/><F43/><W115/><G115/><T135/><D120/><U66/><AGARI ba="0,1" hai="2,6,9,25,28,35,61,66,68,92,96,100,124,127" machi="66" ten="30,6000,0" yaku="1,1,0,1,53,1" doraHai="86" doraHaiUra="20" who="1" fromWho="1" sc="250,-20,220,70,250,-20,270,-20" /><INIT seed="1,1,0,1,5,20" ten="230,290,230,250" oya="1" hai0="64,44,12,41,2,132,133,29,21,24,40,36,17" hai1="1,117,95,48,118,135,28,104,42,63,75,115,43" hai2="71,56,97,65,32,45,119,5,34,69,107,4,72" hai3="60,47,53,80,81,102,125,10,103,130,121,93,30"/><U35/><E115/><V49/><F72/><W13/><G121/><T54/><D2/><U101/><E104/><V15/><F119/><W46/><G130/><T85/><D64/><U88/><E75/><V134/><F134/><N who="0" m="51818" /><D85/><U83/><E135/><V111/><F111/><W124/><G30/><T92/><D92/><U37/><E37/><V62/><F71/><W59/><G124/><T78/><D78/><U68/><E1/><V114/><F56/><W38/><G125/><T106/><D106/><U87/><E117/><V123/><F123/><W67/><G38/><T131/><D41/><U113/><E113/><V129/><F129/><W91/><G81/><T8/><D54/><U11/><E43/><V3/><F3/><W9/><G80/><T58/><D58/><U109/><E83/><V23/><F114/><W120/><G120/><T96/><D96/><U51/><E42/><V77/><F77/><W26/><G9/><T116/><D116/><U61/><E11/><V18/><F97/><W94/><G94/><T110/><D131/><U105/><E118/><V31/><F107/><W100/><G26/><T76/><D76/><U99/><E105/><V39/><F39/><W7/><REACH who="3" step="1"/><G67/><REACH who="3" ten="230,290,230,240" step="2"/><T82/><D82/><U55/><E95/><V66/><F66/><W84/><AGARI ba="1,1" hai="7,10,13,46,47,53,59,60,84,91,93,100,102,103" machi="84" ten="30,7900,0" yaku="1,1,2,1,0,1,8,1,53,0" doraHai="20" doraHaiUra="126" who="3" fromWho="3" sc="230,-21,290,-40,230,-21,240,92" /><INIT seed="2,0,0,4,5,44" ten="209,250,209,332" oya="2" hai0="106,96,133,34,82,24,102,90,59,54,21,0,26" hai1="125,116,36,69,99,73,32,128,126,49,57,37,77" hai2="131,58,121,63,5,123,93,79,110,16,98,70,40" hai3="72,31,11,84,3,113,114,51,112,118,91,9,19"/><V25/><F70/><W134/><G118/><T122/><D122/><U8/><E116/><V95/><F131/><W20/><G72/><T27/><D0/><U55/><E32/><V87/><F5/><W68/><G68/><T18/><D133/><U14/><E128/><V103/><F110/><W124/><G134/><T119/><D34/><U117/><E117/><V39/><F39/><W64/><G64/><T130/><D130/><U15/><E15/><V92/><F40/><W61/><G61/><T135/><D135/><U29/><E29/><V97/><F123/><W76/><G76/><T107/><D107/><U89/><E77/><V38/><F38/><W85/><G31/><T50/><REACH who="0" step="1"/><D119/><REACH who="0" ten="199,250,209,332" step="2"/><U46/><E125/><V12/><F121/><W66/><G3/><T75/><D75/><U28/><E73/><V60/><F25/><W80/><G124/><T94/><D94/><U115/><E126/><V17/><F12/><W100/><G114/><T111/><D111/><U74/><E74/><V53/><F95/><W83/><G113/><T6/><D6/><U56/><E115/><V109/><F109/><W86/><G112/><T2/><D2/><U1/><E1/><V7/><F7/><W88/><G83/><T129/><D129/><U65/><E14/><V22/><F93/><W81/><G80/><T13/><D13/><U33/><E33/><V4/><F4/><W101/><G81/><T71/><D71/><U43/><E69/><V10/><F92/><W30/><G101/><T108/><D108/><U104/><E104/><V132/><F103/><W41/><G100/><RYUUKYOKU ba="0,1" sc="199,30,250,-10,209,-10,332,-10" hai0="18,21,24,26,27,50,54,59,82,90,96,102,106" /><INIT seed="3,1,1,3,3,53" ten="229,240,199,322" oya="3" hai0="120,80,100,77,57,97,115,107,96,117,64,87,35" hai1="71,116,88,50,59,25,5,58,22,52,65,113,75" hai2="118,110,106,61,10,38,54,37,30,105,111,104,12" hai3="44,102,122,4,128,0,92,19,112,33,98,72,131"/><W79/><G112/><T95/><D35/><U62/><E113/><V81/><F118/><W114/><G114/><T103/><D115/><U126/><E126/><V134/><F30/><W39/><G33/><T13/><D117/><U119/><E75/><V108/><F134/><W129/><G122/><T7/><D120/><U2/><E88/><V43/><F81/><W15/><G0/><T67/><REACH who="0" step="1"/><D57/><REACH who="0" ten="219,240,199,322" step="2"/><U3/><E71/><V82/><F43/><W16/><G131/><T66/><D66/><U60/><E116/><V74/><F74/><W123/><G123/><T31/><D31/><U24/><E65/><V124/><F124/><W55/><G72/><T40/><D40/><U89/><E119/><V45/><F82/><W132/><G129/><T69/><D69/><U27/><E59/><N who="2" m="35063" /><F45/><W46/><G128/><T9/><AGARI ba="1,2" hai="7,9,13,64,67,77,80,87,95,96,97,100,103,107" machi="9" ten="30,7900,0" yaku="1,1,0,1,53,2" doraHai="53" doraHaiUra="99" who="0" fromWho="0" sc="219,102,240,-21,199,-21,322,-40" owari="321,42.1,219,-18.1,178,-32.2,282,8.2" /></mjloggm>