<mjloggm ver="2.3"><GO type="225" lobby="0"/><UN n0="%E3%82%B3%E3%83%90%E3%83%AC%E3%82%A4" n1="%72%61%6B%33" n2="%E6%9C%88%E5%B3%B6%E5%9F%BA" n3="%E6%B7%91%E5%A5%B3%E3%81%AE%E5%97%9C%E3%81%BF" dan="16,16,17,16" rate="2148.01,2117.84,2179.08,2176.27" sx="M,M,M,M"/><TAIKYOKU oya="0"/><INIT seed="0,0,0,5,1,62" ten="250,250,250,250" oya="0" hai0="6,0,83,8,27,38,36,135,73,24,33,46,34" hai1="1,120,94,97,93,64,98,67,129,130,39,119,58" hai2="86,28,134,102,61,70,131,4,87,109,47,72,12" hai3="104,9,41,79,7,90,65,44,112,80,3,23,55"/><T20/><D135/><U40/><E1/><V111/><F72/><W77/><G112/><T84/><D84/><U51/><E39/><V5/><F134/><W29/><G104/><T71/><D20/><U116/><E58/><V45/><F102/><W30/><G55/><T91/><D91/><U103/><E40/><V95/><F28/><W26/><G30/><T81/><D83/><U15/><E15/><V56/><F70/><W54/><G54/><T114/><D24/><U74/><E51/><V118/><F131/><N who="1" m="50185" /><E74/><V10/><F118/><N who="1" m="45097" /><E120/><V117/><F117/><W133/><G133/><T13/><D13/><U52/><E52/><V60/><F12/><W69/><G69/><T35/><D114/><U88/><AGARI ba="0,0" hai="64,67,88,93,94,97,98,103" m="45097,50185" machi="88" ten="30,7900,0" yaku="19,1,52,2,54,1" doraHai="62" who="1" fromWho="1" sc="250,-39,250,79,250,-20,250,-20" /><INIT seed="1,0,0,1,3,65" ten="211,329,230,230" oya="1" hai0="84,93,24,42,68,48,73,67,120,21,122,13,62" hai1="130,17,58,117,105,3,30,39,37,52,71,118,107" hai2="69,10,19,81,61,70,103,53,28,129,79,95,121" hai3="50,82,36,51,111,90,4,6,132,0,49,16,40"/><U32/><E3/><V88/><F121/><W72/><G111/><T44/><D73/><U101/><E17/><V46/><F103/><W20/><G132/><T64/><D67/><U134/><E134/><V57/><F28/><W26/><G36/><T27/><D13/><U15/><E15/><V12/><F129/><W76/><G40/><T126/><D126/><U97/><E130/><V116/><F116/><W66/><G0/><T106/><D106/><U5/><E5/><V89/><F46/><W59/><REACH who="3" step="1"/><G90/><REACH who="3" ten="211,329,230,220" step="2"/><T135/><D135/><U9/><E37/><V113/><F89/><W78/><G78/><T2/><D2/><U109/><E39/><V8/><F113/><W91/><G91/><T99/><D120/><U85/><E109/><V96/><F10/><W1/><G1/><T108/><D108/><U55/><E9/><V102/><F102/><W54/><G54/><T131/><D122/><U100/><E55/><V74/><AGARI ba="0,1" hai="8,12,19,53,57,61,69,70,74,79,81,88,95,96" machi="74" ten="20,8000,1" yaku="0,1,7,1,52,2,54,1" doraHai="65" who="2" fromWho="2" sc="211,-20,329,-40,230,90,220,-20" /><INIT seed="2,0,0,4,4,62" ten="191,289,320,200" oya="2" hai0="22,106,90,66,127,125,96,42,126,119,20,94,92" hai1="6,72,35,55,50,77,129,88,109,49,44,25,134" hai2="36,64,87,110,63,9,34,58,99,52,33,1,112" hai3="102,76,103,78,47,120,107,135,28,81,89,43,37"/><V46/><F112/><W10/><G120/><T118/><D42/><U19/><E109/><V8/><F110/><W15/><G135/><T123/><D106/><U124/><E134/><V74/><F74/><W132/><G132/><T71/><D123/><U18/><E124/><V83/><F99/><W4/><G28/><T85/><D71/><U23/><E129/><V32/><F1/><W40/><G40/><T95/><D66/><U84/><E35/><V67/><F36/><W38/><G38/><T12/><D12/><U86/><E6/><V26/><F26/><W30/><G30/><T60/><D60/><U116/><E116/><N who="0" m="44585" /><D22/><U16/><E72/><V117/><F117/><W24/><G24/><T45/><D45/><U80/><E49/><V68/><F46/><W7/><G7/><T53/><D53/><U111/><E111/><V82/><F67/><W69/><G69/><T93/><D20/><U17/><E17/><V73/><F73/><W100/><REACH who="3" step="1"/><G107/><REACH who="3" ten="191,289,320,190" step="2"/><T3/><D3/><U115/><E115/><V91/><REACH who="2" step="1"/><F83/><AGARI ba="0,1" hai="16,18,19,23,25,44,50,55,77,80,83,84,86,88" machi="83" ten="30,7700,0" yaku="7,1,8,1,54,2" doraHai="62" who="1" fromWho="2" sc="191,0,289,87,320,-77,190,0" /><INIT seed="3,0,0,0,0,92" ten="191,376,243,190" oya="3" hai0="115,3,123,24,101,68,134,96,119,64,107,82,122" hai1="36,116,39,17,5,9,11,99,106,19,66,27,45" hai2="83,57,43,72,79,63,112,61,87,4,16,38,12" hai3="34,80,0,56,40,118,88,100,28,69,14,48,125"/><W54/><G118/><T90/><D119/><U81/><E116/><V132/><F112/><W77/><G0/><T46/><D3/><U60/><E81/><V121/><F4/><W53/><G69/><T55/><D115/><U89/><E11/><V35/><F35/><W71/><G71/><T26/><D26/><U98/><E89/><V73/><F63/><W108/><G125/><T42/><D55/><U20/><E17/><V10/><F132/><W49/><G108/><T78/><D90/><U21/><E21/><V105/><F105/><W129/><G129/><T103/><D101/><U33/><E33/><V135/><F135/><W37/><G100/><T6/><D6/><U91/><E91/><V13/><F13/><W31/><G34/><T70/><D68/><U131/><E106/><V128/><F121/><W30/><G14/><T76/><D76/><U50/><E39/><V104/><F104/><W97/><G37/><N who="0" m="21839" /><D24/><U109/><E36/><V29/><F128/><W51/><G40/><T133/><D134/><U120/><E120/><V47/><F29/><W84/><G54/><AGARI ba="0,0" hai="10,12,16,38,43,47,54,57,61,72,73,79,83,87" machi="54" ten="30,2000,0" yaku="7,1,54,1" doraHai="92" who="2" fromWho="3" sc="191,0,376,0,243,20,190,-20" owari="191,-20.9,376,47.6,263,6.3,170,-33.0" /></mjloggm>