<mjloggm ver="2.3"><GO type="225" lobby="0"/><UN n0="%E3%82%A2%E3%82%A4%E3%82%B9%E3%83%86%E3%82%A3%E3%83%BC%E3%81%82%E3%81%B9" n1="%4C%4F%4C%49%54%41" n2="%E9%BB%99%E8%81%B4%E3%81%AE%E3%81%99%E3%82%9D%E3%82%81" n3="%E5%A4%8F%E9%88%B4%E9%88%B4%E5%A4%8F" dan="16,16,16,16" rate="2077.74,2153.37,2154.57,2133.30" sx="M,F,M,F"/><TAIKYOKU oya="0"/><INIT seed="0,0,0,2,0,10" ten="250,250,250,250" oya="0" hai0="88,69,60,89,94,101,40,42,106,115,112,102,3" hai1="93,97,0,28,64,131,7,25,66,45,126,90,54" hai2="26,19,11,6,84,110,2,125,14,127,128,21,80" hai3="113,121,67,95,123,36,15,122,55,103,35,48,53"/><T124/><D3/><U75/><E75/><V71/><F71/><W65/><G113/><T27/><D106/><U39/><E126/><N who="2" m="48139" /><F110/><W57/><G35/><T4/><D124/><U73/><E73/><V29/><F128/><W52/><G36/><T18/><D4/><U13/><E0/><V63/><F63/><N who="3" m="38127" /><G15/><T16/><D60/><U23/><E131/><V117/><F117/><W79/><G79/><T74/><D74/><U31/><E31/><V44/><F44/><N who="3" m="27655" /><G67/><T111/><D69/><U100/><E100/><N who="0" m="38505" /><D115/><U41/><REACH who="1" step="1"/><E54/><REACH who="1" ten="250,240,250,250" step="2"/><V76/><F2/><W82/><G82/><T108/><D112/><U77/><E77/><V50/><F50/><W83/><G83/><T109/><D89/><U107/><E107/><V1/><F1/><W43/><G43/><N who="0" m="16427" /><D27/><U12/><E12/><V114/><F114/><W98/><AGARI ba="0,1" hai="53,55,95,98,103,121,122,123" m="27655,38127" machi="98" ten="40,2700,0" yaku="13,1,54,1" doraHai="10" who="3" fromWho="3" sc="250,-13,240,-7,250,-7,250,37" /><INIT seed="1,0,0,2,0,123" ten="237,233,243,287" oya="1" hai0="28,93,51,124,94,5,117,48,8,4,111,17,27" hai1="81,89,69,63,100,0,15,20,65,10,110,84,101" hai2="19,38,62,125,30,121,95,12,67,54,102,109,122" hai3="3,127,24,78,21,61,129,34,75,130,128,31,76"/><U80/><E0/><V73/><F38/><W33/><G127/><T77/><D117/><U23/><E81/><V115/><F73/><W43/><G3/><T52/><D124/><U40/><E40/><V68/><F125/><W32/><G75/><T56/><D77/><U7/><REACH who="1" step="1"/><E110/><REACH who="1" ten="237,223,243,287" step="2"/><V112/><F109/><W79/><G61/><T85/><D111/><U134/><E134/><V96/><F122/><W18/><REACH who="3" step="1"/><G43/><REACH who="3" ten="237,223,243,277" step="2"/><T29/><D51/><U44/><E44/><V135/><F121/><W64/><G64/><T22/><D5/><U133/><E133/><V99/><F135/><W88/><G88/><N who="0" m="53391" /><D94/><U107/><E107/><V113/><F95/><W55/><G55/><T114/><D114/><U11/><E11/><V36/><F112/><W16/><AGARI ba="0,2" hai="16,18,21,24,31,32,33,34,76,78,79,128,129,130" machi="16" ten="50,12000,2" yaku="1,1,0,1,29,2,19,1,54,1,53,0" doraHai="123" doraHaiUra="60" who="3" fromWho="3" sc="237,-30,223,-60,243,-30,277,140" /><INIT seed="2,0,0,0,0,111" ten="207,163,213,417" oya="2" hai0="65,81,16,107,32,110,14,123,106,133,6,39,98" hai1="119,66,117,96,29,38,91,34,102,36,83,67,87" hai2="23,82,134,112,44,85,84,74,46,101,105,43,88" hai3="79,47,24,78,21,113,60,30,3,27,89,51,116"/><V86/><F134/><W72/><G116/><T18/><D123/><U20/><E34/><V50/><F112/><W75/><G3/><T109/><D39/><U56/><E38/><V93/><F23/><W131/><G75/><T69/><D32/><U80/><E36/><V54/><F105/><N who="0" m="39946" /><D98/><U49/><E83/><V33/><F33/><W25/><G131/><T37/><D37/><U26/><E49/><N who="2" m="26783" /><F74/><W19/><G113/><T61/><D81/><U53/><E67/><V22/><F22/><N who="3" m="15639" /><G72/><T73/><D73/><U41/><E41/><V5/><F5/><W55/><G27/><T15/><D133/><U70/><E70/><V59/><F59/><N who="3" m="34943" /><G89/><T99/><D99/><AGARI ba="0,0" hai="46,50,54,82,84,85,86,88,93,99,101" m="26783" machi="99" ten="30,2900,0" yaku="8,1,54,1" doraHai="111" who="2" fromWho="0" sc="207,-29,163,0,213,29,417,0" /><INIT seed="2,1,0,4,0,73" ten="178,163,242,417" oya="2" hai0="55,19,87,114,57,133,127,109,117,11,33,110,22" hai1="107,75,26,92,78,5,129,1,24,28,25,43,126" hai2="59,105,130,9,50,103,58,94,14,62,0,82,21" hai3="38,72,10,23,48,67,88,86,40,56,108,74,66"/><V80/><F105/><W135/><G38/><T45/><D114/><U131/><E107/><V15/><F0/><W76/><G108/><N who="0" m="41579" /><D33/><U51/><E126/><V95/><F130/><N who="1" m="49673" /><E92/><V122/><F122/><W35/><G35/><T134/><D127/><U102/><E102/><V93/><F103/><W53/><G40/><T4/><D45/><N who="1" m="26047" /><E5/><V119/><F119/><W81/><G10/><T61/><D87/><U111/><E1/><V90/><F90/><W47/><G135/><N who="0" m="51723" /><D117/><U71/><E71/><V13/><F9/><W115/><G115/><T89/><D89/><U84/><E84/><V97/><F97/><W27/><G47/><T79/><D79/><U52/><E111/><V32/><F32/><W41/><G41/><T118/><D118/><U96/><E96/><V17/><F50/><W113/><G74/><T12/><D22/><N who="1" m="15383" /><E52/><N who="2" m="34119" /><F59/><W16/><G113/><T85/><D85/><U100/><E100/><V44/><F44/><W20/><G20/><T37/><D37/><U70/><E70/><V8/><F8/><W106/><G106/><T54/><D55/><U123/><E123/><V6/><F6/><AGARI ba="1,0" hai="4,6,11,12,19,54,57,61" m="51723,41579" machi="6" ten="30,2000,0" yaku="14,1,20,1" doraHai="73" who="0" fromWho="2" sc="178,23,163,0,242,-23,417,0" /><INIT seed="3,0,0,5,4,54" ten="201,163,219,417" oya="3" hai0="44,124,109,117,67,43,115,52,78,106,81,41,122" hai1="131,93,77,69,10,72,103,94,30,116,46,105,33" hai2="19,51,39,2,112,107,96,126,80,14,13,88,0" hai3="4,7,70,100,85,99,56,59,132,53,21,25,57"/><W128/><G70/><T130/><D122/><U28/><E69/><V42/><F39/><W79/><G132/><T6/><D117/><U31/><E131/><V24/><F112/><W58/><G128/><T66/><D106/><U89/><E116/><V83/><F107/><W64/><G64/><N who="0" m="24619" /><D130/><U114/><E114/><V38/><F38/><W55/><G99/><T5/><D115/><U121/><E121/><V90/><F0/><W133/><G100/><T8/><D109/><U63/><E94/><N who="2" m="56391" /><F2/><W22/><G133/><T34/><D34/><U68/><E68/><V9/><F24/><W92/><G21/><T35/><D124/><U118/><E118/><V65/><F65/><W110/><G110/><T87/><D35/><U18/><E63/><V102/><F102/><W37/><G37/><T119/><D119/><U20/><E10/><N who="2" m="6583" /><F90/><N who="3" m="53327" /><G79/><T104/><D104/><U76/><E33/><V123/><F126/><W73/><G73/><T26/><D26/><U47/><E103/><V84/><F84/><W50/><G53/><T23/><D23/><U111/><E105/><V95/><F95/><W97/><G97/><T36/><D36/><U74/><E111/><V49/><F123/><W125/><G125/><T45/><D52/><U16/><E16/><AGARI ba="0,0" hai="4,7,16,22,25,50,55,56,57,58,59" m="53327" machi="16" ten="30,18000,2" yaku="8,1,52,4,54,1" doraHai="54" who="3" fromWho="1" sc="201,0,163,-180,219,0,417,180" owari="201,-19.9,-17,-51.7,219,1.9,597,69.7" /></mjloggm>