<mjloggm ver="2.3"><GO type="225" lobby="0"/><UN n0="%E4%BF%BA%E3%81%A8%E5%A6%96%E5%A4%A2" n1="%E4%BB%8A%E6%97%A5%E4%B8%80" n2="%E8%81%B7%E6%A5%AD%E3%80%81%E9%A2%A8%32" n3="%E3%83%96%E3%83%83%E3%83%91%E3%82%AA%E3%83%96%E3%83%81%E3%82%AD%E3%83%B3" dan="16,17,16,16" rate="2116.45,2203.23,2141.28,2212.85" sx="F,M,M,M"/><TAIKYOKU oya="0"/><INIT seed="0,0,0,0,4,65" ten="250,250,250,250" oya="0" hai0="115,121,108,111,84,4,67,63,60,104,15,17,116" hai1="94,126,10,24,59,78,101,2,5,112,12,73,114" hai2="57,75,129,21,26,127,74,45,54,79,107,117,89" hai3="81,133,87,85,134,135,100,82,0,91,7,66,119"/><T48/><D115/><N who="1" m="44075" /><E126/><V33/><F117/><W51/><G119/><T16/><D116/><U132/><E132/><V68/><F127/><W43/><G100/><T92/><D121/><U36/><E36/><V46/><F107/><W11/><G66/><T9/><D104/><U103/><E24/><V110/><F33/><W40/><REACH who="3" step="1"/><G51/><REACH who="3" ten="250,250,250,240" step="2"/><T122/><D48/><U77/><E103/><V130/><F130/><W124/><G124/><T44/><D122/><U76/><E101/><V120/><F129/><W106/><G106/><T98/><D60/><U41/><E73/><V47/><F75/><W123/><G123/><T90/><D98/><U58/><E77/><AGARI ba="0,1" hai="0,7,11,40,43,77,81,82,85,87,91,133,134,135" machi="77" ten="40,8000,1" yaku="1,1,20,1,53,2" doraHai="65" doraHaiUra="83" who="3" fromWho="1" sc="250,0,250,-80,250,0,240,90" /><INIT seed="1,0,0,5,5,95" ten="250,170,250,330" oya="1" hai0="49,34,19,102,31,94,40,59,25,89,45,101,17" hai1="0,93,21,124,72,127,78,20,110,6,8,11,28" hai2="88,87,15,33,27,63,90,18,82,106,74,42,109" hai3="103,67,132,52,12,119,58,86,29,113,68,107,62"/><U76/><E72/><V92/><F109/><W46/><G113/><T41/><D41/><U14/><E78/><V32/><F106/><W51/><G132/><T48/><D48/><U71/><E71/><V114/><F114/><W99/><G119/><T129/><D129/><U104/><E104/><V50/><F27/><W126/><G126/><N who="1" m="48170" /><E76/><V56/><F50/><W81/><G29/><T125/><D125/><U105/><E105/><V2/><F42/><W22/><G22/><N who="1" m="8810" /><E93/><V98/><F2/><W26/><G12/><T38/><D38/><U121/><E28/><V123/><F74/><W116/><G116/><T100/><REACH who="0" step="1"/><D59/><REACH who="0" ten="240,170,250,330" step="2"/><U16/><E110/><V54/><F123/><AGARI ba="0,1" hai="0,6,8,11,14,16,121,123" m="8810,48170" machi="123" ten="30,11600,0" yaku="18,1,34,2,54,1" doraHai="95" who="1" fromWho="2" sc="240,0,170,126,250,-116,330,0" /><INIT seed="1,1,0,1,0,97" ten="240,296,134,330" oya="1" hai0="79,87,120,25,19,98,35,112,0,52,41,118,93" hai1="10,70,54,49,2,53,85,6,56,131,75,68,15" hai2="69,125,94,40,121,59,107,36,89,55,57,117,14" hai3="132,71,77,44,43,3,27,126,134,20,110,73,31"/><U102/><E75/><V51/><F121/><W48/><G110/><T113/><D118/><U11/><E131/><V84/><F117/><W129/><G129/><T95/><D0/><U135/><E135/><N who="3" m="51754" /><G126/><T24/><D41/><U28/><E28/><V100/><F125/><W114/><G114/><T33/><D120/><U128/><E128/><V86/><F69/><W130/><G130/><T78/><D98/><U106/><E85/><V47/><F107/><W96/><G3/><T88/><D87/><U7/><E54/><V108/><F108/><W1/><G1/><T21/><D21/><U5/><E5/><V133/><F133/><W74/><G71/><T115/><D115/><U62/><E62/><V46/><F86/><W38/><G77/><T99/><D99/><U103/><E106/><V65/><F14/><W37/><G96/><T123/><D19/><U8/><E8/><V32/><F32/><W92/><G92/><T42/><D42/><U109/><E109/><V64/><REACH who="2" step="1"/><F100/><REACH who="2" ten="240,296,124,330" step="2"/><W80/><G74/><T26/><D123/><U18/><E103/><V76/><F76/><W104/><G104/><T13/><D13/><U30/><E102/><V72/><F72/><W4/><G73/><T16/><D33/><U119/><E119/><V45/><F45/><W124/><G124/><T90/><D35/><U91/><E70/><V81/><F81/><W50/><G80/><T34/><D34/><U82/><E68/><V17/><F17/><W122/><G122/><T67/><D16/><U29/><E18/><V127/><F127/><W105/><G105/><T58/><D112/><RYUUKYOKU ba="1,1" sc="240,-15,296,15,124,15,330,-15" hai1="2,6,7,10,11,15,29,30,49,53,56,82,91" hai2="36,40,46,47,51,55,57,59,64,65,84,89,94" /><INIT seed="1,2,1,4,2,55" ten="225,311,139,315" oya="1" hai0="46,129,41,58,60,70,29,105,87,10,84,52,127" hai1="21,20,90,118,93,72,97,67,16,22,47,99,5" hai2="49,116,6,43,7,104,44,51,125,119,38,17,68" hai3="83,133,32,64,33,134,106,30,34,4,54,13,117"/><U132/><E118/><V63/><F104/><W45/><G106/><T86/><D105/><U110/><E72/><V85/><F125/><W78/><G64/><T122/><D127/><U25/><E132/><N who="3" m="50794" /><G117/><T48/><D129/><U14/><E110/><V11/><F119/><W19/><G4/><T120/><D29/><U8/><E67/><V36/><F116/><W35/><G35/><T37/><D10/><U128/><E128/><V76/><F7/><W62/><G30/><T103/><D103/><U1/><E1/><V40/><F17/><W92/><G92/><T101/><D101/><U113/><E113/><V121/><F121/><N who="0" m="46698" /><D70/><U71/><E71/><V82/><F68/><W56/><G45/><T24/><D24/><U75/><E75/><V50/><F63/><AGARI ba="2,1" hai="37,41,46,48,52,58,60,63,84,86,87" m="46698" machi="63" ten="30,3900,0" yaku="13,1,52,1,54,1" doraHai="55" who="0" fromWho="2" sc="225,55,311,0,139,-45,315,0" /><INIT seed="2,0,0,0,1,98" ten="280,311,94,315" oya="2" hai0="121,57,66,131,79,116,129,89,7,59,125,117,126" hai1="77,124,11,50,96,40,76,63,118,122,49,25,33" hai2="87,46,36,119,103,111,67,133,2,84,41,68,8" hai3="22,73,3,28,78,97,81,52,23,4,90,39,115"/><V60/><F119/><N who="0" m="45642" /><D79/><U135/><E122/><V80/><F133/><W38/><G115/><T43/><D121/><U18/><E118/><V15/><F111/><W107/><G3/><T74/><D74/><U86/><E135/><V130/><F130/><N who="0" m="49674" /><D89/><U13/><E96/><V75/><F2/><W127/><G127/><N who="0" m="48651" /><D7/><U30/><E124/><V35/><F35/><W19/><G4/><T94/><D94/><U92/><E92/><V6/><REACH who="2" step="1"/><F103/><REACH who="2" ten="280,311,84,315" step="2"/><W134/><G134/><T128/><D128/><U85/><E33/><V55/><F55/><W58/><G52/><T114/><D114/><U10/><E40/><V51/><F51/><W12/><G39/><T20/><D20/><U1/><E50/><V54/><F54/><W112/><G38/><T88/><D88/><U26/><E49/><V61/><F61/><W37/><G37/><T102/><D102/><U83/><E63/><V108/><F108/><W31/><G112/><T93/><D93/><U0/><E0/><V53/><F53/><W47/><G90/><T24/><D43/><U105/><E1/><V48/><F48/><W9/><G23/><T69/><D24/><U42/><E42/><V27/><F27/><W70/><G22/><T113/><D113/><U32/><E26/><V91/><F91/><W45/><G78/><AGARI ba="0,1" hai="6,8,15,36,41,46,60,67,68,75,78,80,84,87" machi="78" ten="40,3900,0" yaku="1,1,53,1" doraHai="98" doraHaiUra="104" who="2" fromWho="3" sc="280,0,311,0,84,49,315,-39" /><INIT seed="2,1,0,1,0,93" ten="280,311,133,276" oya="2" hai0="41,130,16,20,52,77,10,4,104,24,121,116,29" hai1="53,55,63,0,105,35,115,8,56,31,14,67,120" hai2="26,32,44,87,13,37,73,22,92,126,124,88,48" hai3="43,101,19,50,74,135,12,108,119,47,75,98,3"/><V113/><F113/><W84/><G119/><T69/><D69/><U114/><E120/><V83/><F37/><W89/><G3/><T18/><D121/><U9/><E0/><V79/><F32/><W54/><G108/><T100/><D41/><U59/><E67/><V36/><F36/><W122/><G135/><T94/><D104/><U110/><E105/><V6/><F13/><W58/><G122/><T107/><D107/><U46/><E46/><V61/><F61/><W91/><G101/><T76/><D130/><U64/><E64/><V33/><F33/><W80/><G98/><N who="0" m="59479" /><D116/><U38/><E38/><V49/><F6/><W2/><G91/><T96/><D96/><U123/><E110/><V25/><F25/><W40/><G2/><T106/><D106/><U42/><E42/><V39/><F39/><W103/><G103/><T112/><D112/><U133/><E35/><V34/><F34/><W27/><G43/><T62/><D4/><U99/><E123/><V70/><F70/><W72/><G27/><T60/><D60/><U129/><E63/><V57/><F57/><W102/><G102/><T127/><D127/><N who="2" m="48682" /><F44/><W90/><G90/><T117/><D117/><U15/><E59/><V23/><F23/><W134/><G134/><T17/><D10/><U45/><E56/><AGARI ba="1,0" hai="16,17,18,20,24,29,52,56,62,76,77" m="59479" machi="56" ten="30,7700,0" yaku="8,1,52,1,54,2" doraHai="93" who="0" fromWho="1" sc="280,80,311,-80,133,0,276,0" /><INIT seed="3,0,0,5,5,65" ten="360,231,133,276" oya="3" hai0="95,8,41,28,103,38,60,32,44,34,25,92,35" hai1="40,77,114,135,42,10,1,5,9,110,94,121,2" hai2="11,113,68,3,62,29,100,48,122,78,71,75,14" hai3="4,101,96,129,55,22,27,88,107,12,105,61,112"/><W37/><G112/><T46/><D8/><U23/><E110/><V7/><F113/><W63/><G37/><T56/><D46/><U89/><E114/><V111/><F111/><W20/><G129/><T52/><REACH who="0" step="1"/><D103/><REACH who="0" ten="350,231,133,276" step="2"/><U133/><E10/><V69/><F122/><W117/><G117/><T130/><D130/><U33/><E121/><V76/><F100/><W18/><G107/><T97/><D97/><U6/><E9/><V13/><F62/><W70/><G4/><T108/><D108/><U58/><E6/><V43/><F29/><W98/><G70/><T124/><D124/><U102/><E5/><V126/><F126/><W99/><G99/><T104/><D104/><U45/><E102/><V26/><F26/><W131/><G131/><T127/><D127/><U109/><E109/><V21/><F75/><W125/><G125/><T115/><D115/><U86/><E86/><V15/><REACH who="2" step="1"/><F21/><AGARI ba="0,1" hai="21,25,28,32,34,35,38,41,44,52,56,60,92,95" machi="21" ten="40,2600,0" yaku="1,1,54,1,53,0" doraHai="65" doraHaiUra="118" who="0" fromWho="2" sc="350,36,231,0,133,-26,276,0" owari="386,48.6,231,-16.9,107,-39.3,276,7.6" /></mjloggm>