<mjloggm ver="2.3"><GO type="225" lobby="0"/><UN n0="%E3%83%94%E3%83%B3%E3%82%B5%E3%83%AD%E5%BA%97%E5%93%A1" n1="%E3%81%95%E3%81%8D%E3%81%9F%E3%81%BE%E6%9E%97%E6%AA%8E" n2="%E3%83%A9%E3%82%A4%E3%83%B3%E3%81%AE%E8%99%8E" n3="%E6%A1%9C%E8%8A%B1%E9%96%83%E3%80%85" dan="16,16,16,17" rate="2171.69,2107.01,2130.45,2142.66" sx="M,M,M,M"/><TAIKYOKU oya="0"/><INIT seed="0,0,0,4,3,121" ten="250,250,250,250" oya="0" hai0="5,4,17,53,59,104,112,12,25,125,109,0,119" hai1="9,7,127,103,107,100,96,132,113,129,98,3,105" hai2="94,76,99,10,19,2,35,110,18,52,56,85,36" hai3="33,38,88,15,106,77,87,34,101,115,72,31,92"/><T67/><D112/><U135/><E127/><V128/><F36/><W102/><G115/><T37/><D119/><U108/><E113/><V48/><F128/><W66/><G38/><T50/><D104/><U14/><E14/><V126/><F126/><W46/><G46/><T86/><D125/><U54/><E54/><V122/><F35/><W1/><G1/><T130/><D130/><U32/><E129/><V39/><F39/><W95/><G66/><T16/><D37/><U83/><E83/><V21/><F122/><W29/><G95/><T22/><D0/><U47/><E47/><V60/><F110/><W42/><G15/><T69/><D109/><U70/><E108/><V75/><F75/><W44/><G44/><T116/><D116/><U90/><E90/><V89/><F2/><W51/><G51/><T27/><D86/><U84/><E84/><V8/><F19/><W68/><G68/><T114/><D114/><U118/><E118/><V124/><F124/><W30/><G42/><T6/><REACH who="0" step="1"/><D17/><REACH who="0" ten="240,250,250,250" step="2"/><U65/><E32/><V71/><F85/><W133/><G106/><T111/><D111/><U11/><E11/><V61/><F8/><W43/><G34/><T58/><D58/><U57/><E57/><V82/><F10/><W26/><G33/><T78/><D78/><U131/><E131/><V62/><F71/><W93/><G77/><T120/><D120/><U63/><AGARI ba="0,1" hai="3,7,9,63,65,70,96,98,100,103,105,107,132,135" machi="63" ten="30,7900,0" yaku="0,1,9,1,23,2" doraHai="121" who="1" fromWho="1" sc="240,-39,250,89,250,-20,250,-20" /><INIT seed="1,0,0,3,0,89" ten="201,339,230,230" oya="1" hai0="126,23,77,103,75,47,33,102,70,111,113,110,95" hai1="52,17,105,116,46,11,34,13,39,36,6,28,66" hai2="90,49,106,30,45,131,63,19,80,61,87,69,12" hai3="42,65,94,44,31,58,50,67,25,37,112,57,134"/><U96/><E116/><V85/><F131/><W104/><G104/><T117/><D33/><U29/><E66/><N who="3" m="25098" /><G112/><T18/><D70/><U3/><E105/><V121/><F69/><W97/><G134/><T41/><D117/><U43/><E39/><V101/><F121/><W82/><G37/><T74/><D113/><U5/><E5/><V10/><F30/><W133/><G133/><T92/><D126/><U93/><E34/><V122/><F122/><W109/><G109/><N who="0" m="41483" /><D103/><U7/><E7/><V22/><F22/><N who="3" m="15799" /><G82/><N who="0" m="45367" /><D102/><AGARI ba="0,0" hai="42,44,50,57,58,94,97,102" m="15799,25098" machi="102" ten="30,2000,0" yaku="8,1,52,1" doraHai="89" who="3" fromWho="0" sc="201,-20,339,0,230,0,230,20" /><INIT seed="2,0,0,5,4,57" ten="181,339,230,250" oya="2" hai0="119,121,56,61,127,16,90,99,134,53,58,126,2" hai1="86,41,67,14,23,81,40,47,100,44,0,82,106" hai2="94,62,9,132,20,124,118,37,21,24,72,70,55" hai3="46,78,43,13,109,84,88,3,133,65,120,38,83"/><V129/><F118/><W19/><G120/><T30/><D121/><U96/><E0/><V89/><F72/><W4/><G109/><T103/><D2/><U7/><E81/><V79/><F79/><W66/><G133/><T33/><D134/><U117/><E117/><V48/><F132/><W8/><REACH who="3" step="1"/><G78/><REACH who="3" ten="181,339,230,240" step="2"/><T5/><D119/><U1/><E1/><V42/><F124/><W49/><G49/><T22/><D127/><U115/><E115/><V116/><F116/><W104/><G104/><T131/><D126/><U135/><E135/><V87/><F48/><W35/><G35/><T108/><D108/><U17/><E106/><V15/><F37/><W102/><G102/><T29/><D33/><U26/><E100/><V54/><F89/><W76/><G76/><T113/><D113/><U122/><E122/><V32/><F32/><W71/><G71/><T11/><D90/><U45/><E41/><V50/><F70/><W68/><G68/><T28/><D131/><U111/><E40/><V59/><F42/><W105/><G105/><T52/><D103/><U36/><E111/><V69/><F69/><W18/><G18/><T125/><D125/><U34/><E34/><V93/><F129/><W75/><G75/><T51/><D29/><U101/><E101/><V12/><F50/><W80/><G80/><T85/><D30/><U95/><E17/><V107/><F107/><W6/><G6/><T77/><D28/><U64/><E7/><V114/><F114/><W128/><G128/><T60/><D5/><U92/><E36/><V10/><F10/><AGARI ba="0,1" hai="3,4,8,10,13,19,38,43,46,65,66,83,84,88" machi="10" ten="30,7700,0" yaku="1,1,7,1,54,1,53,1" doraHai="57" doraHaiUra="39" who="3" fromWho="2" sc="181,0,339,0,230,-77,240,87" /><INIT seed="3,0,0,5,5,1" ten="181,339,153,327" oya="3" hai0="126,61,97,135,7,17,12,107,36,65,78,19,115" hai1="130,79,55,134,108,77,73,18,70,92,74,131,23" hai2="71,8,127,91,58,42,98,56,90,13,6,114,103" hai3="102,57,51,45,83,106,25,39,133,54,125,124,59"/><W47/><G133/><T123/><D123/><U96/><E108/><V20/><F71/><W27/><G83/><T24/><D36/><U16/><E134/><V22/><F114/><W5/><G5/><T100/><D135/><U89/><E70/><V28/><F127/><N who="3" m="48715" /><G106/><T112/><D78/><N who="1" m="29707" /><E55/><V4/><F42/><N who="3" m="22751" /><G102/><T95/><D126/><U49/><E49/><V26/><F22/><W10/><G10/><N who="0" m="4191" /><D24/><AGARI ba="0,0" hai="24,25,27,47,51,54,57,59" m="22751,48715" machi="24" ten="30,1500,0" yaku="18,1" doraHai="1" who="3" fromWho="0" sc="181,-15,339,0,153,0,327,15" owari="166,-23.4,339,13.9,153,-34.7,342,44.2" /></mjloggm>