<mjloggm ver="2.3"><GO type="225" lobby="0"/><UN n0="%E3%83%B4%E3%83%A0%EF%BC%99%E3%81%A6" n1="%E3%82%A4%E3%83%BC%E3%82%B1%E3%83%97%E3%83%A9" n2="%E3%81%A4%E3%81%A3%E3%81%B1%E3%82%8A%E3%83%9D%E3%83%BC%E3%83%AB" n3="%E3%83%96%E3%83%83%E3%83%91%E3%82%AA%E3%83%96%E3%83%81%E3%82%AD%E3%83%B3" dan="16,16,17,16" rate="2178.38,2126.71,2102.09,2141.28" sx="M,M,M,M"/><TAIKYOKU oya="0"/><INIT seed="0,0,0,3,2,50" ten="250,250,250,250" oya="0" hai0="52,106,82,7,88,99,128,15,23,55,26,54,13" hai1="81,112,125,120,119,56,110,34,102,64,122,53,75" hai2="72,79,25,133,135,127,130,3,43,9,29,14,71" hai3="28,121,100,70,45,27,76,40,129,105,37,114,113"/><T115/><D115/><U30/><E112/><V84/><F71/><W107/><G129/><T108/><D128/><U20/><E34/><V132/><F130/><W73/><G121/><T124/><D124/><U86/><E75/><V123/><F123/><W33/><G70/><T22/><D108/><U18/><E30/><V16/><F127/><W10/><G10/><N who="0" m="4319" /><D106/><U90/><E110/><V111/><F111/><W80/><REACH who="3" step="1"/><G107/><REACH who="3" ten="250,250,250,240" step="2"/><T94/><D26/><U0/><E120/><V39/><F25/><W2/><G2/><T67/><D67/><U31/><E0/><V77/><F3/><W68/><G68/><T95/><D15/><U91/><E125/><V11/><F14/><W19/><G19/><T85/><D94/><U51/><E18/><V101/><F16/><W87/><G87/><T63/><D63/><U89/><E86/><V92/><F84/><W1/><G1/><T69/><D69/><U116/><E122/><V17/><F17/><W93/><G93/><T36/><D36/><U59/><E116/><V126/><F126/><W57/><G57/><T118/><D118/><U78/><E119/><V49/><F39/><W12/><G12/><T35/><D35/><U42/><E59/><V97/><F72/><W32/><G32/><T21/><D21/><U134/><E20/><V8/><F29/><W4/><G4/><T62/><D62/><U65/><E31/><V5/><F5/><W41/><G41/><T83/><D83/><U74/><E42/><V98/><F98/><AGARI ba="0,1" hai="27,28,33,37,40,45,73,76,80,98,100,105,113,114" machi="98" ten="40,8000,1" yaku="1,1,23,2,53,1" doraHai="50" doraHaiUra="24" who="3" fromWho="2" sc="250,0,250,0,250,-80,240,90" /><INIT seed="1,0,0,3,2,68" ten="250,250,170,330" oya="1" hai0="18,45,53,2,35,31,65,54,84,23,49,115,111" hai1="61,75,106,130,121,0,33,29,105,91,107,124,26" hai2="46,5,38,51,104,110,117,58,34,6,90,109,56" hai3="55,128,119,41,62,112,37,125,126,73,78,132,15"/><U89/><E121/><V21/><F34/><W76/><G112/><T100/><D115/><U3/><E75/><V94/><F104/><W64/><G132/><T27/><D2/><U11/><E130/><V86/><F117/><W82/><G128/><T44/><D111/><N who="2" m="42506" /><F21/><W116/><G78/><T97/><D65/><U7/><E124/><N who="3" m="47722" /><G55/><T22/><D84/><U122/><E122/><V24/><F24/><W57/><G15/><T12/><D44/><AGARI ba="0,0" hai="37,41,44,57,62,64,73,76,82,116,119" m="47722" machi="44" ten="30,2000,0" yaku="18,1,52,1" doraHai="68" who="3" fromWho="0" sc="250,-20,250,0,170,0,330,20" /><INIT seed="2,0,0,1,5,89" ten="230,250,170,350" oya="2" hai0="47,31,97,123,105,124,95,38,82,17,66,92,59" hai1="51,98,28,8,22,106,49,23,6,118,42,45,61" hai2="9,65,15,116,55,11,13,18,35,110,2,43,0" hai3="83,57,130,114,1,79,24,48,68,76,39,104,101"/><V77/><F65/><W103/><G39/><T3/><D123/><U62/><E118/><V102/><F43/><W119/><G1/><T81/><D3/><N who="2" m="1066" /><F55/><N who="3" m="31975" /><G104/><T52/><D105/><U91/><E106/><V133/><F102/><N who="3" m="38923" /><G119/><T7/><D7/><U88/><E51/><V134/><F116/><W100/><G68/><T67/><D31/><U129/><E129/><V86/><F77/><W33/><G33/><T71/><D71/><U99/><E91/><V10/><F86/><W108/><G108/><T90/><D38/><U74/><E74/><V53/><F53/><W127/><G127/><T40/><D124/><U120/><E120/><V32/><F110/><W34/><G34/><N who="2" m="12841" /><F18/><W87/><G100/><N who="0" m="60455" /><D17/><U122/><E122/><V111/><F111/><W27/><G79/><T132/><D47/><U135/><E45/><V21/><F21/><W70/><G87/><N who="0" m="52703" /><D40/><U107/><E42/><V46/><F46/><W14/><G70/><T36/><D36/><U26/><E107/><V29/><F29/><W41/><G76/><T112/><D112/><U20/><E28/><V58/><F58/><W37/><G114/><T113/><D113/><U56/><E56/><V109/><F109/><W121/><G41/><T78/><D78/><U96/><E23/><V125/><F125/><W128/><G37/><T85/><D85/><U64/><E22/><V12/><AGARI ba="0,0" hai="9,10,11,12,13,15,133,134" m="12841,1066" machi="12" ten="40,12000,1" yaku="28,2,34,2" doraHai="89" who="2" fromWho="2" sc="230,-40,250,-40,170,120,350,-40" /><INIT seed="2,1,0,1,0,85" ten="190,210,290,310" oya="2" hai0="78,30,86,128,109,83,60,117,52,18,36,48,49" hai1="35,19,90,61,59,70,25,108,26,27,41,98,112" hai2="16,94,20,81,102,133,65,84,45,42,96,89,134" hai3="75,71,126,124,56,91,47,51,14,44,58,15,110"/><V79/><F65/><W21/><G75/><T11/><D36/><U118/><E112/><V40/><F79/><W31/><G71/><T120/><D120/><U104/><E118/><V2/><F2/><W99/><G110/><T5/><D109/><U0/><E108/><V76/><F76/><W4/><G99/><T130/><D117/><U88/><E70/><V93/><F81/><W57/><G91/><N who="1" m="34858" /><E0/><V68/><F68/><W23/><G31/><T69/><D30/><U72/><E35/><V66/><F66/><W28/><G28/><T116/><D18/><U10/><E104/><V39/><REACH who="2" step="1"/><F42/><REACH who="2" ten="190,210,280,310" step="2"/><W3/><G3/><T122/><D116/><U131/><E41/><V29/><F29/><W121/><G121/><T24/><D122/><U103/><E72/><V55/><F55/><W22/><G124/><T38/><D69/><U111/><E111/><V64/><F64/><W114/><G126/><T33/><D78/><U95/><E131/><V92/><F92/><W87/><G114/><T12/><D128/><U113/><E113/><V17/><F17/><W50/><G58/><T106/><D130/><U101/><E19/><V73/><F73/><W135/><G57/><T32/><D32/><U100/><E10/><V62/><F62/><W6/><G56/><T80/><D33/><U37/><E37/><V97/><F97/><W67/><G67/><AGARI ba="1,1" hai="25,26,27,59,61,67,95,98,100,101,103" m="34858" machi="67" ten="30,8000,1" yaku="8,1,52,3,54,1" doraHai="85" who="1" fromWho="3" sc="190,0,210,93,280,0,310,-83" /><INIT seed="3,0,0,5,2,91" ten="190,303,280,227" oya="3" hai0="67,111,98,114,84,54,135,35,24,36,59,113,63" hai1="121,104,68,23,0,94,16,17,110,20,66,47,21" hai2="128,42,50,127,131,10,58,7,4,51,56,106,83" hai3="26,13,77,2,125,49,117,25,80,90,99,69,12"/><W81/><G117/><T93/><D36/><U119/><E104/><V14/><F106/><W105/><G2/><T88/><D111/><U112/><E0/><V64/><F127/><W123/><G123/><T76/><D135/><U41/><E112/><N who="0" m="43113" /><D76/><U95/><E121/><V129/><F64/><W29/><G125/><T31/><D98/><U53/><E68/><V57/><F42/><W92/><G105/><T38/><D38/><U46/><E66/><AGARI ba="0,0" hai="24,31,35,54,59,63,66,67,84,88,93" m="43113" machi="66" ten="30,3900,0" yaku="11,1,52,1,54,1" doraHai="91" who="0" fromWho="1" sc="190,39,303,-39,280,0,227,0" /><INIT seed="4,0,0,5,5,51" ten="229,264,280,227" oya="0" hai0="8,67,98,55,86,117,50,11,104,58,10,38,129" hai1="114,0,132,60,121,107,118,89,5,30,84,64,100" hai2="19,3,113,54,29,63,39,33,18,28,119,101,103" hai3="106,68,81,34,36,99,72,123,1,126,6,87,17"/><T42/><D117/><U70/><E118/><V46/><F3/><W69/><G126/><T125/><D125/><U92/><E121/><V102/><F119/><W82/><G123/><T77/><D129/><U131/><E131/><V13/><F113/><W76/><G34/><T124/><D124/><U120/><E120/><V71/><F33/><W27/><G36/><T48/><D67/><U32/><E132/><V47/><F39/><W108/><G108/><T135/><D135/><U88/><E114/><V31/><F71/><W43/><G43/><T75/><D75/><U24/><E89/><V91/><F91/><W62/><G62/><T61/><D104/><U95/><E107/><V133/><F133/><W40/><G40/><T66/><D98/><U16/><E16/><N who="2" m="6187" /><F13/><W37/><G37/><T134/><D134/><U128/><E128/><V79/><F79/><W26/><G1/><T105/><D105/><U83/><REACH who="1" step="1"/><E100/><REACH who="1" ten="229,254,280,227" step="2"/><V15/><F102/><W111/><G106/><T112/><D112/><U109/><E109/><V7/><F103/><W116/><G111/><T12/><D12/><U2/><E2/><V52/><F101/><W45/><G116/><T25/><D25/><U85/><E85/><V56/><F15/><W122/><G87/><T59/><D86/><U130/><E130/><V49/><F7/><W21/><G122/><T44/><REACH who="0" step="1"/><D77/><REACH who="0" ten="219,254,280,227" step="2"/><U127/><E127/><V20/><F20/><W93/><G21/><T96/><D96/><U73/><E73/><V9/><F9/><AGARI ba="0,2" hai="0,5,9,24,30,32,60,64,70,83,84,88,92,95" machi="9" ten="40,5200,0" yaku="1,1,54,1,53,1" doraHai="51" doraHaiUra="23" who="1" fromWho="2" sc="219,0,254,72,280,-52,227,0" owari="219,-28.1,326,42.6,228,2.8,227,-17.3" /></mjloggm>