<mjloggm ver="2.3"><GO type="225" lobby="0"/><UN n0="%E3%82%AF%E3%82%A3%E3%82%A6" n1="%E9%BB%99%E8%81%B4%E3%81%AE%E3%81%99%E3%82%9D%E3%82%81" n2="%E4%BF%BA%E3%81%A8%E5%A6%96%E5%A4%A2" n3="%EF%BC%AE%EF%BC%A1%EF%BC%AF%33%33%39" dan="16,16,16,16" rate="2053.53,2123.19,2142.50,2117.54" sx="M,M,F,M"/><TAIKYOKU oya="0"/><INIT seed="0,0,0,5,2,92" ten="250,250,250,250" oya="0" hai0="50,28,15,57,114,49,119,31,54,42,64,130,63" hai1="75,84,85,102,87,127,98,10,101,129,105,81,60" hai2="72,30,36,34,66,21,110,83,133,20,43,109,62" hai3="35,48,94,131,115,16,96,90,37,40,111,86,41"/><T68/><D119/><U17/><E60/><V27/><F133/><W32/><G37/><T4/><D114/><U95/><E17/><V118/><F118/><W100/><G115/><T112/><D112/><U19/><E19/><V78/><F43/><W9/><G111/><N who="2" m="42505" /><F36/><W89/><G89/><T135/><D130/><U11/><E11/><V5/><F5/><W117/><G117/><T134/><D4/><U77/><E10/><V132/><F132/><W120/><G131/><T13/><D13/><U91/><E129/><V107/><F107/><W18/><G18/><T25/><D15/><U71/><E71/><AGARI ba="0,0" hai="20,21,27,30,34,62,66,71,72,78,83" m="42505" machi="71" ten="30,1000,0" yaku="14,1" doraHai="92" who="2" fromWho="1" sc="250,0,250,-10,250,10,250,0" /><INIT seed="1,0,0,0,0,22" ten="250,240,260,250" oya="1" hai0="30,95,68,129,41,134,14,126,87,6,55,109,24" hai1="11,3,99,72,101,52,123,81,74,51,38,61,21" hai2="102,114,8,43,77,113,58,31,17,110,9,63,132" hai3="67,39,4,37,85,10,13,66,124,82,59,84,49"/><U107/><E38/><V89/><F110/><W28/><G124/><T117/><D117/><U105/><E123/><V86/><F132/><W47/><G84/><T56/><D68/><U122/><E122/><V32/><F77/><W106/><G106/><T60/><D109/><U120/><E120/><V19/><F43/><W53/><G28/><T100/><D126/><U83/><E107/><V20/><F102/><W91/><G39/><T45/><D129/><U73/><E61/><V40/><F40/><W90/><G37/><T71/><D71/><U79/><E83/><V36/><F31/><W26/><G90/><T112/><D112/><N who="2" m="43114" /><F32/><W29/><REACH who="3" step="1"/><G47/><REACH who="3" ten="250,240,260,240" step="2"/><T135/><D135/><U16/><E3/><V23/><F36/><W111/><G111/><T1/><D1/><U133/><E133/><V34/><F86/><W33/><AGARI ba="0,1" hai="4,10,13,26,29,33,49,53,59,66,67,82,85,91" machi="33" ten="20,8000,1" yaku="1,1,0,1,7,1,52,1,53,1" doraHai="22" doraHaiUra="46" who="3" fromWho="3" sc="250,-20,240,-40,260,-20,240,90" /><INIT seed="2,0,0,0,4,61" ten="230,200,240,330" oya="2" hai0="116,31,48,119,88,34,77,25,26,98,52,121,105" hai1="14,122,70,8,9,28,124,36,118,68,92,40,125" hai2="96,84,131,65,12,41,91,134,126,21,86,54,24" hai3="0,93,27,49,44,135,75,55,4,66,109,81,103"/><V58/><F131/><W104/><G104/><T95/><D121/><U123/><E28/><V46/><F134/><W51/><G0/><T112/><D112/><U72/><E72/><V23/><F126/><N who="1" m="48745" /><E36/><V83/><F12/><W39/><G39/><T113/><D113/><U79/><E79/><V115/><F115/><W29/><G4/><T128/><D128/><U73/><E73/><V114/><F114/><W102/><G135/><T19/><D77/><U45/><E92/><V108/><F108/><W3/><G3/><T38/><D38/><N who="1" m="21655" /><E9/><V11/><F11/><W80/><G75/><T42/><D42/><U97/><E97/><V100/><F86/><W57/><G109/><T67/><D67/><U111/><E111/><V59/><F65/><W33/><G66/><T129/><D129/><U133/><E133/><V85/><F84/><W6/><G6/><T94/><D105/><U130/><E130/><V99/><F99/><W22/><G33/><T76/><D76/><U107/><E107/><V63/><F96/><N who="3" m="59663" /><G103/><T89/><D19/><N who="1" m="8647" /><E118/><N who="0" m="45097" /><D31/><U47/><E47/><V50/><F100/><W64/><G64/><T71/><D71/><AGARI ba="0,0" hai="68,70,71,122,123" m="8647,21655,48745" machi="71" ten="30,1000,0" yaku="18,1" doraHai="61" who="1" fromWho="0" sc="230,-10,200,10,240,0,330,0" /><INIT seed="3,0,0,3,3,107" ten="220,210,240,330" oya="3" hai0="84,105,27,111,130,118,106,131,97,4,51,30,16" hai1="133,52,29,114,70,90,121,119,26,81,93,112,62" hai2="108,94,98,42,47,0,39,72,10,25,129,63,95" hai3="117,123,1,33,14,43,49,2,125,116,99,54,91"/><W17/><G123/><T36/><D36/><U32/><E121/><V48/><F108/><W37/><G33/><T23/><D111/><U89/><E133/><V80/><F129/><N who="0" m="49162" /><D118/><U77/><E119/><V57/><F48/><W18/><G37/><T50/><D4/><U100/><E100/><V120/><F120/><W64/><G43/><T82/><D30/><U55/><E90/><V96/><F25/><W122/><G122/><T41/><D97/><U61/><E61/><V85/><F98/><W5/><G5/><T40/><D51/><U8/><E8/><V34/><F34/><W103/><G64/><T15/><D15/><U58/><E55/><V135/><F135/><W12/><G91/><N who="0" m="51607" /><D50/><U20/><E32/><V92/><F96/><W127/><G99/><T78/><D78/><U86/><REACH who="1" step="1"/><E70/><REACH who="1" ten="220,200,240,330" step="2"/><V31/><F63/><W13/><G103/><T79/><D79/><U88/><E88/><N who="2" m="51239" /><F10/><W11/><G117/><T101/><D101/><U22/><E22/><V38/><F42/><AGARI ba="0,1" hai="16,23,27,40,41,42,105,106" m="51607,49162" machi="42" ten="30,2000,0" yaku="19,1,54,1" doraHai="107" who="0" fromWho="2" sc="220,30,200,0,240,-20,330,0" owari="250,5.0,200,-30.0,220,-18.0,330,43.0" /></mjloggm>