<mjloggm ver="2.3"><GO type="225" lobby="0"/><UN n0="%E3%83%81%E3%83%83%E3%82%BF%E3%82%BD%E3%83%BC" n1="%E8%B5%A4%E3%81%84%E8%9B%99%31%31" n2="%E3%83%96%E3%83%83%E3%83%91%E3%82%AA%E3%83%96%E3%83%81%E3%82%AD%E3%83%B3" n3="%E3%81%BE%E3%81%A8%E3%81%9F" dan="16,16,16,16" rate="2126.94,2111.72,2207.07,2138.77" sx="F,M,M,M"/><TAIKYOKU oya="0"/><INIT seed="0,0,0,5,5,52" ten="250,250,250,250" oya="0" hai0="67,108,100,84,34,50,55,0,107,14,60,65,80" hai1="75,119,124,68,117,3,78,21,109,30,94,23,41" hai2="120,76,17,93,49,63,95,121,57,129,90,74,28" hai3="77,128,116,73,32,110,22,85,42,13,118,64,4"/><T58/><D0/><U114/><E68/><V35/><F129/><W6/><G110/><T15/><D108/><U16/><E109/><V86/><F49/><W104/><G104/><T135/><D135/><U9/><E41/><V81/><F17/><W46/><G32/><T10/><D34/><U122/><E75/><V39/><F39/><W47/><G73/><T26/><D26/><N who="1" m="16719" /><E94/><V106/><F95/><W44/><G128/><T48/><D100/><U56/><E56/><V2/><F2/><W31/><G64/><N who="0" m="24651" /><D107/><U127/><E78/><V130/><F130/><W115/><G115/><T133/><D133/><U131/><E131/><V82/><F82/><W91/><G77/><N who="0" m="46095" /><D15/><N who="1" m="9631" /><E122/><V98/><F28/><W99/><G85/><T38/><D38/><U18/><E114/><V72/><F35/><W54/><G91/><T102/><D102/><U101/><E101/><N who="2" m="62775" /><F74/><W51/><G99/><T83/><D83/><U24/><E24/><V132/><F132/><W62/><G42/><T53/><D53/><AGARI ba="0,0" hai="53,57,63,72,76,81,86,90,93,120,121" m="62775" machi="53" ten="30,2000,0" yaku="24,1,52,1" doraHai="52" who="2" fromWho="0" sc="250,-20,250,0,250,20,250,0" /><INIT seed="1,0,0,1,5,95" ten="230,250,270,250" oya="1" hai0="0,125,31,106,47,112,41,91,10,78,36,68,80" hai1="77,43,23,5,131,44,93,85,74,25,63,99,30" hai2="98,100,72,42,118,34,67,53,38,69,3,48,58" hai3="97,84,81,33,87,82,90,14,64,94,7,105,17"/><U103/><E131/><V59/><F118/><W117/><G33/><T45/><D125/><U57/><E74/><V19/><F72/><W79/><G117/><T83/><D68/><U55/><E5/><V52/><F3/><W46/><G105/><T126/><D126/><U109/><E109/><V123/><F34/><W22/><G64/><T40/><D112/><U132/><E132/><V88/><F123/><W96/><G7/><T18/><D106/><U102/><E77/><V9/><F38/><W75/><G46/><T70/><D70/><U92/><E85/><V129/><F129/><W8/><G8/><T54/><D54/><N who="2" m="21098" /><F69/><W61/><G61/><T16/><D31/><U6/><E6/><V107/><F100/><W35/><REACH who="3" step="1"/><G35/><REACH who="3" ten="230,250,270,240" step="2"/><T114/><D114/><U122/><E122/><V2/><F67/><W20/><G20/><T13/><D0/><U32/><E32/><V101/><F107/><W89/><AGARI ba="0,1" hai="14,17,22,75,79,81,82,84,87,89,90,94,96,97" machi="89" ten="20,8000,1" yaku="1,1,0,1,7,1,52,2,53,0" doraHai="95" doraHaiUra="135" who="3" fromWho="3" sc="230,-20,250,-40,270,-20,240,90" /><INIT seed="2,0,0,1,0,3" ten="210,210,250,330" oya="2" hai0="74,34,73,101,65,0,42,41,111,40,68,113,100" hai1="130,121,12,64,13,92,108,44,39,80,119,28,84" hai2="70,115,24,66,110,33,81,55,27,125,32,69,1" hai3="95,49,86,134,77,107,11,38,50,43,98,25,83"/><V123/><F115/><W128/><G107/><T126/><D111/><U124/><E119/><V18/><F123/><W71/><G71/><T15/><D0/><U14/><E108/><V117/><F117/><W75/><G134/><T118/><D118/><U5/><E121/><V60/><F110/><W29/><G128/><T58/><D68/><U76/><E130/><V135/><F135/><W22/><G75/><T19/><D34/><U90/><E124/><V37/><F37/><W116/><G116/><T8/><D113/><U78/><E64/><V131/><F1/><W82/><G38/><T132/><D132/><U47/><E28/><V21/><F125/><W129/><G129/><T52/><D126/><U6/><E39/><V23/><F70/><W57/><G11/><T85/><D65/><U133/><E133/><V127/><F127/><W46/><G83/><T4/><D19/><U54/><E78/><V61/><F131/><W2/><G2/><T104/><D85/><N who="1" m="48263" /><E54/><V109/><F109/><W36/><G57/><T7/><D104/><U88/><E90/><AGARI ba="0,0" hai="22,25,29,36,43,46,49,50,77,82,86,90,95,98" machi="90" ten="30,1000,0" yaku="7,1" doraHai="3" who="3" fromWho="1" sc="210,0,210,-10,250,0,330,10" /><INIT seed="3,0,0,5,1,32" ten="210,200,250,340" oya="3" hai0="1,51,98,73,106,52,94,124,110,10,74,109,61" hai1="86,50,117,103,84,123,76,41,63,101,83,26,135" hai2="116,71,99,36,77,4,15,11,107,8,104,27,118" hai3="82,28,87,2,80,88,95,58,33,48,105,89,37"/><W56/><G37/><T112/><D124/><U40/><E123/><V90/><F36/><W53/><G2/><T134/><D134/><U85/><E135/><V16/><F71/><W66/><G105/><T72/><D112/><U35/><E117/><V6/><F77/><W100/><G33/><T129/><D106/><U119/><E119/><N who="2" m="45611" /><F90/><W131/><G28/><T20/><D61/><U91/><E63/><V21/><F99/><N who="3" m="59519" /><G131/><T130/><D20/><U81/><E85/><V120/><F107/><W0/><G0/><T70/><D70/><U102/><REACH who="1" step="1"/><E50/><REACH who="1" ten="210,190,250,340" step="2"/><V127/><F120/><W7/><G48/><T49/><D51/><U12/><E12/><V121/><F121/><W13/><G87/><T69/><D1/><U46/><E46/><V23/><F127/><W132/><G13/><T57/><D10/><U31/><AGARI ba="0,1" hai="26,31,35,40,41,76,81,83,84,86,91,101,102,103" machi="31" ten="30,4000,0" yaku="1,1,0,1,53,1" doraHai="32" doraHaiUra="24" who="1" fromWho="1" sc="210,-10,190,50,250,-10,340,-20" owari="200,-30.0,240,4.0,240,-16.0,320,42.0" /></mjloggm>