<mjloggm ver="2.3"><GO type="225" lobby="0"/><UN n0="%E3%81%AF%E3%82%88%E3%81%8A%E3%81%98%E3%81%95%E3%82%93" n1="%E3%81%82%E3%81%84%E3%81%82%E3%81%8A%E3%81%84" n2="%E9%A6%AC%E5%BC%95%E7%81%AB%33" n3="%E3%81%99%E3%81%84%E3%81%BE%E3%81%9B%E3%83%BC%E3%82%93" dan="16,18,17,18" rate="2149.24,2209.92,2140.22,2248.04" sx="M,M,M,M"/><TAIKYOKU oya="0"/><INIT seed="0,0,0,4,1,29" ten="250,250,250,250" oya="0" hai0="83,39,125,11,60,42,97,108,23,31,87,79,33" hai1="5,18,75,73,128,59,19,16,135,27,68,94,17" hai2="85,0,129,86,36,115,72,122,20,63,1,124,40" hai3="6,130,25,26,45,14,84,111,54,133,121,28,134"/><T38/><D125/><U12/><E68/><V117/><F63/><W30/><G111/><T88/><D108/><U92/><E135/><N who="3" m="51722" /><G130/><T98/><D33/><U78/><E128/><V13/><F20/><W3/><G84/><T127/><D127/><U67/><E5/><V71/><F13/><W62/><G62/><T21/><D39/><U55/><E67/><V56/><F40/><W110/><G54/><T22/><D31/><N who="3" m="11817" /><G45/><T52/><D38/><U105/><E27/><N who="3" m="10250" /><G110/><T93/><D42/><U99/><E105/><V103/><F56/><W50/><G50/><T7/><D97/><U74/><E78/><V51/><F51/><W106/><G106/><T41/><D41/><U113/><E99/><V112/><F85/><W61/><G61/><T70/><D70/><U34/><E92/><V4/><F86/><W2/><G121/><T80/><D83/><U9/><E94/><V53/><F36/><W109/><G109/><T35/><D60/><U8/><E74/><V104/><F72/><W24/><N who="3" m="10258" /><W120/><DORA hai="10" /><G120/><T57/><D57/><U90/><E73/><V91/><F104/><W81/><G81/><T95/><D93/><U37/><E75/><V82/><F71/><W64/><G64/><T32/><REACH who="0" step="1"/><D52/><REACH who="0" ten="240,250,250,250" step="2"/><U100/><E55/><V69/><F82/><W101/><G101/><T43/><D43/><U66/><E100/><V47/><F103/><W131/><G131/><T89/><D89/><U15/><E90/><V118/><F129/><W44/><G44/><T119/><D119/><U48/><E37/><V65/><F117/><W102/><G102/><RYUUKYOKU ba="0,1" sc="240,15,250,-15,250,-15,250,15" hai0="7,11,21,22,23,32,35,79,80,87,88,95,98" hai3="2,3,6,14" /><INIT seed="0,1,1,1,2,113" ten="255,235,235,265" oya="0" hai0="7,97,112,63,24,96,31,98,125,76,47,107,118" hai1="119,4,52,92,12,73,123,49,28,54,129,64,132" hai2="10,120,45,103,126,90,39,69,86,58,32,1,134" hai3="55,50,30,108,60,23,78,101,11,15,37,33,36"/><T135/><D112/><U13/><E123/><V66/><F120/><W83/><G108/><T133/><D107/><U5/><E73/><V6/><F69/><W14/><G33/><T21/><D125/><U106/><E106/><V9/><F126/><W68/><G101/><T94/><D76/><U2/><E2/><V102/><F32/><W130/><G130/><T8/><D63/><U20/><E129/><V44/><F134/><N who="0" m="51210" /><D47/><U62/><E132/><V85/><F66/><W53/><G68/><T109/><D109/><U17/><E28/><V46/><F39/><W124/><G30/><T48/><D48/><U67/><E119/><V27/><F27/><W19/><G60/><T80/><D80/><U81/><E81/><V35/><F35/><W29/><G29/><T93/><D118/><U51/><E92/><V41/><F41/><W56/><G55/><T26/><D24/><U75/><E75/><V71/><F71/><W82/><G82/><T74/><D74/><U122/><E122/><V95/><F58/><W79/><G79/><T104/><D104/><U40/><E62/><V127/><F127/><W34/><G34/><T131/><D131/><U18/><E20/><V115/><F115/><W116/><G116/><T89/><D94/><U121/><E121/><V0/><F86/><N who="3" m="48503" /><G124/><T88/><D93/><U16/><E18/><V22/><F22/><W100/><G100/><T110/><D110/><U38/><E38/><V65/><F65/><W87/><G37/><T43/><D43/><AGARI ba="1,1" hai="4,5,12,13,16,17,40,43,49,51,52,54,64,67" machi="43" ten="25,8000,1" yaku="22,2,8,1,54,2" doraHai="113" who="1" fromWho="0" sc="255,-83,235,93,235,0,265,0" /><INIT seed="1,0,0,1,4,72" ten="172,328,235,265" oya="1" hai0="57,76,54,86,25,132,89,99,24,43,116,79,129" hai1="37,33,73,85,92,6,122,128,34,107,100,68,52" hai2="15,64,120,113,71,106,118,27,95,125,117,124,56" hai3="39,48,102,88,5,96,41,59,90,81,110,14,30"/><U127/><E122/><V16/><F106/><W21/><G110/><T133/><D116/><N who="2" m="44650" /><F71/><W40/><G39/><T112/><D112/><U10/><E68/><V65/><F95/><N who="3" m="58655" /><G5/><T31/><D129/><U130/><E37/><V78/><F120/><W13/><G30/><T119/><D43/><N who="3" m="16457" /><G81/><T23/><D25/><U70/><E70/><V2/><F2/><W46/><G59/><T9/><D9/><U55/><E10/><N who="2" m="6263" /><F27/><W50/><G50/><T121/><D119/><U12/><E73/><V1/><F1/><W18/><G14/><T75/><D99/><U32/><E12/><V26/><F26/><W87/><G87/><T108/><D108/><U104/><E85/><V29/><F29/><W91/><G91/><T45/><D121/><U94/><E107/><V134/><F134/><N who="0" m="51818" /><D75/><U53/><E104/><V74/><F113/><W77/><G77/><N who="0" m="29771" /><D45/><U62/><E128/><V35/><F35/><W123/><G123/><T66/><D66/><U47/><E33/><V51/><F78/><W38/><G38/><T103/><D103/><U0/><E34/><V98/><F98/><W101/><G101/><T105/><D105/><U115/><E32/><V61/><F74/><W67/><G67/><T28/><D31/><U93/><E100/><V109/><F109/><W114/><G114/><T44/><D44/><U60/><E47/><V69/><F64/><W58/><G46/><T20/><D28/><U63/><E115/><V3/><F3/><W19/><G19/><T11/><D24/><U80/><E130/><V8/><F8/><W7/><G7/><T135/><D135/><RYUUKYOKU ba="0,0" sc="172,-15,328,-15,235,15,265,15" hai2="51,56,61,65,69,124,125" hai3="13,18,21,48,58,88,90" /><INIT seed="2,1,0,3,0,109" ten="157,313,250,280" oya="2" hai0="55,115,68,66,18,17,53,100,51,107,112,20,0" hai1="37,134,124,129,101,71,94,6,9,13,83,128,8" hai2="85,102,80,60,58,4,44,103,12,87,29,64,32" hai3="23,50,120,127,38,15,95,42,48,122,61,2,74"/><V24/><F87/><W126/><G2/><T49/><D0/><U114/><E114/><V130/><F130/><W108/><G108/><T88/><D100/><U119/><E119/><V89/><REACH who="2" step="1"/><F44/><REACH who="2" ten="157,313,240,280" step="2"/><W33/><G122/><T121/><D121/><U84/><E129/><V125/><F125/><W73/><G126/><T117/><D117/><U3/><E84/><V81/><F81/><W93/><G127/><T98/><D115/><U78/><E83/><V96/><F96/><W99/><G120/><T106/><D112/><U40/><E128/><V76/><F76/><W86/><G86/><T97/><D98/><U113/><E78/><V116/><F116/><W75/><G99/><T22/><D97/><U45/><E45/><V132/><F132/><W104/><G75/><T11/><D106/><U70/><E134/><V118/><F118/><W21/><G74/><T105/><D105/><U19/><E124/><V1/><F1/><W72/><G73/><T69/><D107/><U111/><E113/><V26/><F26/><W91/><G72/><T56/><D88/><U59/><E111/><V46/><F46/><W79/><G91/><T35/><D35/><U65/><E3/><V77/><F77/><W131/><G33/><T7/><D56/><U5/><E59/><V47/><F47/><N who="3" m="24023" /><G131/><T27/><D27/><U54/><E101/><V14/><F14/><W123/><G104/><T34/><D34/><U16/><E94/><V90/><F90/><W52/><G79/><T62/><D68/><U135/><E71/><V31/><F31/><W10/><G123/><T57/><D69/><RYUUKYOKU ba="1,1" sc="157,-10,313,-10,240,30,280,-10" hai2="4,12,24,29,32,58,60,64,80,85,89,102,103" /><INIT seed="2,2,1,5,3,95" ten="147,303,270,270" oya="2" hai0="0,22,24,126,121,125,28,99,25,1,97,88,64" hai1="63,84,114,10,59,130,45,105,81,51,44,102,37" hai2="23,129,103,119,94,41,72,48,78,50,70,11,26" hai3="52,106,69,53,118,75,116,12,8,47,110,79,34"/><V13/><F119/><W14/><G34/><T27/><D121/><U133/><E114/><V49/><F70/><W86/><G75/><T100/><D64/><U73/><E73/><V42/><F129/><W55/><G106/><T20/><D100/><U101/><E105/><V67/><F67/><W117/><G69/><T85/><D0/><U32/><E32/><V35/><F35/><W62/><G110/><T80/><D1/><U98/><E37/><V3/><F3/><W6/><G14/><T15/><D15/><U90/><E133/><V56/><F56/><W16/><G6/><T38/><D38/><U135/><E135/><V29/><F78/><W46/><REACH who="3" step="1"/><G62/><REACH who="3" ten="147,303,270,260" step="2"/><T2/><D2/><U124/><E63/><V108/><F72/><W40/><G40/><T134/><D134/><U9/><E130/><V120/><F108/><W104/><G104/><T115/><D115/><U7/><E7/><N who="2" m="3327" /><F120/><W66/><G66/><T93/><D25/><U33/><E33/><V18/><F41/><W19/><G19/><T77/><REACH who="0" step="1"/><D99/><REACH who="0" ten="137,303,270,260" step="2"/><U36/><E98/><N who="2" m="59863" /><F42/><W91/><G91/><T109/><D109/><U111/><E90/><V131/><F131/><W5/><G5/><T127/><D127/><U96/><E124/><V128/><F128/><W65/><G65/><T92/><D92/><U132/><E111/><V123/><F123/><W4/><G4/><T58/><D58/><U89/><E59/><V76/><F76/><W17/><G17/><AGARI ba="2,3" hai="17,20,22,24,27,28,77,80,85,88,93,97,125,126" machi="17" ten="40,5200,0" yaku="1,1,52,1,54,1,53,0" doraHai="95" doraHaiUra="113" who="0" fromWho="3" sc="137,88,303,0,270,0,260,-58" /><AGARI ba="2,0" hai="17,18,23,26,29,48,49,50" m="59863,3327" machi="17" ten="30,2900,0" yaku="8,1,52,1" doraHai="95" who="2" fromWho="3" sc="225,0,303,0,270,29,202,-29" /><INIT seed="2,3,0,0,2,121" ten="225,303,299,173" oya="2" hai0="112,76,99,134,43,126,34,82,24,116,65,15,109" hai1="33,115,125,51,55,135,59,77,64,111,87,70,28" hai2="4,57,23,47,46,123,127,80,1,118,71,27,113" hai3="49,124,0,50,119,3,41,22,2,92,62,44,110"/><V16/><F113/><W30/><G119/><T21/><D112/><U66/><E115/><V102/><F118/><W90/><G124/><T81/><D116/><U97/><E70/><V78/><F123/><W29/><G62/><T67/><D126/><U107/><E125/><V131/><F71/><W117/><G117/><T6/><D134/><U8/><E135/><V45/><F127/><W13/><G110/><T35/><D43/><U37/><E111/><V128/><F102/><W48/><G13/><T38/><D38/><U25/><E37/><V42/><F57/><W86/><REACH who="3" step="1"/><G22/><REACH who="3" ten="225,303,299,163" step="2"/><T56/><D109/><U108/><E108/><V93/><F1/><W68/><G68/><T130/><D34/><U7/><E33/><V133/><F133/><W96/><G96/><T98/><D35/><U58/><E97/><V17/><F23/><W63/><G63/><N who="0" m="38119" /><D98/><U101/><E66/><V79/><F131/><W95/><G95/><T39/><D67/><U12/><E64/><V69/><F93/><W84/><G84/><T5/><D99/><U94/><E94/><V18/><F128/><W19/><G19/><T73/><D130/><U10/><E87/><V53/><F69/><W40/><G40/><T132/><D15/><U88/><E12/><V54/><F42/><W100/><G100/><T74/><D132/><U103/><E101/><V31/><F17/><W52/><G52/><T89/><D74/><U120/><E103/><V36/><F18/><W75/><G75/><T9/><D73/><U106/><E55/><N who="2" m="21003" /><F16/><W85/><G85/><T104/><D9/><U20/><E10/><RYUUKYOKU ba="3,1" sc="225,-10,303,-10,299,-10,163,30" hai3="0,2,3,29,30,41,44,48,49,50,86,90,92" /><INIT seed="3,4,1,5,0,101" ten="215,293,289,193" oya="3" hai0="114,33,29,113,70,59,8,15,11,130,107,121,108" hai1="73,9,17,56,126,125,124,123,10,90,27,60,85" hai2="66,131,31,38,120,77,24,103,18,111,57,86,71" hai3="25,41,112,55,129,0,84,51,109,74,48,80,96"/><W76/><G112/><N who="0" m="43115" /><D108/><U105/><E73/><V127/><F111/><W62/><G109/><T30/><D70/><U116/><E105/><V45/><F127/><W99/><G129/><T128/><D59/><U98/><E98/><N who="3" m="37418" /><G74/><T47/><D47/><U75/><E75/><V97/><F131/><N who="0" m="50218" /><D107/><U115/><E115/><V39/><F120/><W100/><G0/><T82/><D82/><N who="1" m="49463" /><E123/><V69/><F57/><N who="3" m="35135" /><G100/><T88/><D121/><U4/><E116/><V35/><F18/><W36/><G36/><T7/><D88/><U67/><E4/><V54/><F71/><W16/><G41/><T63/><D63/><U12/><E27/><V93/><F66/><W53/><G53/><T118/><D118/><U104/><E104/><V52/><F69/><W133/><G133/><T13/><D33/><U87/><E87/><V5/><F38/><W94/><G94/><T42/><D42/><U65/><E65/><V132/><F132/><W58/><G58/><T23/><D23/><AGARI ba="4,1" hai="9,10,12,17,23,56,60,67,124,125,126" m="49463" machi="23" ten="30,1000,0" yaku="18,1" doraHai="101" who="1" fromWho="0" sc="215,-22,293,32,289,0,193,0" /><AGARI ba="4,0" hai="16,23,25,48,51,76,80,84" m="35135,37418" machi="23" ten="30,2900,0" yaku="8,1,54,1" doraHai="101" who="3" fromWho="0" sc="193,-29,325,0,289,0,193,29" /><INIT seed="3,5,0,2,2,27" ten="164,325,289,222" oya="3" hai0="1,102,100,46,73,56,70,66,83,39,2,37,97" hai1="93,99,126,26,129,106,86,77,82,98,13,125,7" hai2="41,69,92,45,29,113,8,135,22,103,42,114,9" hai3="94,58,132,28,50,17,63,64,33,122,6,35,120"/><W51/><G132/><T123/><D56/><U3/><E3/><V116/><F69/><W131/><G131/><T71/><D100/><N who="1" m="62743" /><E26/><V31/><F116/><W88/><G6/><T59/><D59/><U72/><E13/><V34/><F34/><W23/><G35/><T90/><D90/><N who="1" m="55735" /><E7/><V87/><F135/><W4/><G4/><T44/><D44/><U78/><E129/><V127/><F127/><N who="1" m="48649" /><E78/><V25/><F29/><W55/><G51/><T65/><D65/><U16/><E16/><V75/><F75/><AGARI ba="5,0" hai="72,75,77,82,86" m="48649,55735,62743" machi="75" ten="30,3900,0" yaku="18,1,34,2" doraHai="27" who="1" fromWho="2" sc="164,0,325,54,289,-54,222,0" owari="164,-33.6,379,47.9,235,3.5,222,-17.8" /></mjloggm>