<mjloggm ver="2.3"><GO type="225" lobby="0"/><UN n0="%E5%B0%8F%E9%B3%A5%E9%81%8A%E7%B7%B4%E7%84%A1%32%31%E6%AD%B3" n1="%E3%83%96%E3%83%83%E3%83%91%E3%82%AA%E3%83%96%E3%83%81%E3%82%AD%E3%83%B3" n2="%E6%A1%9C%E8%8A%B1%E9%96%83%E3%80%85" n3="%72%61%6B%33" dan="16,16,16,16" rate="2181.76,2197.72,2179.86,2085.69" sx="F,M,M,M"/><TAIKYOKU oya="0"/><INIT seed="0,0,0,2,3,90" ten="250,250,250,250" oya="0" hai0="32,111,10,131,132,71,130,88,95,94,62,87,105" hai1="34,37,115,75,86,57,43,40,113,93,102,15,103" hai2="72,123,63,60,5,119,44,127,61,17,126,129,11" hai3="120,106,97,69,38,89,125,83,47,19,133,20,77"/><T98/><D105/><U50/><E75/><V99/><F123/><W6/><G69/><T49/><D32/><U39/><E34/><V54/><F72/><W27/><G125/><N who="2" m="47625" /><F129/><N who="0" m="49162" /><D132/><U28/><E28/><V121/><F121/><W128/><G128/><T134/><D134/><U135/><E135/><V31/><F31/><W58/><G133/><T3/><D49/><U116/><E116/><V124/><N who="2" m="47633" /><V108/><DORA hai="122" /><F108/><W85/><G120/><T92/><D111/><U79/><E15/><N who="2" m="5615" /><F119/><W82/><G6/><N who="0" m="1375" /><D98/><U80/><E37/><V104/><F17/><W16/><G19/><T81/><D71/><U112/><E39/><V0/><F0/><W22/><G22/><T117/><D117/><U23/><E23/><V107/><F99/><W114/><G114/><T78/><D62/><U52/><E103/><V64/><F64/><W56/><G106/><N who="2" m="40489" /><F44/><W7/><G7/><T13/><D13/><U74/><E74/><V84/><F84/><W9/><G9/><T100/><D100/><U12/><E12/><V96/><F96/><AGARI ba="0,0" hai="40,43,50,52,57,79,80,86,93,96,102,112,113,115" machi="96" ten="40,5200,0" yaku="11,1,52,1,54,1" doraHai="90,122" who="1" fromWho="2" sc="250,0,250,52,250,-52,250,0" /><INIT seed="1,0,0,1,2,114" ten="250,302,198,250" oya="1" hai0="81,2,97,74,84,105,33,56,120,18,53,54,25" hai1="77,112,133,125,34,0,89,66,103,23,96,132,61" hai2="68,28,35,90,49,129,104,45,117,20,86,101,64" hai3="46,131,100,40,42,16,130,116,110,99,91,59,44"/><U36/><E112/><V122/><F122/><W37/><G110/><T88/><D2/><U123/><E123/><V70/><F35/><W80/><G59/><T4/><D4/><U98/><E34/><V52/><F129/><W12/><G116/><T75/><D120/><U48/><E36/><V69/><F117/><W83/><G91/><T27/><D27/><U39/><E39/><V113/><F113/><W108/><G108/><T63/><D53/><U11/><E77/><V119/><F119/><W67/><G67/><T115/><D115/><U107/><E125/><V85/><F64/><W10/><G130/><T13/><D33/><U82/><E48/><V78/><F78/><W26/><G26/><T60/><D25/><U111/><E111/><V29/><F20/><W30/><G30/><T118/><D63/><U31/><E31/><V6/><F6/><W92/><REACH who="3" step="1"/><G131/><REACH who="3" ten="250,302,198,240" step="2"/><T32/><D118/><U71/><E89/><V51/><F28/><W3/><G3/><T65/><D65/><U55/><E0/><V50/><F29/><W21/><G21/><T87/><D32/><U19/><E23/><V79/><F79/><W41/><G41/><T109/><D109/><U135/><E66/><V14/><F14/><W127/><G127/><T106/><D13/><U121/><E121/><V93/><REACH who="2" step="1"/><F86/><REACH who="2" ten="250,302,188,240" step="2"/><W134/><G134/><T1/><D84/><U47/><E133/><V5/><F5/><W7/><G7/><T124/><D87/><U58/><E135/><V73/><F73/><W38/><AGARI ba="0,2" hai="10,12,16,37,38,40,42,44,46,80,83,92,99,100" machi="38" ten="20,8000,1" yaku="1,1,0,1,7,1,9,1,54,1,53,0" doraHai="114" doraHaiUra="57" who="3" fromWho="3" sc="250,-20,302,-40,188,-20,240,100" /><INIT seed="2,0,0,3,2,5" ten="230,262,168,340" oya="2" hai0="81,78,6,108,35,82,12,72,117,92,4,118,87" hai1="90,85,80,61,23,121,62,119,83,89,18,67,46" hai2="114,104,112,10,73,8,20,94,25,76,70,131,106" hai3="53,103,77,40,124,133,113,84,41,37,0,107,135"/><V9/><F70/><W51/><G124/><T105/><D105/><U68/><E121/><V134/><F134/><N who="3" m="51211" /><G0/><T24/><D108/><U129/><E129/><V3/><F3/><W50/><G50/><T66/><D66/><U98/><E119/><N who="0" m="45577" /><D92/><U130/><E130/><V75/><F131/><W71/><G37/><T45/><D45/><U31/><E62/><V97/><F106/><W1/><G1/><T55/><D55/><U38/><E31/><V36/><F104/><W7/><G7/><T115/><D115/><U29/><E29/><V88/><F36/><W74/><G74/><T132/><D132/><U32/><E32/><V52/><F52/><W101/><G71/><T42/><D42/><N who="3" m="16489" /><G107/><T17/><D24/><U30/><E38/><V95/><F95/><W60/><G60/><T27/><D27/><U28/><E46/><V120/><F120/><W110/><G110/><T13/><D35/><U16/><E61/><V69/><F69/><W111/><G113/><T58/><D58/><U65/><E68/><V39/><F39/><W122/><G111/><T47/><D47/><U44/><E44/><V14/><F14/><W2/><G2/><T126/><D13/><U15/><E15/><V48/><F48/><W56/><G122/><T57/><D57/><U26/><E26/><V109/><F109/><W54/><G54/><T99/><D126/><U116/><E116/><V22/><F73/><W43/><G43/><T21/><D99/><U34/><E98/><V100/><F100/><W127/><G127/><T33/><D33/><U63/><E34/><V19/><F22/><RYUUKYOKU ba="0,0" sc="230,10,262,-30,168,10,340,10" hai0="4,6,12,17,21,72,78,81,82,87" hai2="8,9,10,19,20,25,75,76,88,94,97,112,114" hai3="51,53,56,77,84,101,103" /><INIT seed="2,1,0,0,0,95" ten="240,232,178,350" oya="2" hai0="92,73,82,74,81,44,121,53,71,112,33,70,123" hai1="8,14,111,80,13,15,61,39,69,57,30,12,114" hai2="38,75,51,43,18,40,102,32,119,113,16,7,58" hai3="68,85,59,21,120,106,41,135,9,20,26,27,0"/><V67/><F113/><W52/><G68/><T108/><D33/><U62/><E114/><V91/><F119/><W23/><G106/><T84/><D112/><U133/><E111/><V93/><F75/><W48/><G120/><T115/><D115/><U94/><E39/><V4/><F32/><W50/><G135/><T124/><D44/><U34/><E133/><V1/><F102/><W10/><G85/><T122/><D53/><U96/><E69/><V25/><F38/><W105/><G105/><T90/><D108/><U103/><E80/><N who="0" m="30825" /><D70/><U128/><E128/><V47/><F40/><W5/><G10/><T66/><D66/><U11/><E57/><V98/><F1/><W101/><G101/><T6/><D6/><N who="2" m="2090" /><F25/><W64/><G64/><T42/><D42/><U116/><E116/><V97/><F97/><W83/><G83/><T77/><D71/><U49/><E34/><V126/><F126/><W87/><G87/><N who="0" m="52319" /><D124/><U99/><E11/><V134/><F134/><W35/><G35/><T37/><D37/><U117/><E8/><V76/><F76/><W78/><G78/><T17/><D17/><U89/><E117/><V28/><F28/><W55/><G41/><T3/><D3/><U79/><E30/><V86/><F86/><W88/><G0/><T130/><D130/><U131/><E79/><V22/><F22/><W56/><G9/><T72/><D84/><U29/><E29/><V54/><F43/><W118/><G5/><T2/><D2/><U104/><N who="1" m="3072" /><DORA hai="110" /><U63/><E131/><V31/><F31/><W100/><G26/><T107/><D77/><RYUUKYOKU ba="1,0" sc="240,10,232,10,178,10,350,-30" hai0="72,73,74,107,121,122,123" hai1="49,61,62,63,89,94,96,99,103,104" hai2="16,18,47,51,54,58,67,91,93,98" /><INIT seed="2,2,0,0,5,18" ten="250,242,188,320" oya="2" hai0="49,2,107,66,110,76,134,58,7,70,9,88,43" hai1="61,72,60,97,131,52,105,55,62,114,120,56,126" hai2="104,112,123,32,93,31,119,30,38,48,94,133,92" hai3="115,74,23,124,0,103,28,69,86,99,15,96,73"/><V116/><F38/><W16/><G0/><T130/><D107/><U1/><E114/><V111/><F112/><W129/><G115/><T84/><D134/><U82/><E1/><V95/><F123/><W19/><G69/><T34/><D130/><U12/><E131/><V125/><F104/><W50/><G129/><T127/><D127/><U46/><E120/><V6/><F133/><W63/><G99/><T3/><D70/><U22/><E126/><V65/><F125/><W47/><G63/><N who="1" m="24138" /><E105/><V26/><F65/><W45/><G45/><T14/><D66/><N who="1" m="39239" /><E72/><V121/><F121/><W80/><G19/><T21/><D34/><U4/><E97/><V98/><F6/><W36/><G28/><T118/><D76/><U29/><E82/><V67/><F67/><W10/><G36/><T33/><D33/><U132/><E132/><V59/><F31/><W54/><G124/><T87/><D118/><U8/><E46/><V64/><F111/><W135/><G10/><T53/><D110/><U85/><E85/><V20/><F32/><W57/><G47/><T122/><D84/><U75/><E75/><V17/><F64/><W77/><G135/><T27/><D43/><U25/><AGARI ba="2,0" hai="4,8,12,22,25,29,52,55" m="39239,24138" machi="25" ten="30,4000,0" yaku="8,1,52,1,54,1" doraHai="18" who="1" fromWho="1" sc="250,-12,242,46,188,-22,320,-12" /><INIT seed="3,0,0,4,4,89" ten="238,288,166,308" oya="3" hai0="74,37,76,69,81,17,128,99,26,70,79,120,68" hai1="100,71,104,129,5,112,27,35,135,93,18,2,16" hai2="1,65,7,41,38,98,88,52,34,56,119,42,0" hai3="132,113,4,31,118,19,85,8,48,43,77,57,121"/><W72/><G113/><T11/><D120/><U3/><E71/><V49/><F119/><W97/><G118/><T94/><D37/><U12/><E104/><V15/><F34/><W40/><G72/><T58/><D128/><U55/><E55/><V78/><F78/><W86/><G132/><T127/><D76/><U105/><E105/><V91/><F65/><W84/><G121/><T82/><D82/><U29/><E93/><N who="2" m="56615" /><F0/><N who="1" m="41" /><E100/><V53/><F1/><W73/><G4/><T6/><D127/><U114/><E129/><V39/><F39/><W80/><G31/><T131/><D131/><U101/><E101/><V9/><F38/><W95/><G8/><T102/><D58/><U30/><E30/><V115/><F115/><N who="1" m="44073" /><E135/><V107/><F107/><W83/><G19/><T44/><D44/><U36/><E36/><V33/><F33/><W110/><G80/><T24/><REACH who="0" step="1"/><D6/><REACH who="0" ten="228,288,166,308" step="2"/><U134/><E134/><V59/><F91/><W60/><G83/><T90/><D90/><U125/><E125/><V124/><F124/><W122/><G77/><T47/><D47/><U87/><E35/><V45/><F45/><W64/><G122/><T109/><D109/><U51/><E5/><V111/><F111/><W133/><G110/><T54/><D54/><U116/><E116/><V61/><AGARI ba="0,1" hai="7,9,15,41,42,49,52,53,56,59,61" m="56615" machi="61" ten="30,7900,0" yaku="8,1,52,1,54,2" doraHai="89" who="2" fromWho="2" sc="228,-20,288,-20,166,89,308,-39" /><INIT seed="4,0,0,4,0,104" ten="208,268,255,269" oya="0" hai0="66,120,18,68,90,119,15,82,48,49,40,41,17" hai1="12,19,92,65,113,134,79,107,97,50,131,38,109" hai2="55,87,118,61,10,128,56,34,22,6,62,91,47" hai3="94,103,73,114,124,67,35,129,33,102,117,42,5"/><T3/><D3/><U30/><E38/><V105/><F34/><W63/><G117/><T32/><D32/><U96/><E109/><V83/><F118/><W45/><G114/><T130/><D119/><U115/><E131/><V14/><F128/><W11/><G129/><T21/><D130/><U108/><E108/><V98/><F47/><W69/><G124/><T125/><D120/><U133/><E65/><V52/><F22/><W135/><G135/><N who="1" m="51722" /><E30/><V84/><F105/><W126/><G126/><T51/><D125/><U59/><E107/><V111/><F111/><W44/><G44/><T31/><D31/><U122/><E122/><V37/><F37/><W74/><G102/><T78/><D90/><N who="1" m="55319" /><E97/><V76/><F98/><W60/><G60/><N who="2" m="23145" /><F56/><W88/><G103/><T89/><D89/><U25/><E25/><V100/><F100/><W53/><G33/><T75/><D66/><U27/><E27/><V99/><F99/><W112/><G35/><T110/><D68/><U29/><E29/><V7/><F7/><W2/><G53/><T121/><D110/><U80/><E59/><V46/><F46/><W4/><G4/><T8/><REACH who="0" step="1"/><D121/><REACH who="0" ten="198,268,255,269" step="2"/><U72/><E115/><V64/><F64/><W39/><G112/><T20/><D20/><N who="1" m="11367" /><E113/><V23/><F23/><W28/><G28/><T81/><D81/><AGARI ba="0,1" hai="6,10,14,52,55,76,81,83,84,87,91" m="23145" machi="81" ten="30,2000,0" yaku="8,1,54,1" doraHai="104" who="2" fromWho="0" sc="198,-20,268,0,255,30,269,0" /><INIT seed="5,0,0,5,2,87" ten="178,268,285,269" oya="1" hai0="5,19,77,122,47,17,43,0,120,100,85,76,121" hai1="103,106,131,16,79,52,22,101,28,36,27,50,91" hai2="41,82,25,128,95,57,119,109,59,14,71,12,54" hai3="102,96,75,123,62,49,68,116,127,113,97,86,88"/><U69/><E131/><V90/><F109/><W21/><G123/><T99/><D0/><U46/><E69/><V73/><F119/><W8/><G116/><T70/><D70/><U9/><E36/><V92/><F71/><W112/><G75/><T118/><D5/><U117/><E117/><V111/><F111/><W63/><G127/><T23/><D118/><U18/><E79/><V74/><F41/><W3/><G21/><T129/><D129/><U56/><E106/><V33/><F95/><W64/><G62/><T93/><D17/><N who="1" m="6763" /><E9/><V1/><F1/><W133/><G133/><T55/><D55/><N who="1" m="30167" /><E91/><V67/><F74/><W83/><G49/><AGARI ba="0,0" hai="22,27,28,49,52,56,101,103" m="30167,6763" machi="49" ten="30,5800,0" yaku="8,1,54,2" doraHai="87" who="1" fromWho="3" sc="178,0,268,58,285,0,269,-58" owari="178,-32.2,326,42.6,285,8.5,211,-18.9" /></mjloggm>