<mjloggm ver="2.3"><GO type="225" lobby="0"/><UN n0="%E3%83%96%E3%83%83%E3%83%91%E3%82%AA%E3%83%96%E3%83%81%E3%82%AD%E3%83%B3" n1="%E8%81%B7%E6%A5%AD%E3%80%81%E9%A2%A8%32" n2="%E7%99%BD%E5%80%89%E5%AF%9B%E4%B9%8B" n3="%E6%B4%BE%E9%81%A3%E3%81%AE%E3%82%B8%E3%83%A3%E3%83%83%E3%82%AF" dan="16,16,16,17" rate="2190.06,2133.50,2144.74,2193.42" sx="M,M,M,M"/><TAIKYOKU oya="0"/><INIT seed="0,0,0,3,4,123" ten="250,250,250,250" oya="0" hai0="128,85,23,129,135,16,83,68,22,67,107,80,115" hai1="51,100,96,111,60,26,94,82,108,12,27,113,57" hai2="25,29,126,32,0,3,77,102,78,55,11,72,98" hai3="18,120,101,90,49,106,93,70,134,125,24,91,9"/><T10/><D115/><U20/><E113/><V74/><F126/><W105/><G49/><T19/><D107/><U13/><E82/><V37/><F37/><W6/><G70/><T5/><D135/><U104/><E51/><V86/><F55/><W42/><G42/><T33/><D33/><U50/><E50/><V7/><F3/><W130/><G125/><T88/><D68/><U41/><E41/><V133/><F133/><W38/><G38/><T66/><D5/><U31/><E27/><V131/><F131/><N who="0" m="50250" /><D10/><U30/><E30/><V117/><F117/><W124/><G124/><T71/><D71/><U112/><E104/><V79/><REACH who="2" step="1"/><F86/><REACH who="2" ten="250,250,240,250" step="2"/><W84/><G84/><T4/><D83/><U121/><E112/><V39/><F39/><W43/><G134/><T58/><D4/><U15/><REACH who="1" step="1"/><E121/><REACH who="1" ten="250,240,240,250" step="2"/><V53/><F53/><AGARI ba="0,2" hai="12,13,15,20,26,31,53,57,60,94,96,100,108,111" machi="53" ten="40,8000,1" yaku="1,1,2,1,52,2,53,0" doraHai="123" doraHaiUra="81" who="1" fromWho="2" sc="250,0,240,100,240,-80,250,0" /><INIT seed="1,0,0,1,0,76" ten="250,340,160,250" oya="1" hai0="88,25,59,36,26,30,14,93,11,44,99,18,3" hai1="20,101,16,98,85,94,105,87,33,72,5,117,75" hai2="86,110,96,15,102,28,135,46,69,31,52,113,12" hai3="131,134,108,92,23,1,62,127,54,34,128,133,73"/><U115/><E115/><V130/><F69/><W70/><G34/><T19/><D3/><U0/><E33/><V107/><F113/><W81/><G1/><T84/><D36/><U111/><E117/><V47/><F135/><N who="3" m="51723" /><G108/><T114/><D114/><U56/><E111/><V41/><F110/><W78/><G23/><T106/><D44/><U32/><E32/><V125/><F125/><W58/><G92/><T60/><D30/><U90/><E87/><V129/><F86/><W71/><G127/><T57/><D19/><U55/><E5/><V122/><F122/><W48/><G48/><T103/><REACH who="0" step="1"/><D59/><REACH who="0" ten="240,340,160,250" step="2"/><U77/><E0/><V50/><F31/><W27/><G27/><T109/><D109/><U6/><E6/><V95/><F28/><W39/><G39/><T42/><D42/><U123/><E123/><V80/><F107/><W112/><G112/><T8/><D8/><U124/><E124/><V13/><REACH who="2" step="1"/><F80/><REACH who="2" ten="240,340,150,250" step="2"/><W45/><G70/><T116/><D116/><U38/><E105/><V83/><F83/><W104/><G71/><T61/><D61/><U91/><E94/><V10/><F10/><W37/><G104/><T7/><D7/><U64/><E16/><V121/><F121/><W63/><G62/><T22/><D22/><U126/><E20/><V21/><F21/><W53/><G37/><AGARI ba="0,2" hai="12,13,15,37,41,46,47,50,52,95,96,102,129,130" machi="37" ten="40,2600,0" yaku="1,1,54,1,53,0" doraHai="76" doraHaiUra="100" who="2" fromWho="3" sc="240,0,340,0,150,46,250,-26" /><INIT seed="2,0,0,5,3,76" ten="240,340,196,224" oya="2" hai0="85,135,40,47,97,115,74,73,58,91,103,17,84" hai1="49,31,54,36,13,45,18,19,78,130,79,65,12" hai2="63,132,128,101,15,55,59,20,37,112,27,90,30" hai3="120,108,23,111,69,89,121,52,80,25,119,61,3"/><V0/><F0/><W99/><G119/><T21/><D115/><U53/><E130/><V123/><F112/><W122/><G3/><T98/><D58/><U114/><E114/><V105/><F37/><W117/><G117/><T8/><D8/><N who="1" m="6407" /><E36/><V127/><F128/><W42/><G42/><T106/><D98/><U7/><E31/><V11/><F123/><W64/><G99/><T6/><D6/><U9/><E65/><V66/><F132/><W39/><G39/><T32/><D85/><U125/><E125/><V46/><F127/><W102/><G102/><T43/><D32/><U113/><E113/><V82/><F105/><W48/><G89/><T50/><D43/><N who="1" m="24767" /><E19/><N who="2" m="8703" /><F101/><W51/><G80/><T71/><D71/><U94/><E94/><V100/><F100/><W96/><G96/><T133/><D133/><U126/><E126/><V41/><F41/><W16/><REACH who="3" step="1"/><G51/><REACH who="3" ten="240,340,196,214" step="2"/><T10/><D135/><U83/><E83/><V118/><F118/><W107/><G107/><T57/><D106/><U2/><E2/><V24/><F90/><W29/><G29/><T22/><D91/><U14/><E79/><V56/><F82/><W104/><G104/><T33/><D97/><U116/><E78/><V88/><F88/><W38/><G38/><T72/><D103/><U110/><E116/><V81/><F81/><W34/><G34/><T60/><D33/><U87/><E87/><V67/><F46/><AGARI ba="0,1" hai="16,23,25,46,48,52,61,64,69,108,111,120,121,122" machi="46" ten="40,5200,0" yaku="1,1,54,2,53,0" doraHai="76" doraHaiUra="109" who="3" fromWho="2" sc="240,0,340,0,196,-52,214,62" /><INIT seed="3,0,0,3,3,31" ten="240,340,144,276" oya="3" hai0="63,98,14,73,49,130,102,69,12,72,42,16,8" hai1="64,81,32,39,0,24,59,132,36,83,34,105,1" hai2="118,30,58,76,61,107,75,74,2,66,126,106,125" hai3="55,128,124,29,43,94,134,87,18,57,7,19,112"/><W68/><G68/><T123/><D123/><U15/><E105/><V21/><F2/><W93/><G112/><T121/><D121/><U11/><E64/><V13/><F118/><W5/><G43/><T62/><D130/><U135/><E59/><V104/><F76/><W56/><G124/><T65/><D63/><U97/><E97/><V50/><F50/><W27/><G134/><N who="1" m="51242" /><E83/><V77/><F77/><W99/><G87/><T26/><D26/><U28/><E81/><V114/><F114/><W20/><G128/><T133/><D133/><U111/><E34/><V127/><REACH who="2" step="1"/><F30/><REACH who="2" ten="240,340,134,276" step="2"/><W90/><G29/><T17/><D49/><U116/><E116/><V78/><F78/><W41/><G41/><T88/><D42/><U119/><E1/><V86/><F86/><W89/><G99/><T100/><D88/><U4/><E0/><V38/><F38/><W95/><G89/><T51/><D51/><U122/><E28/><V109/><F109/><W52/><G90/><T92/><REACH who="0" step="1"/><D102/><REACH who="0" ten="230,340,134,276" step="2"/><U45/><E36/><V35/><F35/><W53/><G19/><AGARI ba="0,2" hai="13,19,21,58,61,66,74,75,104,106,107,125,126,127" machi="19" ten="50,3200,0" yaku="1,1,18,1,53,0" doraHai="31" doraHaiUra="44" who="2" fromWho="3" sc="230,0,340,0,134,52,276,-32" owari="230,-17.0,340,44.0,186,-31.4,244,4.4" /></mjloggm>