<mjloggm ver="2.3"><GO type="225" lobby="0"/><UN n0="%E6%81%A5%E6%99%92%E3%81%97" n1="%E3%83%96%E3%83%83%E3%83%91%E3%82%AA%E3%83%96%E3%83%81%E3%82%AD%E3%83%B3" n2="%E7%99%BD%E5%80%89%E5%AF%9B%E4%B9%8B" n3="%E6%A1%9C%E8%8A%B1%E9%96%83%E3%80%85" dan="16,16,16,16" rate="2124.99,2138.59,2182.57,2136.30" sx="M,M,M,M"/><TAIKYOKU oya="0"/><INIT seed="0,0,0,5,2,63" ten="250,250,250,250" oya="0" hai0="72,132,17,58,126,52,129,25,23,61,45,70,69" hai1="106,7,30,32,62,31,56,113,64,66,39,104,68" hai2="78,29,24,87,6,102,131,101,18,105,59,10,84" hai3="133,108,123,122,125,42,57,79,1,16,135,47,91"/><T98/><D72/><U65/><E39/><V107/><F18/><W2/><G79/><T49/><D126/><U14/><E113/><V83/><F131/><W26/><G91/><T73/><D129/><U111/><E111/><V117/><F117/><W36/><G108/><T27/><D132/><N who="3" m="50761" /><G57/><T100/><D73/><U13/><E68/><V85/><F59/><W55/><G55/><T94/><REACH who="0" step="1"/><D27/><REACH who="0" ten="240,250,250,250" step="2"/><U41/><E32/><V109/><F109/><W53/><G125/><T5/><D5/><U11/><E14/><V15/><F107/><W95/><G2/><T118/><D118/><U88/><E106/><V130/><F130/><W8/><G1/><T92/><D92/><U77/><E104/><V114/><F114/><W50/><G95/><T35/><D35/><U128/><E128/><V40/><F105/><W51/><G26/><T37/><D37/><U124/><E124/><V103/><REACH who="2" step="1"/><F40/><AGARI ba="0,1" hai="17,23,25,40,45,49,52,58,61,69,70,94,98,100" machi="40" ten="30,11600,0" yaku="1,1,7,1,54,1,53,1" doraHai="63" doraHaiUra="22" who="0" fromWho="2" sc="240,126,250,0,250,-116,250,0" /><INIT seed="0,1,0,3,0,2" ten="366,250,134,250" oya="0" hai0="10,66,16,26,35,18,29,106,67,58,65,54,3" hai1="98,21,73,4,110,126,104,97,119,89,116,86,19" hai2="49,70,22,77,8,36,12,109,48,52,96,44,76" hai3="101,111,39,133,82,93,85,84,7,99,68,23,94"/><T33/><D106/><U95/><E110/><V17/><F36/><W6/><G111/><T34/><D18/><U130/><E73/><V103/><F70/><W51/><G39/><T41/><D41/><U38/><E38/><V55/><F109/><W46/><G133/><T25/><D25/><U9/><E130/><V47/><REACH who="2" step="1"/><F8/><REACH who="2" ten="366,250,124,250" step="2"/><W13/><G68/><T92/><D10/><U134/><E9/><V32/><F32/><W64/><G64/><T118/><D35/><U69/><E21/><V114/><F114/><W42/><G94/><AGARI ba="1,1" hai="12,17,22,44,47,48,49,52,55,76,77,94,96,103" machi="94" ten="30,8000,1" yaku="1,1,7,1,9,1,8,1,54,1,53,0" doraHai="2" doraHaiUra="112" who="2" fromWho="3" sc="366,0,250,0,124,93,250,-83" /><INIT seed="1,0,0,3,5,38" ten="366,250,217,167" oya="1" hai0="52,34,19,117,105,44,45,77,1,107,37,26,98" hai1="67,101,93,73,92,9,85,94,60,6,79,115,4" hai2="16,96,127,83,123,50,30,55,24,41,66,90,78" hai3="125,102,126,65,27,54,95,35,87,17,131,69,43"/><U53/><E115/><V132/><F123/><W118/><G131/><T42/><D117/><U61/><E73/><V13/><F127/><N who="3" m="48651" /><G118/><T46/><D1/><U100/><E53/><V80/><F132/><W112/><G112/><T81/><D98/><U76/><E85/><V57/><F66/><W72/><G72/><T31/><D19/><U113/><E113/><V71/><F71/><W29/><G54/><T56/><D105/><U14/><E6/><V51/><F78/><W18/><G102/><T109/><D109/><U135/><E135/><V124/><F124/><W82/><G95/><T36/><D36/><U103/><REACH who="1" step="1"/><E60/><REACH who="1" ten="366,240,217,167" step="2"/><V68/><F55/><W2/><G2/><T119/><D119/><U75/><E75/><V128/><F128/><W40/><G87/><T32/><D52/><U59/><AGARI ba="0,1" hai="4,9,14,59,61,67,76,79,92,93,94,100,101,103" machi="59" ten="30,6000,0" yaku="1,1,0,1,8,1,53,0" doraHai="38" doraHaiUra="104" who="1" fromWho="1" sc="366,-20,240,70,217,-20,167,-20" /><INIT seed="1,1,0,0,4,113" ten="346,310,197,147" oya="1" hai0="67,35,8,33,5,52,69,10,132,60,75,14,62" hai1="45,47,9,53,56,15,54,96,36,17,50,6,115" hai2="112,122,38,85,92,21,40,0,30,49,65,57,7" hai3="107,123,42,90,51,108,88,114,131,74,135,130,109"/><U119/><E115/><V129/><F112/><W86/><G114/><T71/><D75/><U79/><E79/><V97/><F122/><W11/><G123/><T83/><D132/><U80/><E80/><V22/><F129/><N who="3" m="49163" /><G74/><T63/><D83/><U89/><E36/><V24/><F85/><W32/><G135/><T41/><D41/><U1/><E119/><V110/><F110/><N who="3" m="42603" /><G32/><T100/><D100/><U61/><E47/><V76/><F76/><W4/><G107/><T134/><D134/><U82/><E82/><V87/><F87/><W27/><G27/><T48/><D10/><U68/><E68/><V26/><F26/><W91/><G51/><T16/><D5/><U43/><E43/><V66/><F7/><W126/><G42/><T55/><D55/><U104/><E104/><V84/><F38/><W19/><G19/><T93/><D93/><N who="1" m="56367" /><E1/><V44/><F84/><W118/><G126/><T58/><D63/><N who="1" m="36239" /><E6/><V102/><F0/><N who="3" m="391" /><G86/><T46/><D46/><U111/><E111/><V59/><F40/><W98/><G118/><T99/><D99/><AGARI ba="1,0" hai="88,90,91,98,99" m="391,42603,49163" machi="99" ten="40,5200,0" yaku="19,1,14,1,54,1" doraHai="113" who="3" fromWho="0" sc="346,-55,310,0,197,0,147,55" /><INIT seed="2,0,0,0,1,49" ten="291,310,197,202" oya="2" hai0="70,32,102,101,90,116,17,131,127,50,124,18,91" hai1="72,80,71,96,11,79,56,28,6,76,122,115,99" hai2="66,8,129,83,5,13,47,98,114,103,54,104,40" hai3="97,51,119,112,58,69,105,15,25,12,78,10,19"/><V30/><F129/><W60/><G119/><T38/><D38/><U109/><E115/><V86/><F114/><W117/><G117/><T42/><D116/><U65/><E109/><V92/><F66/><W45/><G112/><T120/><D70/><U95/><E71/><V52/><F30/><W82/><G69/><T39/><D39/><U93/><E122/><V89/><F104/><W123/><G123/><T48/><D120/><U130/><E130/><V74/><F74/><W46/><G25/><T135/><D131/><U113/><E28/><V94/><F94/><W67/><G15/><T24/><D42/><U68/><E68/><V9/><F9/><W121/><G121/><T64/><D64/><U61/><E113/><V27/><F27/><W106/><G97/><T1/><D24/><U111/><E111/><V125/><F125/><W36/><G36/><AGARI ba="0,0" hai="5,8,13,36,40,47,52,54,83,86,89,92,98,103" machi="36" ten="30,11600,0" yaku="7,1,52,2,54,1" doraHai="49" who="2" fromWho="3" sc="291,0,310,0,197,116,202,-116" /><INIT seed="2,1,0,4,1,108" ten="291,310,313,86" oya="2" hai0="15,57,105,79,106,21,121,92,42,76,58,95,70" hai1="93,77,103,0,32,98,73,55,39,131,85,69,43" hai2="102,36,50,90,89,96,14,122,100,78,75,16,127" hai3="88,134,109,123,132,41,66,26,94,68,115,91,83"/><V38/><F122/><W8/><G123/><T7/><D121/><U120/><E120/><RYUUKYOKU type="kaze4" ba="1,0" sc="291,0,310,0,313,0,86,0" /><INIT seed="2,2,0,5,4,108" ten="291,310,313,86" oya="2" hai0="120,130,30,36,96,51,49,118,38,129,57,25,94" hai1="9,17,54,135,122,43,132,63,34,106,133,10,126" hai2="26,90,44,102,85,3,19,98,83,109,134,60,28" hai3="127,78,71,14,8,81,48,77,91,104,18,21,29"/><V70/><F3/><W86/><G127/><T105/><D120/><U121/><E106/><V12/><F109/><W74/><G71/><T73/><D105/><U50/><E34/><V101/><F134/><W23/><G104/><T87/><D73/><U99/><E99/><V31/><F98/><W58/><G74/><T32/><D118/><U41/><E126/><V112/><F112/><W82/><G29/><N who="2" m="11337" /><F70/><W75/><G75/><T1/><D87/><U84/><E84/><V33/><F26/><W16/><G82/><T89/><D1/><U47/><E121/><V128/><F33/><W97/><G97/><T125/><D125/><U27/><E122/><V39/><F39/><W55/><REACH who="3" step="1"/><G8/><REACH who="3" ten="291,310,313,76" step="2"/><T100/><D96/><U24/><E133/><V80/><F83/><W22/><G22/><T119/><D94/><U93/><E93/><V2/><F80/><W92/><G92/><T88/><D129/><U6/><E135/><V76/><F128/><W95/><G95/><T56/><D130/><U64/><E132/><V68/><F68/><W69/><G69/><T13/><D119/><U72/><E72/><V123/><F123/><W52/><G52/><T7/><D100/><U65/><E54/><V103/><F102/><W79/><G79/><T5/><D89/><U4/><E10/><V40/><F76/><W59/><G59/><T124/><D88/><U66/><E9/><V20/><F103/><W46/><G46/><T37/><D124/><U110/><E47/><V131/><F44/><W117/><G117/><T42/><D57/><N who="1" m="36975" /><E110/><V35/><F131/><W45/><G45/><RYUUKYOKU ba="2,1" sc="291,-10,310,-10,313,-10,76,30" hai3="14,16,18,21,23,48,55,58,77,78,81,86,91" /><INIT seed="3,3,1,4,5,114" ten="281,300,303,106" oya="3" hai0="80,96,66,89,73,40,61,79,124,116,115,11,102" hai1="31,111,87,105,23,36,6,78,47,84,93,127,112" hai2="46,69,88,50,21,30,3,104,72,16,85,123,92" hai3="12,37,118,68,52,1,2,5,4,113,119,71,18"/><W28/><G37/><T14/><D115/><U86/><E112/><V56/><F69/><N who="3" m="26699" /><G113/><T108/><D108/><U60/><E105/><V51/><F104/><W38/><G38/><T110/><D110/><U53/><E111/><V9/><F123/><W83/><G83/><T132/><D124/><U62/><E127/><V97/><F72/><W117/><G12/><T35/><D132/><U103/><E36/><V98/><F3/><N who="3" m="1035" /><G28/><T99/><D40/><U45/><E6/><N who="3" m="2666" /><G18/><T29/><D29/><U94/><E31/><V48/><F30/><W101/><G101/><T7/><D80/><U74/><E87/><V135/><F135/><W8/><G8/><T20/><D102/><U120/><E103/><V42/><F9/><W58/><G58/><T100/><D100/><U25/><E86/><V33/><F33/><W57/><G57/><T121/><D35/><U64/><E84/><V10/><F10/><W32/><G32/><T63/><D11/><U49/><E94/><V70/><F70/><W122/><G122/><T13/><D14/><U41/><E93/><V0/><F0/><W26/><G26/><T125/><D121/><U128/><E120/><V82/><F56/><W75/><G75/><T27/><D13/><U59/><E74/><V44/><F82/><W65/><G65/><T130/><D7/><U24/><E64/><V43/><F51/><W109/><G109/><T106/><D66/><U131/><E49/><V134/><F134/><W126/><G126/><T107/><D125/><U129/><E129/><V95/><F95/><W90/><G90/><T67/><D89/><RYUUKYOKU ba="3,1" sc="281,-15,300,-15,303,15,106,15" hai2="16,21,42,43,44,46,48,50,85,88,92,97,98" hai3="52,117,118,119" /><INIT seed="3,4,1,5,4,3" ten="266,285,318,121" oya="3" hai0="114,121,102,68,123,37,70,24,6,18,132,15,59" hai1="71,91,45,48,108,77,117,9,21,7,85,60,33" hai2="82,10,126,52,116,74,78,110,23,113,61,31,98" hai3="42,76,89,5,127,95,57,69,118,0,29,75,47"/><W120/><G120/><T79/><D37/><U41/><E108/><V13/><F110/><W119/><G69/><T125/><D79/><U122/><E122/><N who="0" m="46601" /><D102/><U2/><E117/><V12/><F116/><W87/><G29/><T112/><D125/><U49/><E33/><V130/><F130/><W86/><G86/><T80/><D80/><U81/><E21/><V26/><F126/><W62/><G127/><T65/><D132/><U84/><E60/><V83/><F113/><N who="0" m="43626" /><D24/><U8/><E8/><V104/><F83/><W30/><G30/><T93/><D93/><U67/><E67/><V34/><F34/><W4/><G75/><T35/><D35/><U134/><E134/><V73/><F74/><W54/><G76/><T39/><D39/><U96/><E96/><V14/><F98/><W32/><G32/><T124/><D124/><U109/><E109/><V38/><F38/><W103/><G103/><T105/><D105/><U56/><E84/><N who="2" m="48215" /><F104/><W97/><G87/><T36/><D36/><U55/><REACH who="1" step="1"/><E77/><REACH who="1" ten="266,275,318,121" step="2"/><V90/><F73/><W64/><G64/><T58/><D6/><N who="3" m="2665" /><G0/><T66/><D66/><U94/><E94/><V44/><F31/><W17/><G17/><T115/><D115/><U63/><E63/><V40/><F61/><W43/><G119/><T20/><D65/><U46/><E46/><V28/><F44/><W135/><G135/><T100/><D100/><U50/><E50/><V11/><F28/><W19/><G118/><T101/><D101/><U27/><E27/><V133/><F133/><W128/><G128/><T92/><D92/><U106/><E106/><RYUUKYOKU ba="4,2" sc="266,15,275,15,318,-15,121,-15" hai0="15,18,20,58,59,68,70" hai1="2,7,9,41,45,48,49,55,56,71,81,85,91" owari="281,-11.9,290,9.0,323,42.3,106,-39.4" /></mjloggm>