<mjloggm ver="2.3"><GO type="225" lobby="0"/><UN n0="%E9%B3%B3%E6%9D%B1%E3%81%AE%E3%81%BF%E3%81%91%E3%81%AB%E3%82%83%E3%82%93" n1="%E3%83%81%E3%83%AF%E3%83%AF%E9%9A%8A%E9%95%B7" n2="%E7%9A%AE%E3%80%85" n3="%E6%98%93%E5%88%A9%E8%96%A9%E4%BC%AF" dan="17,16,16,17" rate="2160.06,2094.51,2066.21,2194.95" sx="F,M,M,F"/><TAIKYOKU oya="0"/><INIT seed="0,0,0,1,3,58" ten="250,250,250,250" oya="0" hai0="125,18,56,105,109,10,87,117,45,67,92,83,23" hai1="90,6,5,37,128,60,75,114,78,2,44,15,107" hai2="57,103,116,131,115,64,112,74,4,102,113,19,91" hai3="61,46,108,88,76,71,122,25,77,133,11,28,99"/><T72/><D117/><U81/><E107/><V59/><F74/><W79/><G108/><T132/><D105/><U84/><E128/><V31/><F31/><W66/><G133/><T3/><D72/><U126/><E126/><V120/><F120/><W121/><G46/><T26/><D132/><U43/><E114/><V39/><F39/><W1/><G11/><T124/><D92/><U134/><E134/><V32/><F32/><W130/><G1/><T8/><D45/><U35/><E35/><V21/><F131/><W73/><G73/><T0/><D0/><U70/><E15/><V82/><F4/><W24/><G130/><T50/><D109/><U68/><E6/><V118/><F91/><W101/><G101/><N who="2" m="38409" /><F64/><W65/><G65/><T14/><D3/><U36/><E36/><V55/><F55/><W29/><G28/><T85/><D10/><N who="1" m="2359" /><E60/><V96/><F96/><W98/><G98/><T123/><D123/><N who="3" m="47113" /><G29/><T16/><D124/><U119/><E119/><N who="2" m="45611" /><F82/><AGARI ba="0,0" hai="37,43,44,68,70,75,78,81,82,84,90" m="2359" machi="82" ten="30,1000,0" yaku="25,1" doraHai="58" who="1" fromWho="2" sc="250,0,250,10,250,-10,250,0" /><INIT seed="1,0,0,1,3,16" ten="250,260,240,250" oya="1" hai0="76,120,58,74,9,13,106,14,0,132,11,101,86" hai1="49,99,57,1,115,80,21,53,20,79,40,22,107" hai2="24,28,113,97,23,89,25,15,123,52,7,83,4" hai3="131,70,47,133,119,94,135,51,65,35,19,41,100"/><U36/><E1/><V129/><F123/><W5/><G35/><T26/><D120/><U64/><E115/><V63/><F129/><W46/><G5/><T110/><D110/><U71/><E107/><V42/><F42/><N who="3" m="25047" /><G100/><T87/><D132/><N who="3" m="50761" /><G94/><T44/><D58/><U85/><E99/><V61/><F113/><W102/><G19/><T124/><D124/><U55/><E55/><V50/><F25/><W10/><G10/><T90/><D26/><U134/><E134/><V84/><F97/><W67/><G102/><T109/><D109/><U43/><E36/><V39/><F39/><N who="3" m="21951" /><G119/><T104/><D74/><U8/><REACH who="1" step="1"/><E8/><REACH who="1" ten="250,250,240,250" step="2"/><N who="2" m="4487" /><F7/><W117/><G117/><T75/><D9/><U32/><E32/><V3/><F3/><W17/><G67/><T72/><D0/><U56/><E56/><AGARI ba="0,1" hai="23,24,28,50,52,56,61,63,83,84,89" m="4487" machi="56" ten="30,3900,0" yaku="8,1,52,1,54,1" doraHai="16" who="2" fromWho="1" sc="250,0,250,-39,240,49,250,0" /><INIT seed="2,0,0,3,0,133" ten="250,211,289,250" oya="2" hai0="24,74,91,128,11,111,62,27,2,100,112,45,114" hai1="129,127,40,46,77,68,113,37,122,121,102,14,72" hai2="1,10,80,13,47,6,78,83,8,119,42,105,49" hai3="60,64,52,30,117,54,118,65,5,57,81,107,124"/><V19/><F105/><W17/><G107/><T130/><D100/><U71/><E113/><N who="0" m="43625" /><D91/><U26/><E129/><N who="0" m="49769" /><D74/><U104/><E14/><V90/><F119/><W106/><G106/><T97/><D97/><N who="1" m="61519" /><E26/><N who="0" m="9769" /><D62/><U99/><E99/><V25/><F25/><W66/><G60/><T35/><D45/><U70/><E127/><V58/><F58/><W82/><G124/><T32/><D111/><U7/><E7/><AGARI ba="0,0" hai="2,7,11,32,35" m="9769,49769,43625" machi="7" ten="40,5200,0" yaku="19,1,34,2" doraHai="133" who="0" fromWho="1" sc="250,52,211,-52,289,0,250,0" /><INIT seed="3,0,0,1,2,7" ten="302,159,289,250" oya="3" hai0="66,39,132,88,13,98,2,53,1,61,15,26,100" hai1="121,43,14,60,24,107,29,126,96,4,46,63,28" hai2="59,113,20,120,106,9,10,12,67,91,8,44,83" hai3="75,86,17,101,110,47,40,103,85,32,90,42,27"/><W87/><G75/><T33/><D39/><U18/><E121/><V131/><F113/><W122/><G122/><T118/><D53/><U128/><E128/><V37/><F120/><W30/><G110/><T56/><D118/><U119/><E119/><V19/><F106/><W45/><G90/><T72/><D72/><U89/><E126/><V124/><F124/><W125/><G125/><T48/><D48/><U21/><E4/><V84/><F131/><W109/><G109/><T97/><D132/><U41/><E28/><V133/><F133/><W71/><G71/><N who="0" m="42447" /><D88/><U50/><E43/><V70/><F70/><W35/><G17/><T114/><D97/><U6/><E6/><N who="2" m="3095" /><F37/><W116/><G116/><T129/><D56/><U130/><E130/><V68/><F68/><W127/><G127/><T23/><D114/><U117/><E117/><V49/><F59/><W74/><G74/><T135/><D135/><U94/><REACH who="1" step="1"/><E107/><REACH who="1" ten="302,149,289,250" step="2"/><V5/><F5/><W25/><G42/><T76/><D129/><U31/><E31/><V108/><F108/><W51/><G30/><N who="0" m="19671" /><D1/><U77/><E77/><V22/><F67/><W78/><G78/><T79/><D2/><U65/><E65/><V80/><F80/><W57/><G40/><T81/><D79/><U95/><E95/><V112/><F112/><W105/><G105/><N who="0" m="63639" /><D76/><U52/><E52/><N who="2" m="29735" /><F22/><AGARI ba="0,1" hai="14,18,21,22,24,29,41,46,50,60,63,89,94,96" machi="22" ten="30,3900,0" yaku="1,1,7,1,8,1,53,0" doraHai="7" doraHaiUra="54" who="1" fromWho="2" sc="302,0,149,49,289,-39,250,0" owari="302,40.2,198,-30.2,250,5.0,250,-15.0" /></mjloggm>