<mjloggm ver="2.3"><GO type="225" lobby="0"/><UN n0="%E6%97%A5%E6%9B%9C%E6%97%A5%E3%82%88%E3%82%8A%E3%81%AE%E4%BD%BF%E8%80%85" n1="%E3%80%93%E3%81%97%E3%83%BC%E3%82%89%E3%80%93" n2="%E3%81%99%E3%81%84%E3%81%BE%E3%81%9B%E3%83%BC%E3%82%93" n3="%E5%A4%8F%E9%88%B4%E9%88%B4%E5%A4%8F" dan="16,16,18,16" rate="2155.91,2194.98,2213.78,2161.83" sx="M,M,M,F"/><TAIKYOKU oya="0"/><INIT seed="0,0,0,4,1,135" ten="250,250,250,250" oya="0" hai0="59,80,51,64,96,60,134,20,119,40,30,131,106" hai1="107,122,18,44,62,29,72,31,111,4,38,75,6" hai2="48,5,46,54,27,37,76,57,17,95,12,91,26" hai3="14,87,49,3,58,79,108,85,43,133,61,34,28"/><T41/><D119/><U74/><E107/><V63/><F76/><W50/><G3/><T130/><D80/><U120/><E62/><V39/><F5/><N who="1" m="2153" /><E18/><V81/><F39/><W15/><G108/><T82/><D82/><U69/><E38/><V66/><F81/><N who="3" m="47295" /><G34/><T98/><D134/><U115/><E44/><V71/><F71/><W116/><G116/><T84/><D84/><U117/><E117/><V70/><F70/><W100/><G100/><T121/><D121/><N who="1" m="46699" /><E69/><V21/><REACH who="2" step="1"/><F37/><REACH who="2" ten="250,250,240,250" step="2"/><W110/><G133/><T42/><D131/><U52/><E111/><V36/><F36/><W53/><G110/><T67/><D130/><U73/><E73/><V65/><F65/><W2/><G2/><T0/><D0/><U25/><E75/><V127/><F127/><W35/><G14/><T99/><D67/><U113/><E74/><V77/><F77/><W33/><G15/><T86/><D106/><U78/><E72/><V11/><F11/><W104/><G104/><T90/><D64/><U83/><E78/><V97/><AGARI ba="0,1" hai="12,17,21,26,27,46,48,54,57,63,66,91,95,97" machi="97" ten="20,5200,0" yaku="1,1,0,1,7,1,8,1,53,0" doraHai="135" doraHaiUra="109" who="2" fromWho="2" sc="250,-26,250,-13,240,62,250,-13" /><INIT seed="1,0,0,1,2,53" ten="224,237,302,237" oya="1" hai0="84,132,31,46,44,85,120,18,127,1,119,6,16" hai1="15,113,40,70,128,23,72,47,115,24,123,3,52" hai2="57,26,75,68,134,7,35,42,91,64,33,129,78" hai3="76,79,86,87,93,37,112,28,102,111,99,25,108"/><U114/><E3/><V109/><F68/><W30/><G37/><T32/><D119/><U62/><E72/><V12/><F42/><W71/><G71/><T90/><D1/><U69/><E123/><V95/><F78/><N who="3" m="29739" /><G112/><T2/><D2/><U83/><E128/><V34/><F75/><W88/><G28/><T66/><D32/><U106/><E83/><V10/><F129/><W103/><G25/><T27/><D6/><U124/><E106/><V36/><F36/><W21/><G21/><N who="0" m="15855" /><D120/><U19/><E124/><V110/><F134/><W60/><G60/><T8/><D127/><U130/><E130/><V0/><F0/><W100/><G30/><T131/><D131/><U54/><E24/><V45/><F26/><W92/><G86/><N who="0" m="33387" /><D132/><U4/><E4/><V9/><F35/><W80/><G93/><T22/><D66/><U74/><E74/><V49/><F34/><W96/><G96/><T82/><D8/><U97/><E97/><V101/><F10/><W43/><G43/><T5/><D5/><U126/><E126/><V77/><F77/><AGARI ba="0,0" hai="77,80,87,88,92,99,100,102,103,108,111" m="29739" machi="77" ten="30,3900,0" yaku="34,2,54,1" doraHai="53" who="3" fromWho="2" sc="224,0,237,0,302,-39,237,39" /><INIT seed="2,0,0,4,1,16" ten="224,237,263,276" oya="2" hai0="81,126,58,42,19,117,84,37,95,73,46,79,64" hai1="61,88,108,115,50,4,56,70,91,101,65,128,85" hai2="43,71,53,135,119,51,113,25,14,87,62,77,57" hai3="49,133,114,39,130,92,31,54,83,82,3,7,0"/><V8/><F113/><W60/><G39/><T5/><D126/><U106/><E115/><V100/><F119/><W116/><G114/><T111/><D117/><U28/><E108/><V11/><F135/><W121/><G116/><T29/><D111/><U1/><E128/><V118/><F118/><W132/><G121/><T124/><D124/><U123/><E123/><V72/><F72/><W47/><G130/><T66/><D29/><U6/><E28/><V69/><F100/><W52/><G31/><T21/><D5/><U24/><E24/><V105/><F105/><W98/><G83/><T90/><REACH who="0" step="1"/><D58/><REACH who="0" ten="214,237,263,276" step="2"/><U63/><E6/><N who="2" m="3351" /><F57/><N who="3" m="34855" /><G7/><T36/><D36/><U10/><E4/><V13/><F71/><W122/><G0/><T131/><D131/><U129/><E1/><V125/><F69/><W55/><G3/><T18/><D18/><U15/><E129/><V134/><F125/><W89/><G122/><T17/><D17/><U30/><E30/><V38/><F38/><W26/><G133/><T75/><D75/><U99/><E70/><V2/><F2/><W80/><G132/><T109/><D109/><U78/><E56/><V34/><F134/><W59/><G26/><AGARI ba="0,1" hai="19,21,26,37,42,46,64,66,73,79,81,84,90,95" machi="26" ten="30,7700,0" yaku="1,1,7,1,52,1,53,1" doraHai="16" doraHaiUra="23" who="0" fromWho="3" sc="214,87,237,0,263,0,276,-77" /><INIT seed="3,0,0,2,2,66" ten="301,237,263,199" oya="3" hai0="5,121,7,83,134,67,30,116,44,9,1,112,24" hai1="4,135,88,35,3,25,47,32,99,84,113,18,33" hai2="130,86,68,12,29,37,48,132,103,52,54,40,56" hai3="31,124,45,91,55,117,17,62,58,115,2,125,133"/><W65/><G117/><T95/><D116/><U120/><E120/><V73/><F73/><W98/><G115/><T93/><D121/><U42/><E113/><V85/><F68/><W100/><G133/><T114/><D134/><U50/><E135/><V70/><F70/><W107/><G2/><T101/><D67/><U109/><E109/><V92/><F132/><W61/><G31/><T119/><D119/><U19/><E99/><V105/><F105/><W6/><G6/><T59/><D7/><U110/><E110/><V22/><F37/><W123/><G123/><T71/><D71/><U108/><E108/><V13/><F40/><W79/><G79/><T16/><D59/><U127/><E127/><V36/><F36/><W41/><G17/><T49/><D83/><U96/><E96/><N who="2" m="59783" /><F54/><W21/><G21/><T87/><D16/><U78/><E78/><V104/><F104/><W129/><G91/><T51/><D101/><U60/><E60/><V43/><F43/><W0/><G0/><T118/><D118/><U20/><E19/><V53/><F29/><W46/><G129/><T82/><D114/><U76/><E76/><V34/><F130/><W11/><G11/><T38/><D38/><U80/><E3/><V81/><F81/><W14/><G14/><N who="2" m="5737" /><F22/><W57/><REACH who="3" step="1"/><G41/><REACH who="3" ten="301,237,263,189" step="2"/><N who="0" m="24719" /><D112/><U10/><E10/><V8/><F8/><W72/><G72/><T126/><D30/><U64/><E4/><V39/><F34/><W128/><G128/><T74/><D74/><U26/><E26/><V131/><F131/><W77/><G77/><N who="0" m="46543" /><D24/><U69/><E35/><V111/><F111/><RYUUKYOKU ba="0,1" sc="301,-15,237,15,263,-15,189,15" hai1="18,20,25,32,33,42,47,50,64,69,80,84,88" hai3="45,46,55,57,58,61,62,65,98,100,107,124,125" /><INIT seed="3,1,1,1,4,54" ten="286,252,248,204" oya="3" hai0="124,28,97,126,36,101,0,60,44,5,93,17,75" hai1="24,98,83,134,30,121,99,41,113,61,27,125,117" hai2="21,88,120,119,92,109,48,53,43,108,29,20,77" hai3="114,57,42,118,40,35,66,87,7,31,112,73,52"/><W26/><G118/><T67/><D28/><U14/><E121/><V49/><F119/><W115/><G73/><T59/><D75/><U133/><E117/><V70/><F70/><W105/><G105/><T39/><D17/><U65/><E113/><V107/><F107/><W127/><G127/><N who="0" m="48683" /><D44/><U9/><E83/><V6/><F120/><W76/><G7/><T56/><D56/><N who="1" m="37031" /><E41/><V45/><F77/><W84/><G66/><T12/><D0/><U22/><E27/><V50/><F6/><W135/><G135/><N who="1" m="51722" /><E125/><V85/><F29/><W37/><G76/><T128/><D128/><U111/><E111/><V131/><F131/><W106/><G106/><T68/><D68/><U11/><E11/><AGARI ba="1,1" hai="5,11,12,36,39,59,60,67,93,97,101" m="48683" machi="11" ten="30,2000,0" yaku="18,1,52,1" doraHai="54" who="0" fromWho="1" sc="286,33,252,-23,248,0,204,0" owari="319,41.9,229,-17.1,248,4.8,204,-29.6" /></mjloggm>