<mjloggm ver="2.3"><GO type="225" lobby="0"/><UN n0="%E3%83%A9%E3%83%BC%E3%83%A1%E3%83%B3%E4%BA%94%E9%83%8E" n1="%E5%B8%86%E7%AB%8B%E5%A4%8F%E8%A1%A3" n2="%E5%84%AA%40%41%42%43" n3="%E3%81%BF%E3%81%BF%E3%81%9A" dan="16,17,17,17" rate="2131.48,2213.33,2142.86,2223.64" sx="M,M,M,M"/><TAIKYOKU oya="0"/><INIT seed="0,0,0,0,2,115" ten="250,250,250,250" oya="0" hai0="14,33,52,32,27,98,96,89,51,45,121,76,102" hai1="47,64,3,109,80,70,12,118,125,31,74,7,5" hai2="23,49,127,55,50,90,24,75,126,128,97,25,61" hai3="66,6,53,13,117,48,28,95,54,57,113,11,131"/><T107/><D121/><U68/><E3/><V88/><F75/><W104/><G104/><T71/><D71/><U105/><E105/><V4/><F4/><W35/><G113/><T29/><D76/><U135/><E135/><V2/><F2/><W21/><G131/><T15/><REACH who="0" step="1"/><D33/><REACH who="0" ten="240,250,250,250" step="2"/><U86/><E125/><V9/><F128/><W111/><G35/><T119/><D119/><U124/><E118/><V83/><F127/><W130/><G117/><T112/><D112/><U67/><E124/><V93/><F126/><W129/><G130/><T114/><D114/><U100/><E68/><V16/><F9/><W91/><G129/><T110/><D110/><U81/><E70/><V120/><F120/><W82/><G111/><T103/><D103/><U26/><E100/><V84/><F25/><N who="3" m="16431" /><G82/><T108/><D108/><U30/><E81/><V59/><AGARI ba="0,1" hai="16,23,24,49,50,55,59,61,83,84,88,90,93,97" machi="59" ten="30,12000,2" yaku="0,1,25,2,8,1,54,2" doraHai="115" who="2" fromWho="2" sc="240,-60,250,-30,250,130,250,-30" /><INIT seed="1,0,0,5,1,41" ten="180,220,380,220" oya="1" hai0="84,1,109,108,66,28,102,67,126,17,121,10,51" hai1="92,95,33,16,79,59,47,5,57,74,85,81,132" hai2="120,106,119,62,61,118,26,50,3,68,53,46,78" hai3="45,131,36,35,129,70,87,97,19,124,27,8,90"/><U110/><E132/><V65/><F3/><W31/><G70/><T135/><D121/><U58/><E33/><V14/><F106/><W100/><G124/><T112/><D112/><U128/><E128/><N who="3" m="49226" /><G8/><T11/><D126/><U0/><E0/><V37/><F78/><W30/><G19/><T130/><D130/><U49/><E5/><V54/><F26/><W107/><G31/><T71/><D135/><U117/><E117/><V86/><F86/><W4/><G4/><T13/><D28/><U29/><E29/><V24/><F14/><W20/><G35/><T123/><D123/><U101/><E110/><V40/><F24/><W44/><G36/><T38/><D38/><U63/><E74/><V88/><F88/><W18/><G30/><T94/><D71/><U77/><E77/><V105/><F105/><W122/><G122/><T75/><D75/><U9/><E63/><V114/><F114/><W15/><G27/><T69/><D69/><U55/><E101/><V21/><F21/><W7/><G7/><T72/><D72/><U48/><E48/><V32/><F32/><W98/><G98/><N who="0" m="59735" /><D84/><U76/><E76/><V96/><F96/><W39/><G39/><T89/><D89/><U93/><E93/><AGARI ba="0,0" hai="15,18,20,44,45,87,90,93,97,100,107" m="49226" machi="93" ten="30,3900,0" yaku="19,1,52,2" doraHai="41" who="3" fromWho="1" sc="180,0,220,-39,380,0,220,39" /><INIT seed="2,0,0,3,5,67" ten="180,181,380,259" oya="2" hai0="109,117,124,68,18,57,55,43,92,81,112,13,8" hai1="102,30,9,110,85,125,93,12,76,133,132,24,134" hai2="94,20,5,48,16,123,131,113,50,66,129,108,40" hai3="34,38,51,83,115,71,111,47,11,114,31,1,44"/><V36/><F113/><N who="3" m="43019" /><G111/><T32/><D112/><U41/><E102/><V62/><F5/><N who="3" m="1455" /><G38/><T91/><D32/><N who="1" m="20551" /><E41/><V101/><F123/><W69/><G83/><T0/><D109/><U126/><E76/><V78/><F78/><W4/><G4/><T106/><D106/><U21/><E85/><V63/><F63/><W77/><G77/><T72/><D72/><U49/><E49/><V79/><F79/><W10/><G10/><T87/><D0/><U33/><E93/><V95/><F36/><W7/><G7/><T74/><D74/><U122/><E110/><V25/><F108/><W116/><G116/><T118/><D43/><U89/><E122/><V45/><F48/><W130/><G130/><N who="2" m="49673" /><F101/><W90/><G90/><T105/><D105/><U99/><E89/><V37/><F37/><W42/><G47/><T64/><D81/><U3/><E33/><V14/><F25/><AGARI ba="0,0" hai="25,31,34,42,44,51,69,71" m="1455,43019" machi="25" ten="30,3900,0" yaku="11,1,52,2" doraHai="67" who="3" fromWho="2" sc="180,0,181,0,380,-39,259,39" /><INIT seed="3,0,0,3,2,7" ten="180,181,341,298" oya="3" hai0="54,30,45,90,99,86,24,67,127,39,79,74,105" hai1="109,118,68,81,56,20,75,110,102,104,85,108,0" hai2="73,22,53,116,44,6,29,80,117,23,18,82,120" hai3="92,11,51,93,121,26,10,38,21,130,133,42,37"/><W27/><G121/><T13/><D67/><U84/><E68/><V15/><F120/><W101/><G130/><T61/><D127/><U71/><E71/><V129/><F129/><W111/><G133/><T96/><D39/><U58/><E0/><V43/><F53/><W87/><G111/><T97/><D105/><U94/><E118/><V33/><F33/><W16/><G37/><T2/><D2/><U103/><E104/><V35/><F35/><W134/><G38/><T19/><D74/><U119/><E119/><V4/><F73/><W88/><G134/><T69/><D79/><N who="1" m="44287" /><E20/><V34/><F34/><W126/><G126/><T49/><D69/><U63/><E58/><V91/><F117/><W124/><G27/><T8/><D61/><U83/><E94/><V64/><F64/><W41/><G124/><T17/><D17/><U128/><E128/><V50/><F116/><W70/><G70/><T112/><D112/><U135/><E135/><V25/><F82/><W98/><G42/><T48/><D48/><U125/><E125/><V32/><F32/><W114/><G114/><T131/><D131/><U113/><E113/><V60/><F60/><W1/><G1/><T65/><D65/><N who="1" m="39143" /><E83/><V36/><F36/><W31/><G16/><T132/><D132/><U72/><E72/><V59/><F59/><W107/><G107/><T14/><D14/><U77/><E77/><V100/><F100/><AGARI ba="0,0" hai="84,85,100,102,103,108,109,110" m="39143,44287" machi="100" ten="30,1000,0" yaku="14,1" doraHai="7" who="1" fromWho="2" sc="180,0,181,10,341,-10,298,0" owari="180,-32.0,191,-20.9,331,43.1,298,9.8" /></mjloggm>