<mjloggm ver="2.3"><GO type="225" lobby="0"/><UN n0="%E6%9C%88%E5%B3%B6%E5%9F%BA" n1="%E3%83%96%E3%83%83%E3%83%91%E3%82%AA%E3%83%96%E3%83%81%E3%82%AD%E3%83%B3" n2="%E7%AB%8B%E8%8A%B1%E9%9F%BF" n3="%E7%9A%AE%E3%80%85" dan="17,16,17,16" rate="2232.61,2134.40,2195.29,2207.86" sx="M,M,F,F"/><TAIKYOKU oya="0"/><INIT seed="0,0,0,3,5,49" ten="250,250,250,250" oya="0" hai0="91,0,50,104,86,118,11,51,70,40,120,111,94" hai1="122,73,80,116,123,75,135,93,66,83,89,39,28" hai2="78,34,74,32,9,63,95,13,36,26,127,82,110" hai3="44,87,56,45,112,126,88,102,132,69,92,7,115"/><T119/><D104/><U128/><E39/><V27/><F36/><W53/><G69/><T55/><D120/><N who="1" m="46123" /><E66/><V77/><F77/><W96/><G132/><T18/><D70/><U117/><E28/><V35/><F110/><W4/><G126/><T47/><D111/><U59/><E59/><V14/><F127/><W113/><G7/><T60/><D60/><U101/><E101/><V72/><F72/><N who="1" m="27721" /><E135/><V108/><F108/><W10/><G10/><T71/><D71/><U5/><E5/><V131/><F14/><W31/><G31/><T30/><D30/><U130/><E93/><V52/><F95/><W84/><G84/><T134/><D134/><U65/><E65/><V54/><F63/><W16/><G16/><T99/><D0/><U46/><E46/><V25/><REACH who="2" step="1"/><F131/><REACH who="2" ten="250,250,240,250" step="2"/><N who="1" m="50217" /><E89/><V79/><F79/><W61/><REACH who="3" step="1"/><G4/><AGARI ba="0,1" hai="4,9,13,25,26,27,32,34,35,52,54,74,78,82" machi="4" ten="50,8000,1" yaku="1,1,52,2,54,1,53,1" doraHai="49" doraHaiUra="8" who="2" fromWho="3" sc="250,0,250,0,240,90,250,-80" /><INIT seed="1,0,0,0,5,37" ten="250,250,330,170" oya="1" hai0="94,132,110,48,32,9,1,62,12,47,71,129,51" hai1="134,122,90,2,91,22,59,27,40,118,92,89,23" hai2="83,93,75,25,57,34,79,108,68,86,38,6,117" hai3="95,0,72,103,125,45,123,113,128,82,15,131,120"/><U58/><E118/><V77/><F68/><W100/><G0/><T67/><D32/><U39/><E122/><N who="3" m="46634" /><G15/><T8/><D110/><U49/><E2/><V7/><F117/><W102/><G45/><T17/><D129/><N who="3" m="49737" /><G113/><T65/><D132/><U21/><E39/><V87/><F108/><W114/><G114/><T3/><D67/><U60/><E134/><V4/><F38/><W5/><G5/><T13/><D94/><U14/><E92/><V43/><F93/><W135/><G135/><T20/><D20/><N who="1" m="7787" /><E14/><V127/><F34/><W69/><G69/><T98/><D98/><U99/><E99/><V85/><F25/><W119/><G95/><T112/><D112/><U121/><E121/><V31/><F7/><W50/><G50/><T107/><D51/><U66/><E59/><V64/><F57/><W55/><G55/><T53/><D107/><U24/><N who="1" m="7795" /><U44/><AGARI ba="0,0" hai="24,27,40,44,49,58,60,66,89,90,91" m="7795" machi="44" ten="40,7800,0" yaku="4,1,8,1,52,1" doraHai="37" who="1" fromWho="1" sc="250,-26,250,78,330,-26,170,-26" /><INIT seed="1,1,0,5,1,67" ten="224,328,304,144" oya="1" hai0="126,93,60,128,2,92,17,28,58,39,70,55,75" hai1="118,77,87,41,1,94,6,54,80,79,89,27,71" hai2="11,61,133,72,65,95,31,123,64,106,14,131,119" hai3="107,125,51,68,91,96,16,13,82,43,115,86,99"/><U19/><E118/><V69/><F119/><W127/><G115/><T50/><D75/><U74/><E41/><V111/><F106/><W15/><G15/><T97/><D2/><U52/><E77/><V8/><F123/><W112/><G112/><T113/><D113/><U122/><E122/><V26/><F72/><W120/><G120/><T117/><D126/><N who="3" m="48137" /><G107/><T42/><D128/><U53/><E71/><V37/><F37/><W7/><G7/><T23/><D117/><U132/><E132/><V4/><F133/><W9/><G43/><T38/><D28/><U56/><E1/><V66/><F131/><W83/><G51/><T129/><D129/><U76/><E6/><V22/><F111/><W81/><G68/><T78/><D78/><U32/><E79/><V59/><F11/><W100/><G100/><T3/><D3/><U62/><REACH who="1" step="1"/><E19/><REACH who="1" ten="224,318,304,144" step="2"/><V98/><REACH who="2" step="1"/><F69/><REACH who="2" ten="224,318,294,144" step="2"/><W116/><G116/><T18/><D70/><U45/><E45/><V10/><F10/><W35/><G35/><T33/><D33/><U102/><E102/><AGARI ba="1,2" hai="4,8,14,22,26,31,59,61,64,65,66,95,98,102" machi="102" ten="30,12000,2" yaku="1,1,7,1,25,2,8,1,53,1" doraHai="67" doraHaiUra="57" who="2" fromWho="1" sc="224,0,318,-123,294,143,144,0" /><INIT seed="2,0,0,0,3,24" ten="224,195,437,144" oya="2" hai0="17,75,117,129,79,39,100,21,110,90,0,10,72" hai1="43,11,92,8,37,2,124,58,30,25,40,46,87" hai2="19,65,98,31,115,15,1,88,131,108,16,20,55" hai3="27,4,119,6,26,99,103,134,126,44,49,105,107"/><V32/><F1/><W71/><G71/><T85/><D39/><U135/><E135/><V93/><F115/><W56/><G119/><T51/><D100/><U76/><E124/><V59/><F131/><W74/><G74/><T67/><D67/><U63/><E2/><V54/><F108/><W96/><G134/><T70/><D79/><U95/><E43/><V128/><F128/><W23/><G126/><T18/><D70/><U112/><E112/><V34/><F34/><W132/><G132/><T83/><D110/><U109/><E109/><V123/><F123/><W118/><G118/><T7/><D129/><U35/><E95/><V89/><F32/><W91/><G56/><T9/><D117/><U50/><E37/><V13/><F31/><W80/><G80/><T14/><D51/><U12/><E12/><AGARI ba="0,0" hai="0,7,9,10,12,14,17,18,21,72,75,83,85,90" machi="12" ten="30,1000,0" yaku="7,1" doraHai="24" who="0" fromWho="1" sc="224,10,195,-10,437,0,144,0" /><INIT seed="3,0,0,3,4,97" ten="234,185,437,144" oya="3" hai0="16,69,37,51,84,21,77,67,90,59,116,53,109" hai1="7,89,115,24,101,126,108,57,4,27,127,72,11" hai2="65,102,135,91,76,56,20,43,134,35,81,38,23" hai3="25,50,15,13,63,28,71,1,98,55,114,88,125"/><W40/><G1/><T75/><D116/><U33/><E115/><V120/><F35/><W5/><G114/><T128/><D37/><U54/><E72/><V130/><F130/><W44/><G125/><N who="1" m="47626" /><E108/><V60/><F91/><W106/><G5/><T78/><D75/><U82/><E33/><V26/><F102/><W29/><G29/><T52/><D109/><U113/><E113/><V118/><F118/><W100/><G88/><T131/><D67/><U6/><E101/><V14/><F14/><W64/><REACH who="3" step="1"/><G40/><REACH who="3" ten="234,185,437,134" step="2"/><T95/><D128/><U58/><E6/><V83/><F43/><W79/><G79/><T111/><D131/><U47/><E4/><V39/><F76/><W41/><G41/><T96/><D111/><U94/><E82/><V45/><F83/><W107/><G107/><T2/><D2/><N who="1" m="503" /><E47/><V92/><F81/><W68/><G68/><T48/><D69/><U19/><E58/><V30/><F56/><W49/><G49/><T32/><D78/><U8/><E19/><V22/><F45/><W62/><G62/><T66/><D77/><U73/><E73/><V10/><F92/><W87/><G87/><T0/><D0/><U46/><E46/><V17/><F60/><W124/><G124/><T112/><D112/><U12/><E57/><V34/><F30/><W119/><G119/><T70/><D70/><U121/><E89/><V99/><F39/><W110/><G110/><T123/><D84/><U103/><E94/><V74/><F38/><W9/><G9/><T132/><D95/><U3/><E8/><V18/><F10/><W42/><G42/><RYUUKYOKU ba="0,1" sc="234,-10,185,-10,437,-10,134,30" hai3="13,15,25,28,44,50,55,63,64,71,98,100,106" /><INIT seed="3,1,1,5,1,111" ten="224,175,427,164" oya="3" hai0="20,6,52,119,19,108,56,109,129,85,47,53,72" hai1="37,50,116,3,124,123,16,84,40,61,29,69,110" hai2="59,80,107,62,115,27,23,33,55,63,11,90,77" hai3="121,114,71,93,31,28,65,131,94,2,106,82,83"/><W8/><G121/><T22/><D72/><U102/><E123/><V89/><F115/><W76/><G106/><T42/><D119/><U79/><E110/><N who="0" m="42601" /><D6/><U112/><E112/><V68/><F33/><W17/><G114/><T70/><D70/><U67/><E3/><V44/><F107/><W135/><G82/><T57/><D85/><U21/><E124/><V133/><F133/><W45/><G135/><T95/><D95/><U10/><E116/><V49/><F11/><W12/><G2/><T81/><D129/><U125/><E125/><V54/><F63/><W66/><G131/><T113/><D81/><U98/><E84/><N who="2" m="48143" /><F68/><W46/><G71/><T26/><D22/><U100/><E21/><V38/><F38/><W1/><G1/><T99/><D99/><U88/><E98/><V24/><F24/><W127/><G127/><T30/><D19/><AGARI ba="1,1" hai="19,23,27,44,49,54,55,59,62,89,90" m="48143" machi="19" ten="30,1000,0" yaku="8,1" doraHai="111" who="2" fromWho="0" sc="224,-13,175,0,427,23,164,0" owari="211,1.1,175,-22.5,450,55.0,164,-33.6" /></mjloggm>