<mjloggm ver="2.3"><GO type="225" lobby="0"/><UN n0="%E3%81%95%E3%81%8D%E3%81%9F%E3%81%BE%E6%9E%97%E6%AA%8E" n1="%E4%BF%BA%E3%81%A8%E5%A6%96%E5%A4%A2" n2="%72%69%6F%75%63%68%61%6E" n3="%E3%83%81%E3%83%83%E3%82%BF%E3%82%BD%E3%83%BC" dan="16,16,16,16" rate="2111.72,2255.07,2095.52,2184.48" sx="M,F,M,F"/><TAIKYOKU oya="0"/><INIT seed="0,0,0,5,5,78" ten="250,250,250,250" oya="0" hai0="123,31,8,115,111,59,103,64,10,88,132,84,113" hai1="35,4,51,109,119,75,43,24,76,93,39,120,60" hai2="105,41,3,14,108,29,38,40,33,58,69,30,1" hai3="73,5,118,121,61,106,57,104,28,79,70,26,25"/><T36/><D123/><U81/><E120/><V134/><F69/><W53/><G121/><T48/><D36/><U63/><E119/><V95/><F105/><W19/><G118/><T56/><D103/><U101/><E109/><V89/><F108/><W37/><G37/><T68/><D68/><U11/><E51/><V2/><F134/><W44/><G5/><T62/><D111/><U46/><E93/><V130/><F130/><W107/><G44/><T74/><D74/><U102/><E60/><V82/><F82/><W90/><G70/><T67/><D132/><U127/><E63/><V12/><F58/><W86/><G79/><T80/><D31/><U34/><E127/><V77/><F77/><W97/><G73/><T92/><D92/><U125/><E125/><V117/><F117/><W50/><G61/><T99/><D67/><U47/><E47/><V20/><F33/><N who="1" m="12297" /><E24/><V54/><F54/><W27/><G28/><T22/><D22/><U110/><E110/><V17/><F38/><W71/><G71/><T49/><D49/><U129/><E129/><V124/><F124/><W122/><G122/><T83/><D115/><U9/><E9/><N who="0" m="3689" /><D113/><U112/><E112/><V18/><F30/><W96/><REACH who="3" step="1"/><G19/><REACH who="3" ten="250,250,250,240" step="2"/><T91/><D62/><U15/><E75/><V52/><F29/><W21/><G21/><T135/><D135/><U55/><E39/><V126/><F126/><W72/><G72/><T45/><D45/><U85/><E43/><V13/><F20/><W42/><G42/><N who="2" m="16489" /><F52/><W16/><G16/><T114/><D114/><U6/><E4/><V133/><F133/><RYUUKYOKU ba="0,1" sc="250,-30,250,10,250,10,240,10" hai1="6,11,15,46,55,76,81,85,101,102" hai2="1,2,3,12,13,14,17,18,89,95" hai3="25,26,27,50,53,57,86,90,96,97,104,106,107" /><INIT seed="1,1,1,2,4,65" ten="220,260,260,250" oya="1" hai0="56,109,44,39,92,52,59,121,115,20,71,70,129" hai1="135,7,111,67,131,88,36,83,51,10,110,66,91" hai2="108,95,28,35,42,87,1,21,79,77,29,120,130" hai3="16,96,123,94,0,93,18,50,33,98,124,132,116"/><U62/><E36/><V99/><F108/><N who="1" m="41513" /><E135/><V74/><F130/><W72/><G123/><T15/><D109/><U9/><E131/><V17/><F120/><W61/><G72/><T133/><D129/><U53/><E83/><V34/><F1/><W118/><G0/><T24/><D133/><U14/><E9/><V106/><F42/><W90/><G132/><T102/><D121/><U119/><E119/><N who="3" m="45610" /><G33/><T13/><D115/><U41/><E41/><V105/><F74/><W73/><G73/><T82/><D82/><U68/><E66/><V11/><F11/><W5/><G5/><T80/><D80/><U48/><E48/><V89/><F35/><W100/><G124/><T38/><D39/><U4/><E4/><V43/><F34/><W45/><G61/><T104/><D38/><U49/><E49/><V27/><F43/><AGARI ba="1,1" hai="16,18,43,45,50,90,93,94,96,98,100" m="45610" machi="43" ten="30,2000,0" yaku="12,1,54,1" doraHai="65" who="3" fromWho="2" sc="220,0,260,0,260,-23,250,33" /><INIT seed="2,0,0,5,0,4" ten="220,260,237,283" oya="2" hai0="40,19,18,74,49,48,73,70,22,87,80,51,36" hai1="78,112,93,109,105,125,99,1,77,100,121,43,9" hai2="91,28,14,44,107,113,20,97,135,71,58,101,103" hai3="96,81,31,47,13,92,72,37,118,61,120,25,23"/><V38/><F113/><W104/><G118/><T75/><D70/><U90/><E112/><V57/><F135/><W60/><G104/><T94/><D94/><U83/><E109/><V122/><F122/><W30/><G120/><T98/><D98/><U68/><E68/><V132/><F132/><W66/><G31/><T33/><D33/><U76/><E121/><V26/><F71/><W55/><G13/><T134/><D134/><U84/><E43/><V2/><F2/><W86/><G72/><T117/><D117/><U114/><E114/><V52/><F103/><N who="3" m="60807" /><G37/><T128/><D128/><U65/><E65/><V17/><F91/><N who="3" m="51663" /><G66/><T69/><D69/><U7/><REACH who="1" step="1"/><E125/><REACH who="1" ten="220,250,237,283" step="2"/><V129/><F129/><W27/><G27/><T34/><D40/><U53/><E53/><V45/><F38/><W111/><G111/><T24/><D36/><U5/><E5/><V29/><F29/><W123/><G123/><T116/><D116/><U124/><E124/><V39/><F39/><W64/><G64/><T10/><D34/><U3/><E3/><V16/><F17/><W88/><G55/><T21/><D19/><U46/><E46/><V42/><F42/><W82/><G47/><T56/><D18/><U63/><E63/><V67/><F67/><W11/><G60/><T127/><D127/><U102/><E102/><V126/><F126/><W54/><G54/><T32/><D51/><U131/><E131/><V6/><F6/><W35/><G61/><T59/><D49/><U0/><E0/><V133/><F52/><W115/><G115/><T8/><D48/><U79/><E79/><RYUUKYOKU ba="0,1" sc="220,-10,250,30,237,-10,283,-10" hai1="1,7,9,76,77,78,83,84,90,93,99,100,105" /><INIT seed="3,1,1,0,3,34" ten="210,280,227,273" oya="3" hai0="17,14,76,90,62,29,121,58,78,63,117,25,102" hai1="6,101,92,56,97,132,7,93,70,3,123,9,89" hai2="43,0,74,125,103,126,106,2,16,109,35,23,72" hai3="134,40,31,38,54,64,20,59,10,110,118,52,122"/><W77/><G118/><T66/><D117/><U119/><E123/><V129/><F109/><W82/><G122/><T128/><D121/><U49/><E70/><V86/><F129/><W79/><G110/><T124/><D128/><U73/><E73/><N who="2" m="28267" /><F35/><W27/><G134/><T61/><D124/><N who="2" m="47722" /><F43/><W1/><G64/><T55/><D102/><U13/><E119/><V15/><F86/><W88/><G40/><T12/><D66/><U81/><E132/><V131/><F131/><W99/><G38/><T68/><D68/><U105/><E81/><V32/><F32/><W8/><G54/><T67/><D67/><U108/><E108/><V48/><F48/><W87/><G99/><AGARI ba="1,1" hai="0,2,15,16,23,99,103,106" m="47722,28267" machi="99" ten="30,7700,0" yaku="18,1,52,2,54,1" doraHai="34" who="2" fromWho="3" sc="210,0,280,0,227,90,273,-80" owari="210,-19.0,280,8.0,317,41.7,193,-30.7" /></mjloggm>