<mjloggm ver="2.3"><GO type="225" lobby="0"/><UN n0="%E3%83%9D%E3%82%B1%E3%83%83%E3%83%88" n1="%72%69%6F%75%63%68%61%6E" n2="%E3%80%90%E3%83%88%E3%83%AA%E3%83%A5%E3%83%95%E3%80%91" n3="%E4%BF%BA%E3%81%A8%E5%A6%96%E5%A4%A2" dan="16,16,16,16" rate="2095.30,2180.04,2107.92,2136.58" sx="M,M,M,F"/><TAIKYOKU oya="0"/><INIT seed="0,0,0,4,5,43" ten="250,250,250,250" oya="0" hai0="103,91,37,22,121,80,102,15,26,36,72,73,99" hai1="118,79,41,76,122,11,115,13,100,96,84,46,2" hai2="85,132,42,107,125,0,128,70,135,109,21,68,127" hai3="104,105,88,90,134,27,123,95,124,48,130,74,30"/><T82/><D121/><U64/><E122/><V58/><F107/><W110/><G123/><T71/><D71/><N who="2" m="27178" /><F0/><W39/><G39/><T24/><D15/><U62/><E118/><V97/><F97/><W93/><G74/><N who="0" m="28779" /><D91/><U28/><E115/><V50/><F85/><W129/><G110/><T5/><D99/><U131/><E131/><N who="3" m="50186" /><G134/><N who="2" m="51241" /><F21/><N who="3" m="15727" /><G48/><T67/><D22/><U8/><E28/><V89/><F89/><N who="3" m="34411" /><G124/><N who="2" m="47689" /><F128/><W106/><AGARI ba="0,0" hai="93,95,104,105,106" m="34411,15727,50186" machi="106" ten="40,2700,0" yaku="19,1,54,1" doraHai="43" who="3" fromWho="3" sc="250,-13,250,-7,250,-7,250,27" /><INIT seed="1,0,0,2,3,12" ten="237,243,243,277" oya="1" hai0="75,92,55,89,129,80,14,15,67,86,1,90,22" hai1="77,40,0,61,59,116,3,52,46,11,28,132,117" hai2="64,49,128,54,135,72,43,36,26,9,127,7,125" hai3="81,24,87,103,122,133,95,126,101,83,10,19,78"/><U45/><E28/><V27/><F72/><W131/><G122/><T79/><D1/><U104/><E104/><V63/><F128/><W50/><G131/><T51/><D129/><U121/><E121/><V113/><F135/><W30/><G133/><T56/><D67/><U5/><E132/><V73/><F73/><W119/><G126/><N who="2" m="48137" /><F36/><W25/><G119/><T108/><D108/><U94/><E0/><N who="2" m="231" /><F43/><W105/><G105/><T16/><D90/><U41/><E77/><V70/><F113/><W66/><G66/><T124/><D124/><U91/><E41/><V65/><F65/><W85/><G95/><T106/><D106/><U6/><E5/><V60/><F60/><W29/><G50/><T4/><D4/><U98/><REACH who="1" step="1"/><E46/><AGARI ba="0,0" hai="26,27,46,49,54,63,64,70" m="231,48137" machi="46" ten="30,1000,0" yaku="18,1" doraHai="12" who="2" fromWho="1" sc="237,0,243,-10,243,10,277,0" /><INIT seed="2,0,0,5,0,54" ten="237,233,253,277" oya="2" hai0="21,74,93,11,6,83,88,101,24,65,43,39,100" hai1="92,32,79,9,19,40,84,51,26,64,45,103,81" hai2="0,125,87,2,119,97,17,116,23,47,109,20,38" hai3="126,102,67,113,129,3,13,60,123,37,35,63,49"/><V57/><F97/><W50/><G3/><T14/><D65/><U85/><E64/><V22/><F125/><W70/><G35/><T98/><D39/><U86/><E32/><V114/><F114/><W134/><G123/><T16/><REACH who="0" step="1"/><D43/><REACH who="0" ten="227,233,253,277" step="2"/><U42/><E40/><V48/><F38/><W33/><G37/><T62/><D62/><U78/><E78/><AGARI ba="0,1" hai="6,11,14,16,21,24,74,78,83,88,93,98,100,101" machi="78" ten="40,5200,0" yaku="1,1,54,2,53,0" doraHai="54" doraHaiUra="31" who="0" fromWho="1" sc="227,62,233,-52,253,0,277,0" /><INIT seed="3,0,0,4,0,91" ten="289,181,253,277" oya="3" hai0="23,125,0,98,95,135,12,105,127,42,11,5,69" hai1="120,88,132,60,122,2,65,103,7,84,121,68,40" hai2="44,74,126,118,34,59,1,62,38,47,64,100,18" hai3="35,24,21,46,25,61,17,124,66,131,51,133,14"/><W119/><G119/><T94/><D69/><U101/><E132/><V31/><F1/><W55/><G133/><T79/><D135/><U85/><E85/><V115/><F115/><W39/><G131/><T96/><D79/><U123/><N who="1" m="30720" /><DORA hai="45" /><U57/><E40/><V128/><F118/><W32/><G39/><T114/><D42/><U54/><E7/><V37/><F74/><W99/><G99/><N who="0" m="37931" /><D105/><U19/><E19/><V80/><F18/><W20/><G124/><N who="0" m="47691" /><D114/><U8/><E8/><V117/><F31/><W56/><G24/><T83/><D83/><U97/><E2/><V10/><F80/><W81/><G81/><T82/><D82/><U87/><E88/><V22/><F34/><W73/><G73/><T36/><D36/><U76/><E76/><V26/><F10/><W130/><G130/><T102/><D102/><U30/><E30/><AGARI ba="0,0" hai="14,17,20,21,25,30,32,35,46,51,55,56,61,66" machi="30" ten="30,2900,0" yaku="7,1,52,1" doraHai="91,45" who="3" fromWho="1" sc="289,0,181,-29,253,0,277,29" owari="289,8.9,152,-34.8,253,-14.7,306,40.6" /></mjloggm>