<mjloggm ver="2.3"><GO type="225" lobby="0"/><UN n0="%E3%83%A9%E3%82%B9%E7%8E%87%EF%BC%93%E5%89%B2" n1="%43%68%65" n2="%E6%A3%AE%E5%B1%B1%E7%94%B0%E7%9B%B4%E5%A4%AA%E6%9C%97%E4%B9%8B%E4%BB%8B" n3="%72%69%6F%75%63%68%61%6E" dan="16,16,16,16" rate="2214.71,2095.11,2171.68,2183.72" sx="F,M,M,M"/><TAIKYOKU oya="0"/><INIT seed="0,0,0,0,0,59" ten="250,250,250,250" oya="0" hai0="104,3,101,118,41,86,126,78,34,93,127,64,80" hai1="0,29,28,45,77,27,14,9,76,30,58,38,115" hai2="67,98,12,75,57,32,1,97,110,47,132,121,122" hai3="50,8,111,135,90,85,55,71,92,83,46,84,16"/><T87/><BYE who="1" /><D34/><U114/><E114/><V130/><F1/><W89/><G111/><T106/><D3/><U62/><E62/><V5/><F32/><W11/><G135/><T74/><D41/><U36/><E36/><V60/><F75/><W125/><G125/><N who="0" m="47627" /><D64/><U81/><E81/><V120/><F132/><W17/><REACH who="3" step="1"/><G71/><REACH who="3" ten="250,250,250,240" step="2"/><T53/><D118/><U18/><E18/><AGARI ba="0,1" hai="8,11,16,17,18,46,50,55,83,84,85,89,90,92" machi="18" ten="40,8000,1" yaku="1,1,2,1,8,1,54,1,53,0" doraHai="59" doraHaiUra="124" who="3" fromWho="1" sc="250,0,250,-80,250,0,240,90" /><INIT seed="1,0,0,1,0,57" ten="250,170,250,330" oya="1" hai0="79,89,44,72,4,51,18,110,62,26,96,134,105" hai1="37,118,115,101,20,116,16,121,71,7,34,13,64" hai2="32,122,29,47,30,103,92,22,6,129,66,90,46" hai3="98,61,58,0,63,133,15,59,68,17,36,70,35"/><U65/><E65/><V87/><F122/><W14/><G0/><T10/><D110/><U73/><E73/><V74/><F129/><W9/><G36/><UN n1="%43%68%65" /><T102/><D134/><U126/><E115/><V50/><F74/><W117/><G35/><T95/><D18/><U108/><E121/><V54/><F32/><W53/><G133/><T19/><D19/><U48/><E34/><V52/><F6/><W97/><G117/><T39/><D26/><U2/><E37/><V3/><F3/><W11/><G17/><T49/><D39/><U107/><E108/><V31/><F66/><W130/><REACH who="3" step="1"/><G53/><REACH who="3" ten="250,170,250,320" step="2"/><T132/><D132/><U60/><E126/><V81/><F54/><W94/><G94/><T24/><D95/><U131/><E131/><AGARI ba="0,1" hai="9,11,14,15,58,59,61,63,68,70,97,98,130,131" machi="131" ten="25,8000,1" yaku="1,1,22,2,52,2,53,0" doraHai="57" doraHaiUra="40" who="3" fromWho="1" sc="250,0,170,-80,250,0,320,90" /><INIT seed="2,0,0,5,3,47" ten="250,90,250,410" oya="2" hai0="32,118,114,133,22,120,126,100,119,66,90,75,13" hai1="104,109,78,95,8,99,129,18,21,131,81,51,57" hai2="1,60,11,108,134,38,34,23,101,58,25,67,102" hai3="6,106,127,26,71,53,94,128,15,62,97,59,64"/><V24/><F134/><W46/><G127/><T121/><D66/><U3/><E104/><V20/><F38/><W74/><G128/><T111/><D100/><U29/><E109/><V50/><F108/><W93/><G74/><T19/><D75/><U103/><E29/><V0/><F34/><W80/><G80/><T44/><D111/><U54/><E8/><V72/><F72/><W9/><G46/><T48/><D114/><U84/><REACH who="1" step="1"/><E3/><REACH who="1" ten="250,80,250,410" step="2"/><V113/><F11/><W27/><G106/><T115/><D115/><U2/><E2/><V14/><F0/><W12/><G12/><AGARI ba="0,1" hai="12,18,21,51,54,57,78,81,84,95,99,103,129,131" machi="12" ten="40,5200,0" yaku="1,1,52,1,53,1" doraHai="47" doraHaiUra="76" who="1" fromWho="3" sc="250,0,80,62,250,0,410,-52" /><INIT seed="3,0,0,0,2,107" ten="250,142,250,358" oya="3" hai0="117,24,64,61,100,37,28,48,55,57,126,132,44" hai1="40,98,82,83,112,62,92,135,49,106,42,70,11" hai2="102,4,131,114,68,108,20,120,15,78,51,87,104" hai3="95,81,60,54,10,76,53,84,79,33,52,129,22"/><W66/><G33/><T36/><D117/><U125/><E112/><V30/><F68/><W38/><G38/><T130/><D130/><U50/><E106/><V12/><F114/><W134/><G129/><T35/><D132/><U59/><E135/><V69/><F131/><W80/><G134/><T63/><D126/><U39/><E125/><V19/><F69/><W43/><G43/><T109/><D109/><U56/><E70/><V29/><F108/><W74/><G22/><T1/><D1/><U118/><E118/><V32/><F32/><W45/><G10/><T71/><REACH who="0" step="1"/><D100/><REACH who="0" ten="240,142,250,358" step="2"/><U91/><E39/><V88/><F120/><W113/><G113/><T103/><D103/><U17/><E42/><AGARI ba="0,1" hai="24,28,35,36,37,42,44,48,55,57,61,63,64,71" machi="42" ten="30,3900,0" yaku="1,1,7,1,53,1" doraHai="107" doraHaiUra="67" who="0" fromWho="1" sc="240,49,142,-39,250,0,358,0" owari="289,8.9,103,-39.7,250,-15.0,358,45.8" /></mjloggm>