<mjloggm ver="2.3"><GO type="225" lobby="0"/><UN n0="%5C%28%E2%89%A7%E2%96%BD%E2%89%A6%29%2F" n1="%4C%4F%4C%49%54%41" n2="%E3%81%A4%E3%81%A3%E3%81%B1%E3%82%8A%E3%83%9D%E3%83%BC%E3%83%AB" n3="%E7%99%BD%E5%80%89%E5%AF%9B%E4%B9%8B" dan="16,16,17,16" rate="2090.87,2119.66,2109.44,2099.54" sx="M,F,M,M"/><TAIKYOKU oya="0"/><INIT seed="0,0,0,3,4,62" ten="250,250,250,250" oya="0" hai0="78,89,91,64,56,3,24,97,107,109,4,43,104" hai1="101,69,100,116,38,128,124,51,99,47,103,85,75" hai2="65,120,123,32,59,84,14,113,48,110,118,58,90" hai3="5,20,31,39,13,46,15,19,134,122,36,41,88"/><T126/><D126/><U129/><E75/><V40/><F32/><W23/><G134/><T6/><D43/><U117/><E38/><V132/><F113/><W125/><G125/><T86/><D109/><U82/><E69/><V35/><F35/><W57/><G122/><T74/><D74/><U0/><E0/><V42/><F14/><W71/><G71/><T29/><D78/><N who="1" m="46295" /><E51/><V55/><F90/><W28/><G39/><T9/><D4/><U96/><E47/><N who="2" m="28063" /><F84/><W10/><G57/><N who="2" m="21513" /><F110/><W72/><G72/><T8/><D8/><U18/><E18/><V87/><F87/><W79/><G79/><T22/><D97/><N who="1" m="37451" /><E124/><V102/><F102/><W70/><G70/><T98/><D98/><U7/><E7/><V66/><F132/><W95/><G23/><T30/><D30/><U114/><E114/><V68/><F118/><AGARI ba="0,0" hai="100,101,103,116,117,118,128,129" m="37451,46295" machi="118" ten="40,2600,0" yaku="34,2" doraHai="62" who="1" fromWho="2" sc="250,0,250,26,250,-26,250,0" /><INIT seed="1,0,0,0,5,118" ten="250,276,224,250" oya="1" hai0="62,98,54,39,22,132,78,101,56,28,38,122,77" hai1="57,15,23,42,127,87,76,4,92,68,3,124,59" hai2="90,17,135,97,86,70,30,110,67,130,84,117,48" hai3="25,133,44,64,65,69,85,35,33,121,43,119,111"/><U8/><E68/><V10/><F117/><W0/><G0/><T41/><D132/><U46/><E3/><V55/><F135/><W51/><G133/><T24/><D122/><U47/><E23/><V93/><F130/><W26/><G119/><T107/><REACH who="0" step="1"/><D41/><REACH who="0" ten="240,276,224,250" step="2"/><U102/><E42/><V71/><F110/><W80/><G111/><T5/><D5/><U74/><E4/><V16/><F71/><W13/><G121/><T27/><D27/><U100/><E127/><V7/><F70/><W126/><G126/><T114/><D114/><U61/><E124/><V125/><F125/><W88/><G69/><T60/><D60/><U52/><E61/><V11/><F30/><W36/><G36/><AGARI ba="0,1" hai="22,24,28,36,38,39,54,56,62,77,78,98,101,107" machi="36" ten="40,1300,0" yaku="1,1,53,0" doraHai="118" doraHaiUra="29" who="0" fromWho="3" sc="240,23,276,0,224,0,250,-13" /><INIT seed="2,0,0,4,3,5" ten="263,276,224,237" oya="2" hai0="122,125,101,100,114,30,31,38,11,0,106,96,119" hai1="41,23,97,115,59,129,13,45,63,76,52,16,35" hai2="128,84,121,3,79,69,12,86,120,93,116,26,110" hai3="127,48,53,55,77,108,10,15,91,18,67,72,62"/><V49/><F3/><W14/><G108/><T57/><D114/><U68/><E115/><V17/><F69/><W112/><G112/><T126/><D38/><U32/><E129/><V83/><F116/><W7/><G127/><N who="0" m="48651" /><D122/><U124/><E124/><V8/><F128/><W64/><G72/><T51/><D101/><U111/><E111/><V2/><F110/><W36/><G36/><T75/><D75/><U61/><E76/><V1/><F1/><W47/><G77/><T85/><D85/><U107/><E107/><V132/><F2/><W29/><G29/><T24/><D119/><U131/><E97/><V90/><F132/><W21/><G91/><T50/><D57/><AGARI ba="0,0" hai="7,10,14,15,18,21,47,48,53,55,57,62,64,67" machi="57" ten="40,2600,0" yaku="8,1,52,1" doraHai="5" who="3" fromWho="0" sc="263,-26,276,0,224,0,237,26" /><INIT seed="3,0,0,0,2,88" ten="237,276,224,263" oya="3" hai0="28,22,125,94,15,124,106,47,110,55,36,72,19" hai1="59,82,12,30,113,76,48,52,43,81,40,79,60" hai2="56,23,39,57,121,46,87,45,96,105,20,50,126" hai3="103,69,84,119,62,130,1,4,7,89,61,31,3"/><W101/><G119/><T78/><D106/><U10/><E30/><V51/><F39/><W132/><G69/><T118/><D118/><U73/><E113/><V116/><F116/><W109/><G31/><T134/><D110/><U111/><E60/><N who="3" m="23146" /><G3/><T91/><D78/><U128/><E128/><V93/><F105/><W16/><G1/><T75/><D28/><U70/><E70/><V90/><F126/><N who="0" m="48746" /><D134/><U66/><E66/><V131/><F131/><W120/><G120/><T63/><D63/><U117/><E111/><V67/><F67/><W37/><G37/><T115/><D115/><U8/><E8/><V49/><F121/><W27/><G132/><T34/><D34/><U25/><E25/><V83/><F57/><W133/><G133/><T127/><N who="0" m="48754" /><T74/><DORA hai="100" /><D55/><U71/><E71/><V77/><REACH who="2" step="1"/><F56/><REACH who="2" ten="237,276,214,263" step="2"/><W17/><G130/><T123/><D123/><U85/><E117/><V80/><F80/><N who="3" m="49287" /><G109/><T112/><D112/><U35/><E35/><V14/><F14/><W68/><G68/><T53/><D36/><U58/><E59/><V107/><F107/><W6/><G27/><T65/><D65/><U26/><E26/><V129/><F129/><W13/><G17/><AGARI ba="0,1" hai="10,12,17,40,43,48,52,58,73,76,79,81,82,85" machi="17" ten="30,2000,0" yaku="7,1,54,1" doraHai="88,100" who="1" fromWho="3" sc="237,0,276,30,214,0,263,-20" owari="237,-16.3,306,40.6,214,-28.6,243,4.3" /></mjloggm>