<mjloggm ver="2.3"><GO type="225" lobby="0"/><UN n0="%4C%C3%97%57%C3%97%4C" n1="%E6%98%BC%E4%B8%8B%E3%81%8C%E3%82%8A%E3%81%AE%E5%9B%A3%E5%9C%B0%E5%A6%BB" n2="%E6%97%A5%E6%9B%9C%E6%97%A5%E3%82%88%E3%82%8A%E3%81%AE%E4%BD%BF%E8%80%85" n3="%E3%83%A9%E3%82%A4%E3%83%B3%E3%81%AE%E8%99%8E" dan="17,16,16,16" rate="2175.78,2149.73,2139.47,2178.20" sx="M,F,M,M"/><TAIKYOKU oya="0"/><INIT seed="0,0,0,3,2,130" ten="250,250,250,250" oya="0" hai0="117,56,106,44,51,73,59,111,121,71,125,135,108" hai1="66,18,64,60,126,70,55,109,94,24,45,30,0" hai2="36,133,23,48,52,41,131,91,26,93,76,75,124" hai3="57,39,61,83,34,92,13,49,79,88,86,134,32"/><T101/><D117/><U65/><E109/><N who="0" m="42057" /><D121/><U127/><E0/><V82/><F131/><W16/><G39/><T128/><D128/><U81/><E18/><V29/><F124/><N who="1" m="47657" /><E81/><V74/><F133/><W17/><G134/><T46/><D125/><U22/><E94/><V31/><F75/><W20/><G17/><T107/><D73/><U27/><E24/><V132/><F132/><W50/><G34/><T87/><D71/><U21/><E21/><V99/><F36/><W122/><G32/><T116/><D116/><U72/><E72/><V97/><F41/><W67/><REACH who="3" step="1"/><G122/><REACH who="3" ten="250,250,250,240" step="2"/><T5/><D135/><U4/><E4/><V110/><F110/><W47/><G47/><T112/><D44/><U96/><E96/><AGARI ba="0,1" hai="13,16,20,49,50,57,61,67,79,83,86,88,92,96" machi="96" ten="30,8000,1" yaku="1,1,7,1,8,1,54,2,53,0" doraHai="130" doraHaiUra="104" who="3" fromWho="1" sc="250,0,250,-80,250,0,240,90" /><INIT seed="1,0,0,3,5,125" ten="250,170,250,330" oya="1" hai0="65,63,110,78,51,17,19,126,109,77,107,135,131" hai1="57,45,22,88,40,121,24,36,133,49,27,103,37" hai2="96,2,38,106,111,47,100,130,119,26,32,64,43" hai3="86,76,94,54,71,62,16,41,52,44,69,74,46"/><U73/><E121/><V104/><F119/><W120/><G120/><T34/><D126/><U79/><E133/><V4/><F111/><N who="0" m="42506" /><D135/><U50/><E103/><V20/><F130/><W99/><G74/><T102/><D34/><U42/><E27/><V97/><F64/><W72/><G72/><T53/><D102/><U92/><E79/><N who="0" m="30217" /><D107/><U90/><E73/><V55/><F55/><W39/><G86/><T85/><D85/><U129/><E129/><V70/><F70/><W81/><G81/><T35/><D35/><U0/><E0/><V61/><F61/><W75/><G54/><T117/><D117/><U28/><E57/><V25/><F32/><W30/><G76/><T67/><D131/><U1/><E1/><V122/><F122/><W124/><G75/><T127/><D127/><U15/><E15/><V115/><F115/><W93/><G93/><T87/><D87/><U8/><E8/><V128/><F128/><W84/><G84/><T58/><D67/><U112/><E112/><V31/><F26/><W83/><G83/><T59/><AGARI ba="0,0" hai="17,19,51,53,58,59,63,65" m="30217,42506" machi="59" ten="30,1100,0" yaku="14,1" doraHai="125" who="0" fromWho="0" sc="250,11,170,-5,250,-3,330,-3" /><INIT seed="2,0,0,5,5,0" ten="261,165,247,327" oya="2" hai0="10,36,18,53,114,75,64,97,85,120,11,31,21" hai1="67,13,102,56,32,20,63,48,38,122,55,39,70" hai2="77,61,113,94,106,33,135,74,110,95,91,35,128" hai3="84,132,29,7,23,30,79,66,126,116,92,50,78"/><V119/><F113/><W22/><G116/><T25/><D75/><U3/><E32/><V72/><F119/><W100/><G126/><T124/><D114/><U134/><E134/><V96/><F106/><W51/><G66/><T16/><D120/><U69/><E69/><V109/><F135/><W43/><G132/><T82/><D36/><U54/><E122/><V40/><F128/><W86/><G100/><T117/><D124/><U57/><E102/><V49/><F61/><W76/><G92/><T12/><D97/><U73/><E3/><V99/><F49/><W4/><G79/><T104/><D104/><U81/><E81/><V44/><F44/><W103/><G103/><T83/><D64/><U129/><E73/><V60/><F60/><W71/><G43/><T121/><D121/><U68/><E68/><AGARI ba="0,0" hai="4,7,22,23,29,30,50,51,68,71,76,78,84,86" machi="68" ten="25,6400,0" yaku="22,2,52,2" doraHai="0" who="3" fromWho="1" sc="261,0,165,-64,247,0,327,64" /><INIT seed="3,0,0,3,4,111" ten="261,101,247,391" oya="3" hai0="114,106,134,84,7,18,0,66,45,29,17,15,52" hai1="71,89,57,95,12,2,14,31,74,10,128,65,50" hai2="98,68,75,19,64,23,69,62,13,30,22,127,85" hai3="129,21,94,49,120,115,107,124,59,16,36,82,28"/><W33/><G115/><T47/><D106/><U109/><E109/><V105/><F75/><W72/><G36/><T61/><D114/><U26/><E74/><V132/><F127/><W27/><G129/><T3/><D134/><U34/><E128/><V24/><F132/><W123/><G107/><T86/><D29/><U46/><E71/><V103/><F85/><N who="0" m="32874" /><D0/><U32/><E32/><V42/><F42/><W53/><G124/><T70/><D3/><U125/><E125/><V35/><F68/><W101/><G101/><T55/><D70/><U102/><E2/><V110/><REACH who="2" step="1"/><F110/><REACH who="2" ten="261,101,237,391" step="2"/><W90/><G72/><T113/><D113/><U51/><E89/><V8/><AGARI ba="0,1" hai="8,13,19,22,23,24,30,35,62,64,69,98,103,105" machi="8" ten="20,12000,2" yaku="1,1,2,1,0,1,7,1,25,2,53,0" doraHai="111" doraHaiUra="39" who="2" fromWho="2" sc="261,-30,101,-30,237,130,391,-60" owari="231,-16.9,71,-42.9,367,46.7,331,13.1" /></mjloggm>