<mjloggm ver="2.3"><GO type="225" lobby="0"/><UN n0="%E7%99%BD%E6%98%BC%E9%87%8C%E7%9A%84%E5%A4%9C" n1="%77%72%77%72%77%72%77%72" n2="%E3%81%AF%E3%82%88%E3%81%8A%E3%81%98%E3%81%95%E3%82%93" n3="%E3%81%BF%E3%81%BF%E3%81%9A" dan="16,17,17,17" rate="2064.45,2191.16,2146.48,2190.23" sx="M,M,M,M"/><TAIKYOKU oya="0"/><INIT seed="0,0,0,1,3,8" ten="250,250,250,250" oya="0" hai0="74,93,53,122,66,128,72,20,56,44,121,79,77" hai1="119,78,50,36,42,107,105,104,22,45,97,98,103" hai2="33,32,16,62,69,60,43,23,83,88,46,102,127" hai3="135,89,124,82,94,106,29,9,31,132,68,108,25"/><T10/><D128/><U58/><E119/><V116/><F116/><W2/><G106/><T17/><D66/><U51/><E78/><V76/><F127/><W90/><G68/><T99/><D44/><U59/><E22/><V15/><F102/><W63/><G63/><T40/><D40/><U3/><E3/><V111/><F111/><W84/><G108/><T113/><D113/><U71/><E71/><V4/><F4/><N who="3" m="1175" /><G124/><T109/><D10/><U64/><E64/><V91/><F32/><W81/><G90/><N who="2" m="34345" /><F33/><N who="3" m="20655" /><G31/><T95/><D109/><U70/><E70/><V24/><F24/><W28/><G28/><T11/><D11/><U6/><E6/><V130/><F130/><W0/><G0/><T67/><D67/><U7/><E7/><V38/><F38/><W129/><G129/><T120/><D95/><U134/><E104/><V126/><F69/><W13/><G13/><T117/><D117/><U96/><E105/><V115/><F115/><W125/><G125/><T80/><D79/><U87/><E103/><V133/><F133/><AGARI ba="0,0" hai="81,82,84,89,94,132,133,135" m="20655,1175" machi="133" ten="30,1000,0" yaku="20,1" doraHai="8" who="3" fromWho="2" sc="250,0,250,0,250,-10,250,10" /><INIT seed="1,0,0,3,3,114" ten="250,250,240,260" oya="1" hai0="77,108,113,120,11,3,34,109,134,97,47,74,33" hai1="118,7,105,83,98,53,14,125,13,20,69,2,131" hai2="135,99,9,55,103,91,65,64,107,51,110,89,102" hai3="82,1,66,50,101,8,62,16,88,75,67,43,90"/><U79/><E69/><V58/><F110/><N who="0" m="42602" /><D113/><U36/><E36/><V22/><F135/><W18/><G101/><N who="2" m="38409" /><F107/><W24/><G75/><T31/><D134/><U57/><E105/><V38/><F38/><W23/><G82/><N who="0" m="45367" /><D120/><U17/><E131/><V92/><F9/><W78/><G78/><T41/><D97/><U49/><E125/><V35/><F35/><W116/><G116/><T45/><D31/><U84/><E118/><V95/><F22/><W26/><G1/><T124/><D124/><U126/><E126/><V48/><F51/><W40/><G50/><N who="0" m="26927" /><D47/><U4/><E2/><V73/><F73/><W70/><G70/><T85/><D85/><AGARI ba="0,0" hai="48,55,58,64,65,85,89,91,92,95,99" m="38409" machi="85" ten="30,1000,0" yaku="8,1" doraHai="114" who="2" fromWho="0" sc="250,-10,250,0,240,10,260,0" /><INIT seed="2,0,0,3,1,36" ten="240,250,250,260" oya="2" hai0="73,64,86,67,129,130,132,133,3,79,29,26,107" hai1="17,90,6,5,69,80,28,44,106,125,39,62,4" hai2="94,33,120,116,10,37,57,134,83,96,84,65,124" hai3="135,126,110,31,113,112,48,32,9,105,0,35,55"/><V87/><F116/><W15/><G105/><T89/><D107/><U71/><E106/><V131/><F120/><W101/><G101/><T115/><D3/><U23/><E125/><V70/><F37/><W45/><G126/><T72/><D64/><U56/><E28/><V76/><F124/><W114/><G110/><T59/><D59/><U66/><E80/><V74/><F33/><W61/><G135/><N who="0" m="51787" /><D67/><U14/><REACH who="1" step="1"/><E90/><REACH who="1" ten="240,240,250,260" step="2"/><N who="2" m="55383" /><F134/><W22/><G31/><T108/><D108/><U47/><E47/><V43/><F83/><W19/><G35/><N who="0" m="20919" /><D115/><U11/><E11/><V53/><F10/><W30/><G32/><T95/><D79/><U104/><E104/><V88/><F76/><W24/><G0/><T16/><D16/><U58/><E58/><V99/><F57/><W103/><G103/><T34/><D34/><U49/><E49/><V91/><F91/><W97/><G61/><T68/><D68/><U78/><E78/><V102/><F88/><W51/><G48/><T38/><D38/><U2/><E2/><V81/><F70/><W25/><G113/><T121/><D121/><U127/><E127/><V119/><F102/><W8/><G8/><T60/><D60/><U27/><E27/><V1/><F1/><W41/><G24/><T128/><AGARI ba="0,1" hai="72,73,86,89,95,128,129,130" m="20919,51787" machi="128" ten="40,2700,0" yaku="19,1,20,1" doraHai="36" who="0" fromWho="0" sc="240,37,240,-7,250,-13,260,-7" /><INIT seed="3,0,0,2,2,13" ten="277,233,237,253" oya="3" hai0="64,58,67,29,6,85,19,91,9,123,107,92,119" hai1="53,100,35,90,79,82,121,59,120,98,51,130,21" hai2="28,23,132,26,101,68,99,39,122,33,115,5,124" hai3="72,71,96,84,50,36,60,117,8,126,105,76,104"/><W27/><G117/><T116/><D107/><U135/><E130/><V97/><F39/><W30/><G36/><T15/><D123/><U38/><E135/><V66/><F115/><W80/><G126/><T108/><D108/><U133/><E133/><V106/><F132/><W17/><G50/><T70/><D29/><U88/><E35/><V45/><F124/><W129/><G129/><T22/><D70/><U95/><E38/><V127/><F127/><W113/><G113/><T2/><REACH who="0" step="1"/><D58/><REACH who="0" ten="267,233,237,253" step="2"/><U32/><E32/><V114/><F28/><W44/><G30/><T65/><AGARI ba="0,1" hai="2,6,9,15,19,22,64,65,67,85,91,92,116,119" machi="65" ten="30,7900,0" yaku="1,1,2,1,0,1,52,1,53,0" doraHai="13" doraHaiUra="125" who="0" fromWho="0" sc="267,89,233,-20,237,-20,253,-39" owari="356,45.6,213,-28.7,217,1.7,214,-18.6" /></mjloggm>