<mjloggm ver="2.3"><GO type="225" lobby="0"/><UN n0="%72%65%6E%6B%75%6E" n1="%E7%B4%94%E6%BD%94%E3%83%94%E3%83%A9%E3%83%8B%E3%82%A2" n2="%4B%2E%32%2E%4B%2E" n3="%EF%BC%AE%EF%BC%A1%EF%BC%AF%33%33%39" dan="17,17,16,16" rate="2170.08,2206.32,2132.63,2178.64" sx="M,M,M,M"/><TAIKYOKU oya="0"/><INIT seed="0,0,0,2,0,53" ten="250,250,250,250" oya="0" hai0="112,113,20,130,60,86,72,129,125,40,29,69,51" hai1="32,0,81,21,122,37,43,38,77,73,115,52,2" hai2="50,104,120,68,90,108,101,76,119,116,49,65,102" hai3="55,12,111,132,126,87,7,9,17,56,4,95,93"/><T33/><D72/><U64/><E32/><V11/><F120/><W42/><G42/><T134/><D33/><U23/><E122/><V19/><F76/><W96/><G111/><T106/><D106/><U1/><E64/><V8/><F108/><W97/><G132/><T83/><D134/><U121/><E121/><V35/><F35/><W91/><G126/><T74/><D74/><U75/><E115/><V26/><F90/><W82/><G95/><T110/><D125/><U118/><E118/><N who="2" m="45099" /><F65/><W127/><G127/><T3/><D3/><U67/><E67/><V46/><F68/><W135/><G135/><T98/><D98/><U57/><E73/><V85/><F85/><W103/><REACH who="3" step="1"/><G96/><REACH who="3" ten="250,250,250,240" step="2"/><T62/><D110/><U6/><E43/><V24/><F104/><W36/><G36/><T100/><D112/><U54/><E38/><V45/><F45/><W44/><G44/><N who="0" m="25991" /><D113/><U89/><E37/><V107/><F107/><W22/><G22/><T16/><D130/><U66/><E23/><V34/><F46/><W41/><G41/><T15/><D129/><U80/><E21/><N who="2" m="13375" /><F8/><W124/><G124/><T99/><D29/><U48/><E80/><V39/><F11/><W47/><G47/><T18/><D69/><U131/><E131/><V70/><F39/><W114/><G114/><T105/><D18/><U31/><E31/><N who="2" m="19831" /><F70/><W58/><G58/><T61/><D83/><U71/><E81/><V123/><F123/><W128/><G128/><T10/><D10/><U84/><E57/><V88/><F49/><AGARI ba="0,1" hai="4,7,9,12,17,49,55,56,82,87,91,93,97,103" machi="49" ten="30,7700,0" yaku="1,1,7,1,8,1,52,1,53,0" doraHai="53" doraHaiUra="109" who="3" fromWho="2" sc="250,0,250,0,250,-77,240,87" /><INIT seed="1,0,0,3,3,77" ten="250,250,173,327" oya="1" hai0="59,122,69,119,60,98,10,21,31,86,35,97,78" hai1="124,107,37,2,18,133,110,28,93,36,96,95,128" hai2="4,70,15,92,102,16,105,130,62,45,29,38,99" hai3="22,33,106,44,81,94,134,11,103,88,125,13,19"/><U6/><E18/><V49/><F130/><W123/><G33/><T64/><D119/><U129/><E124/><V120/><F120/><W85/><G123/><T8/><D122/><U58/><E133/><V67/><F38/><N who="1" m="14953" /><E28/><V135/><F135/><W74/><G134/><T116/><D35/><U43/><E43/><V131/><F131/><N who="1" m="50249" /><E110/><V53/><F29/><W46/><G125/><T100/><D116/><U73/><E73/><V27/><F105/><W0/><G0/><T55/><D10/><N who="1" m="2391" /><E58/><V50/><F4/><W54/><G11/><T83/><D8/><U20/><E20/><V1/><F1/><W80/><G74/><T76/><D76/><U12/><E12/><V114/><F27/><W113/><G106/><T132/><D132/><U87/><E87/><V17/><F15/><W52/><G103/><AGARI ba="0,0" hai="93,95,96,103,107" m="2391,50249,14953" machi="103" ten="30,1500,0" yaku="19,1" doraHai="77" who="1" fromWho="3" sc="250,0,250,15,173,0,327,-15" /><INIT seed="1,1,0,5,2,96" ten="250,265,173,312" oya="1" hai0="51,47,49,7,9,57,132,35,70,54,97,84,120" hai1="90,130,87,16,62,88,60,26,8,63,10,30,23" hai2="109,20,124,73,98,21,29,48,127,33,45,22,56" hai3="82,61,122,58,110,114,107,134,93,4,37,80,75"/><U135/><E130/><V25/><F73/><W126/><G114/><T6/><D35/><U113/><E113/><V76/><F76/><W112/><G112/><T92/><D70/><U118/><E118/><V108/><F56/><W111/><G37/><T133/><D120/><U28/><E135/><N who="0" m="51785" /><D84/><U44/><E44/><V94/><F45/><W2/><G107/><T42/><D9/><N who="1" m="3691" /><E90/><AGARI ba="1,0" hai="6,7,42,47,49,51,54,57,90,92,97" m="51785" machi="90" ten="30,1000,0" yaku="20,1" doraHai="96" who="0" fromWho="1" sc="250,13,265,-13,173,0,312,0" /><INIT seed="2,0,0,3,4,8" ten="263,252,173,312" oya="2" hai0="25,114,12,38,108,69,83,94,58,3,72,46,43" hai1="61,68,100,105,103,6,36,2,133,5,29,132,27" hai2="78,65,96,85,88,44,42,0,131,109,47,10,86" hai3="49,9,50,128,20,33,26,70,60,82,66,127,54"/><V91/><F131/><W32/><G128/><T125/><D3/><U124/><E36/><V31/><F109/><W57/><G127/><T92/><D69/><U90/><E90/><V34/><F65/><W126/><G126/><T17/><D114/><U48/><E48/><V62/><F62/><W19/><G82/><T28/><D108/><U56/><E68/><V14/><F0/><W55/><REACH who="3" step="1"/><G9/><REACH who="3" ten="263,252,173,302" step="2"/><T51/><D125/><U117/><E124/><V129/><F129/><W30/><G30/><T77/><D28/><U111/><E111/><V1/><F31/><W87/><G87/><T95/><D25/><U18/><E29/><V41/><F34/><W119/><G119/><T24/><D24/><U130/><E27/><V110/><F110/><W11/><G11/><T84/><D72/><U89/><E130/><V118/><F118/><W97/><G97/><T39/><REACH who="0" step="1"/><D58/><AGARI ba="0,1" hai="19,20,26,32,33,49,50,54,55,57,58,60,66,70" machi="58" ten="30,7700,0" yaku="1,1,7,1,9,1,53,1" doraHai="8" doraHaiUra="63" who="3" fromWho="0" sc="263,-77,252,0,173,0,302,87" /><INIT seed="3,0,0,3,0,116" ten="186,252,173,389" oya="3" hai0="33,44,106,13,120,26,23,27,128,85,62,97,28" hai1="5,54,65,47,35,96,55,22,132,90,11,32,9" hai2="86,10,66,114,24,69,129,130,21,8,14,15,49" hai3="105,103,39,113,76,36,112,101,38,43,125,52,46"/><W73/><G76/><T48/><D128/><N who="2" m="49258" /><F114/><W121/><G73/><T77/><D120/><U107/><E22/><V56/><F69/><W91/><G91/><T3/><D3/><U94/><E65/><V37/><F37/><N who="3" m="14443" /><G103/><T4/><D62/><U115/><E9/><N who="2" m="3691" /><F86/><W42/><G101/><T123/><D123/><U40/><E107/><V71/><F71/><W135/><G121/><T51/><D13/><N who="2" m="4618" /><F66/><W63/><G105/><T18/><D4/><U67/><E5/><V89/><F89/><W127/><G43/><T119/><D119/><U88/><E40/><V110/><F110/><W124/><G113/><T92/><D106/><U59/><E115/><V17/><F49/><W72/><G72/><T117/><D117/><U84/><E84/><V19/><F56/><N who="3" m="35207" /><G112/><T81/><D44/><U29/><E47/><V41/><F41/><W53/><G53/><T78/><D77/><U133/><E55/><V98/><F98/><W58/><G58/><T100/><AGARI ba="0,0" hai="18,23,26,27,28,33,48,51,78,81,85,92,97,100" machi="100" ten="20,1500,0" yaku="0,1,7,1" doraHai="116" who="0" fromWho="0" sc="186,15,252,-4,173,-4,389,-7" owari="201,-19.9,248,4.8,169,-33.1,382,48.2" /></mjloggm>