<mjloggm ver="2.3"><GO type="225" lobby="0"/><UN n0="%E6%A1%9C%E8%8A%B1%E9%96%83%E3%80%85" n1="%70%68%65%6E%6F%6D%65" n2="%E3%83%96%E3%83%83%E3%83%91%E3%82%AA%E3%83%96%E3%83%81%E3%82%AD%E3%83%B3" n3="%E3%81%8B%E3%82%8F%E3%81%A1%E3%82%83%E3%82%93%35%38" dan="16,16,16,16" rate="2174.88,2174.18,2247.96,2106.95" sx="M,M,M,M"/><TAIKYOKU oya="0"/><INIT seed="0,0,0,1,2,69" ten="250,250,250,250" oya="0" hai0="28,73,2,106,121,109,130,126,129,93,86,55,60" hai1="127,20,10,23,81,68,48,44,77,33,92,117,88" hai2="34,98,62,9,123,131,95,13,49,45,120,46,102" hai3="35,110,30,70,83,21,32,101,19,27,31,14,54"/><T76/><D2/><U5/><E117/><V65/><F34/><W99/><G110/><T3/><D3/><U16/><E33/><V116/><F131/><N who="0" m="50186" /><D121/><U41/><E68/><V40/><F46/><W134/><G134/><T26/><D106/><U11/><E127/><V17/><REACH who="2" step="1"/><F116/><REACH who="2" ten="250,250,240,250" step="2"/><W118/><G118/><T75/><D126/><U64/><E5/><V36/><F36/><W58/><G32/><N who="0" m="20503" /><D109/><U52/><E64/><V71/><AGARI ba="0,1" hai="9,13,17,40,45,49,62,65,71,95,98,102,120,123" machi="71" ten="20,2700,0" yaku="1,1,0,1,7,1,53,0" doraHai="69" doraHaiUra="107" who="2" fromWho="2" sc="250,-13,250,-7,240,37,250,-7" /><INIT seed="1,0,0,3,5,33" ten="237,243,277,243" oya="1" hai0="133,96,114,85,48,62,42,90,26,59,13,36,95" hai1="91,94,35,15,43,132,82,24,121,63,12,135,27" hai2="99,34,41,52,32,45,128,102,93,54,9,65,81" hai3="92,88,84,97,39,78,21,11,123,101,98,80,1"/><U38/><E121/><V111/><F111/><W127/><G123/><T46/><D133/><N who="1" m="51275" /><E82/><V4/><F128/><W56/><G127/><T49/><D114/><U113/><E113/><V5/><F65/><W76/><G39/><T118/><D118/><U58/><E43/><V116/><F116/><W6/><G21/><T68/><D68/><U22/><E38/><V79/><F34/><W25/><G25/><N who="1" m="9802" /><E22/><V115/><F32/><W100/><REACH who="3" step="1"/><G56/><REACH who="3" ten="237,243,277,233" step="2"/><T60/><D26/><U69/><E35/><V67/><F115/><W10/><G10/><T73/><D36/><U37/><E37/><V53/><F67/><W31/><G31/><T89/><D59/><U105/><E69/><V119/><F119/><W44/><G44/><T124/><D124/><U110/><E110/><V71/><F71/><W106/><AGARI ba="0,1" hai="1,6,11,76,78,80,84,88,92,97,98,100,101,106" machi="106" ten="20,8000,1" yaku="1,1,0,1,7,1,52,1,54,1,53,0" doraHai="33" doraHaiUra="126" who="3" fromWho="3" sc="237,-20,243,-40,277,-20,233,90" /><INIT seed="2,0,0,4,0,122" ten="217,203,257,323" oya="2" hai0="52,79,6,25,135,38,55,61,35,130,70,1,9" hai1="133,53,112,22,13,15,84,20,34,58,102,47,100" hai2="110,92,10,42,97,86,49,76,119,124,32,123,31" hai3="81,98,29,28,37,45,106,115,90,43,18,72,73"/><V67/><F123/><W24/><G115/><T99/><D130/><U89/><E34/><V69/><F119/><W113/><G113/><T56/><D135/><U118/><E118/><V71/><F124/><W74/><G18/><T23/><D35/><U33/><E33/><V93/><F67/><W51/><G51/><T39/><D70/><U108/><E108/><V126/><F126/><W103/><G24/><T129/><D129/><U59/><E112/><V66/><F66/><W109/><G109/><T85/><D55/><U101/><E133/><V116/><F116/><W54/><G54/><T11/><D11/><U50/><E22/><V95/><F110/><W44/><G44/><T80/><REACH who="0" step="1"/><D99/><REACH who="0" ten="207,203,257,323" step="2"/><U40/><E20/><V2/><F97/><W64/><G64/><T62/><D62/><U21/><E21/><V128/><F10/><W75/><G98/><T96/><D96/><U4/><E4/><V8/><F8/><W127/><G127/><T46/><D46/><U5/><E5/><V77/><F71/><W114/><G114/><T94/><D94/><N who="1" m="54567" /><E58/><V65/><F69/><W87/><G45/><T78/><D78/><U3/><E3/><V0/><F77/><W26/><G103/><N who="1" m="26370" /><U48/><AGARI ba="0,1" hai="13,15,40,47,48,50,53,59" m="26370,54567" machi="48" ten="30,2000,0" yaku="4,1,8,1" doraHai="122" who="1" fromWho="1" sc="207,-5,203,30,257,-10,323,-5" /><INIT seed="3,0,0,3,0,8" ten="202,233,247,318" oya="3" hai0="7,135,24,103,31,38,62,60,2,53,33,126,70" hai1="94,14,120,134,87,22,125,58,27,15,106,52,10" hai2="127,96,42,9,46,21,95,47,117,123,105,29,86" hai3="83,57,36,108,25,102,19,5,26,88,114,18,72"/><W110/><G114/><T65/><D126/><U128/><E120/><V63/><F117/><W4/><G36/><T17/><D135/><U56/><E106/><V49/><F127/><W109/><G102/><T37/><D2/><U50/><E125/><V113/><F113/><W101/><G101/><T68/><D7/><N who="3" m="2633" /><G57/><T1/><D1/><U30/><E134/><V131/><F131/><W121/><G121/><T12/><D103/><U130/><E58/><V129/><F129/><N who="1" m="49769" /><E10/><V111/><F111/><W28/><G26/><T92/><D92/><U3/><E3/><V90/><F105/><W97/><G97/><T74/><D74/><U100/><E87/><V66/><F86/><N who="3" m="50271" /><G72/><T76/><D76/><U91/><E91/><V45/><F123/><W119/><G119/><T40/><D40/><U20/><E100/><V51/><F42/><W75/><G75/><T13/><D53/><U89/><E89/><V41/><F41/><W115/><G115/><T11/><REACH who="0" step="1"/><D12/><REACH who="0" ten="192,233,247,318" step="2"/><N who="1" m="4651" /><E94/><V104/><F95/><W23/><AGARI ba="0,1" hai="18,19,23,25,28,108,109,110" m="50271,2633" machi="23" ten="40,7800,0" yaku="14,1,10,1,54,1" doraHai="8" who="3" fromWho="3" sc="192,-26,233,-26,247,-26,318,88" owari="166,-33.4,207,-19.3,221,2.1,406,50.6" /></mjloggm>