<mjloggm ver="2.3"><GO type="225" lobby="0"/><UN n0="%E3%81%A4%E3%81%A3%E3%81%B1%E3%82%8A%E3%83%9D%E3%83%BC%E3%83%AB" n1="%E3%81%94%E3%81%BE%E6%B2%B9%E9%A3%B2%E3%81%BF%E5%A4%AA%E9%83%8E" n2="%E6%81%A5%E6%99%92%E3%81%97" n3="%E3%83%A9%E3%82%A4%E3%83%B3%E3%81%AE%E8%99%8E" dan="17,16,17,16" rate="2149.01,2094.14,2151.82,2184.73" sx="M,M,M,M"/><TAIKYOKU oya="0"/><INIT seed="0,0,0,1,1,107" ten="250,250,250,250" oya="0" hai0="24,32,112,43,88,35,86,13,60,36,84,27,53" hai1="10,66,110,106,56,9,85,7,26,71,46,39,114" hai2="129,77,51,94,65,64,31,11,34,57,105,19,58" hai3="115,99,116,80,131,37,63,132,23,78,109,121,123"/><T91/><D112/><U61/><E110/><V41/><F105/><W30/><G37/><T21/><D36/><U1/><E106/><V133/><F129/><W70/><G115/><T97/><D43/><U5/><E114/><V118/><F133/><W38/><G38/><T49/><D60/><U126/><E126/><V47/><F31/><W74/><G116/><T81/><D97/><U96/><E96/><V90/><F34/><W73/><G109/><T28/><D13/><U45/><E26/><V122/><F77/><W3/><G3/><T100/><D100/><U20/><E20/><V67/><F122/><N who="3" m="46603" /><G99/><T79/><D27/><U119/><E119/><V101/><F101/><W52/><G131/><T92/><REACH who="0" step="1"/><D79/><REACH who="0" ten="240,250,250,250" step="2"/><U93/><E39/><V40/><F41/><W2/><G2/><T98/><D98/><U130/><E130/><V29/><F40/><W125/><G125/><T62/><D62/><U104/><E61/><V22/><F67/><N who="3" m="41343" /><G52/><T42/><D42/><U18/><E66/><V14/><F65/><W76/><G132/><T15/><D15/><U124/><E124/><V8/><F64/><W33/><G78/><T6/><D6/><U113/><E5/><V68/><F68/><W17/><G76/><T44/><AGARI ba="0,1" hai="21,24,28,32,35,44,49,53,81,84,86,88,91,92" machi="44" ten="20,7800,0" yaku="1,1,0,1,7,1,54,1,53,0" doraHai="107" doraHaiUra="128" who="0" fromWho="0" sc="240,88,250,-26,250,-26,250,-26" /><INIT seed="0,1,0,4,4,36" ten="328,224,224,224" oya="0" hai0="108,8,6,116,81,22,127,76,39,113,130,97,107" hai1="99,88,42,84,114,3,14,29,61,15,21,93,4" hai2="92,65,96,5,37,106,24,55,9,68,16,123,25" hai3="67,34,120,0,33,128,87,121,94,31,126,115,95"/><T53/><D113/><U112/><E3/><V60/><F123/><N who="3" m="47179" /><G115/><N who="1" m="44074" /><E61/><V26/><F106/><W51/><G126/><T30/><D116/><U44/><E4/><V49/><F37/><W13/><G128/><T73/><D39/><N who="1" m="21599" /><E99/><V122/><F122/><W132/><G0/><T52/><D127/><U11/><E11/><V82/><F82/><W102/><G132/><T100/><D130/><U57/><E57/><V90/><F5/><W89/><G67/><T74/><D74/><U117/><E117/><V134/><F134/><W72/><G72/><T27/><REACH who="0" step="1"/><D108/><REACH who="0" ten="318,224,224,224" step="2"/><U46/><E46/><V98/><F98/><W66/><G87/><T111/><D111/><U48/><E48/><V12/><REACH who="2" step="1"/><F26/><AGARI ba="1,1" hai="14,15,21,26,29,84,88,93" m="21599,44074" machi="26" ten="30,3900,0" yaku="11,1,52,1,54,1" doraHai="36" who="1" fromWho="2" sc="318,0,224,52,224,-42,224,0" /><INIT seed="1,0,0,3,2,54" ten="318,276,182,224" oya="1" hai0="37,46,55,120,44,76,27,134,11,93,30,104,85" hai1="6,111,71,3,83,112,96,110,45,63,64,103,84" hai2="8,24,132,53,119,67,95,9,116,135,74,123,97" hai3="38,86,75,79,17,42,25,4,88,14,92,60,19"/><U5/><E45/><V70/><F123/><W72/><G38/><T51/><D104/><U91/><E112/><V20/><F74/><W118/><G118/><BYE who="3" /><T50/><D120/><U66/><E66/><V58/><F67/><W2/><G2/><T127/><D127/><U105/><REACH who="1" step="1"/><E3/><REACH who="1" ten="318,266,182,224" step="2"/><V49/><F70/><W22/><G22/><UN n3="%E3%83%A9%E3%82%A4%E3%83%B3%E3%81%AE%E8%99%8E" /><T47/><D47/><U57/><E57/><V35/><F119/><W36/><G42/><T130/><D46/><U133/><E133/><N who="2" m="51275" /><F116/><W29/><G36/><T13/><D44/><U81/><E81/><V109/><F35/><W39/><G39/><T10/><D37/><U65/><E65/><V21/><F109/><AGARI ba="0,1" hai="5,6,63,64,71,83,84,91,96,103,105,109,110,111" machi="109" ten="40,18000,2" yaku="1,1,14,1,10,1,53,3" doraHai="54" doraHaiUra="121" who="1" fromWho="2" sc="318,0,266,190,182,-180,224,0" /><INIT seed="1,1,0,5,5,35" ten="318,456,2,224" oya="1" hai0="75,44,4,135,14,33,133,123,53,21,131,115,48" hai1="7,90,101,78,17,91,10,96,58,129,50,63,128" hai2="110,26,105,85,65,126,22,119,132,97,134,39,103" hai3="88,11,68,27,73,64,100,121,36,57,23,118,72"/><U40/><E17/><V13/><F39/><W122/><G36/><T99/><D115/><U107/><E50/><V61/><F119/><W83/><G68/><T45/><D33/><U81/><E40/><V16/><F110/><W20/><G100/><T79/><D131/><N who="1" m="50251" /><E81/><V130/><F130/><W84/><G118/><T80/><D99/><U56/><E78/><V92/><F126/><W28/><G20/><T95/><D95/><U76/><E76/><V6/><F85/><W98/><G98/><T114/><D114/><U55/><E58/><N who="2" m="37047" /><F105/><W31/><G31/><T29/><D123/><U49/><E63/><V9/><F132/><N who="0" m="50762" /><D45/><U59/><E59/><V111/><F111/><W34/><G121/><T89/><D89/><U116/><E116/><V0/><F0/><AGARI ba="1,0" hai="0,7,10,49,55,56,90,91,96,101,107" m="50251" machi="0" ten="30,2900,0" yaku="19,1,52,1" doraHai="35" who="1" fromWho="2" sc="318,0,456,32,2,-32,224,0" owari="318,11.8,488,58.8,-30,-53.0,224,-17.6" /></mjloggm>