<mjloggm ver="2.3"><GO type="225" lobby="0"/><UN n0="%E4%BF%BA%E3%81%A8%E5%A6%96%E5%A4%A2" n1="%E3%83%B4%E3%83%A0%EF%BC%99%E3%81%A6" n2="%E3%83%81%E3%83%83%E3%82%BF%E3%82%BD%E3%83%BC" n3="%E5%B6%BA%E4%B8%8A%E5%92%B2" dan="16,17,16,16" rate="2199.55,2154.28,2178.34,2166.70" sx="F,M,F,F"/><TAIKYOKU oya="0"/><INIT seed="0,0,0,2,4,118" ten="250,250,250,250" oya="0" hai0="134,23,102,9,48,7,18,128,78,28,97,16,115" hai1="34,3,130,42,30,94,119,98,120,101,107,64,122" hai2="33,96,104,87,44,100,132,63,79,123,50,99,91" hai3="2,1,67,70,108,82,112,35,127,38,46,43,27"/><T113/><D128/><U72/><E119/><V109/><F33/><W24/><G112/><T131/><D131/><U0/><E130/><V77/><F63/><N who="3" m="40319" /><G27/><T8/><D78/><N who="2" m="29706" /><F50/><W65/><G108/><T55/><D134/><U114/><E94/><N who="2" m="54655" /><F44/><W53/><G53/><T89/><D89/><U22/><E22/><V13/><F13/><W92/><G92/><T19/><D28/><U117/><E117/><V59/><F59/><W81/><G81/><T36/><D36/><U26/><E114/><V105/><F109/><W124/><G82/><T31/><D31/><U129/><E129/><V61/><F61/><W51/><G51/><T121/><D23/><U6/><E72/><V126/><F132/><W110/><G110/><T62/><D62/><U25/><E25/><V5/><F5/><W37/><G65/><T10/><D7/><U17/><E17/><V83/><F126/><N who="3" m="48171" /><G37/><T58/><D113/><U15/><E64/><V57/><F57/><W29/><AGARI ba="0,0" hai="1,2,24,29,35,38,43,46" m="48171,40319" machi="29" ten="30,2000,0" yaku="18,1,23,1" doraHai="118" who="3" fromWho="3" sc="250,-10,250,-5,250,-5,250,20" /><INIT seed="1,0,0,3,3,26" ten="240,245,245,270" oya="1" hai0="86,78,98,117,77,125,111,15,40,49,102,88,100" hai1="91,129,112,6,128,10,76,66,73,72,79,116,122" hai2="17,75,14,9,34,2,106,80,85,62,44,47,74" hai3="131,42,63,109,46,89,65,84,36,23,55,107,94"/><U126/><E66/><V101/><F34/><W28/><G107/><T124/><D15/><U24/><E112/><V87/><F2/><W121/><G121/><T130/><D117/><U113/><E113/><V68/><F87/><W99/><G109/><T32/><D32/><U110/><E116/><V60/><F75/><W64/><G131/><N who="1" m="50250" /><E122/><V82/><F74/><N who="1" m="28777" /><E126/><N who="0" m="48745" /><D130/><U38/><E38/><V1/><F1/><W33/><G33/><T22/><D22/><U96/><E110/><V41/><F80/><W50/><G99/><T11/><D11/><U7/><E24/><V37/><F47/><W92/><G92/><N who="0" m="56583" /><D111/><U90/><E96/><V12/><F68/><W135/><G135/><T53/><D40/><U57/><E57/><V18/><F106/><W134/><G134/><T108/><D108/><U27/><E27/><V133/><F133/><W132/><G132/><T39/><D39/><U120/><E120/><V103/><F101/><N who="0" m="39018" /><D86/><U21/><E21/><V95/><F103/><W8/><G36/><T61/><D61/><U20/><E20/><V70/><F70/><W3/><G8/><T59/><AGARI ba="0,0" hai="49,53,59,77,78" m="39018,56583,48745" machi="59" ten="30,2000,0" yaku="18,1,54,1" doraHai="26" who="0" fromWho="0" sc="240,20,245,-10,245,-5,270,-5" /><INIT seed="2,0,0,3,0,36" ten="260,235,240,265" oya="2" hai0="105,53,8,14,122,77,71,73,69,54,86,62,82" hai1="41,132,133,32,99,100,45,6,92,31,30,115,79" hai2="63,35,114,12,29,76,97,124,93,81,75,65,95" hai3="25,104,134,19,1,117,55,103,119,88,27,118,70"/><V67/><F124/><W2/><G70/><T16/><D122/><U51/><E115/><V94/><F114/><W135/><G55/><T123/><D123/><U74/><E6/><V78/><F78/><W96/><G88/><T13/><D105/><U3/><E3/><V20/><F35/><W106/><G19/><T110/><D110/><U42/><E42/><V111/><F111/><W72/><G72/><T57/><D73/><U5/><E5/><V34/><F34/><W91/><G91/><T46/><D46/><U120/><E120/><V87/><F75/><W10/><G10/><T33/><D33/><U48/><E48/><V40/><F40/><W98/><G118/><T108/><D108/><U125/><E125/><V11/><F20/><W58/><G58/><T80/><D80/><U50/><E50/><V28/><F97/><W66/><REACH who="3" step="1"/><G103/><REACH who="3" ten="260,235,240,255" step="2"/><T116/><D116/><U109/><E109/><V84/><F84/><W39/><G39/><T61/><D69/><U126/><E126/><V101/><F101/><W18/><G18/><T68/><D68/><U129/><E74/><V9/><F11/><W26/><G26/><T0/><D71/><U22/><E100/><V15/><F9/><W107/><G107/><T38/><D38/><U23/><E133/><V64/><F63/><W59/><G59/><N who="0" m="35055" /><D0/><U130/><E132/><V44/><F44/><W127/><G127/><T89/><D89/><N who="1" m="55695" /><E79/><V102/><F102/><W131/><G131/><N who="1" m="50186" /><E31/><AGARI ba="0,1" hai="12,15,28,29,31,64,65,67,76,81,87,93,94,95" machi="31" ten="40,2000,0" yaku="8,1" doraHai="36" who="2" fromWho="1" sc="260,0,235,-20,240,30,255,0" /><INIT seed="2,1,0,3,2,93" ten="260,215,270,255" oya="2" hai0="21,102,66,100,38,119,19,52,105,32,71,12,6" hai1="80,85,132,68,48,77,44,123,78,25,65,103,24" hai2="8,50,116,87,22,23,74,107,27,2,33,106,134" hai3="118,61,11,20,1,10,60,89,75,55,67,122,14"/><V83/><F116/><W101/><G75/><T117/><D38/><U95/><E132/><V39/><F39/><W88/><G118/><N who="0" m="45067" /><D32/><U70/><E123/><V17/><F134/><W79/><G122/><T28/><D28/><U130/><E130/><V82/><F33/><W37/><G79/><T84/><D105/><U129/><E77/><V0/><F50/><W104/><G37/><T47/><D6/><U76/><E76/><V114/><F114/><W86/><G1/><T121/><D121/><U127/><E129/><V108/><F108/><W9/><G104/><T115/><D84/><U13/><E13/><V57/><F57/><N who="3" m="37295" /><G101/><T36/><D115/><U133/><E133/><V69/><F69/><W3/><G3/><T72/><D72/><U53/><E127/><V58/><F58/><N who="3" m="34911" /><G86/><T99/><D99/><U98/><REACH who="1" step="1"/><E65/><REACH who="1" ten="260,205,270,255" step="2"/><V5/><F0/><W15/><G15/><T34/><D66/><U91/><E91/><V109/><F2/><W26/><G14/><T16/><D12/><U40/><E40/><V18/><F74/><W90/><G90/><T4/><D4/><U92/><E92/><V125/><F5/><W124/><G124/><T128/><D128/><U59/><E59/><V45/><F125/><W113/><G113/><T46/><D46/><U135/><E135/><V110/><F45/><W73/><G73/><T81/><D47/><U41/><E41/><V49/><F109/><W51/><G51/><T29/><D36/><U7/><E7/><V112/><F49/><W64/><G64/><T120/><D120/><U63/><E63/><V126/><F126/><RYUUKYOKU ba="1,1" sc="260,-15,205,15,270,-15,255,15" hai1="24,25,44,48,53,68,70,78,80,85,95,98,103" hai3="9,10,11,20,26,88,89" /><INIT seed="3,2,1,4,0,67" ten="245,220,255,270" oya="3" hai0="110,8,113,37,91,80,3,76,73,134,2,108,32" hai1="68,21,18,77,102,19,97,71,105,10,116,47,107" hai2="74,12,43,60,121,58,45,131,20,44,64,122,103" hai3="115,22,126,4,62,6,51,133,57,111,69,117,53"/><W16/><G115/><T81/><D113/><U50/><E116/><V24/><F74/><W93/><G117/><T34/><D37/><U30/><E77/><V13/><F131/><W83/><G133/><T130/><D130/><U31/><E105/><V42/><F103/><W25/><G126/><T46/><D46/><U120/><E10/><V49/><F121/><W123/><G123/><T56/><D56/><U114/><E114/><V54/><F122/><W29/><G111/><N who="0" m="42539" /><D134/><U94/><E107/><V98/><F98/><W1/><G1/><N who="0" m="11" /><D8/><U11/><E120/><V14/><REACH who="2" step="1"/><F44/><REACH who="2" ten="245,220,245,270" step="2"/><W79/><G93/><T33/><D33/><U55/><E31/><AGARI ba="2,2" hai="12,13,14,20,24,31,42,43,45,49,54,58,60,64" machi="31" ten="40,8000,1" yaku="1,1,2,1,8,1,53,1" doraHai="67" doraHaiUra="61" who="2" fromWho="1" sc="245,0,220,-86,245,106,270,0" owari="245,-15.5,134,-36.6,351,45.1,270,7.0" /></mjloggm>