<mjloggm ver="2.3"><GO type="225" lobby="0"/><UN n0="%E3%83%96%E3%83%83%E3%83%91%E3%82%AA%E3%83%96%E3%83%81%E3%82%AD%E3%83%B3" n1="%E9%B3%B3%E6%9D%B1%E3%81%AE%E3%81%86%E3%81%95%E3%81%8E%E3%81%95%E3%82%93" n2="%E3%83%81%E3%83%A7%E3%83%99%E3%83%83%E3%82%AF" n3="%E7%99%BD%E5%80%89%E5%AF%9B%E4%B9%8B" dan="16,17,16,16" rate="2205.65,2173.68,2069.34,2132.48" sx="M,M,M,M"/><TAIKYOKU oya="0"/><INIT seed="0,0,0,5,1,25" ten="250,250,250,250" oya="0" hai0="91,96,90,37,73,41,112,52,101,93,67,109,26" hai1="7,54,72,33,85,113,79,48,31,57,130,74,119" hai2="94,87,11,50,21,80,100,102,63,17,65,121,104" hai3="83,16,49,122,60,1,18,124,43,134,99,97,62"/><T95/><D112/><U89/><E119/><V131/><F104/><W39/><G39/><T20/><D73/><U126/><E113/><V127/><F121/><W10/><G122/><T132/><D132/><U66/><E130/><V34/><F127/><W75/><G124/><T125/><D125/><U110/><E126/><V58/><F34/><W47/><G134/><T19/><D109/><U78/><E110/><V6/><F94/><W55/><G1/><T4/><D67/><U59/><E7/><V82/><F82/><W107/><G107/><T29/><D4/><U8/><E8/><V70/><F131/><W45/><G75/><T5/><D5/><U135/><E135/><V92/><F92/><W13/><G18/><T71/><D71/><U42/><E42/><V128/><F128/><W32/><G32/><T61/><D37/><U12/><E12/><N who="2" m="5239" /><F50/><N who="3" m="26943" /><G83/><T120/><D120/><U38/><E33/><V77/><F70/><W3/><G3/><T30/><D41/><U115/><E115/><V76/><F76/><W117/><G117/><T64/><D64/><U86/><E66/><V53/><F65/><W103/><G103/><T36/><D36/><U35/><E38/><V46/><F46/><W81/><G81/><T69/><D69/><U44/><E78/><V105/><F105/><W14/><G14/><AGARI ba="0,0" hai="14,17,21,53,58,63,77,80,87,100,102" m="5239" machi="14" ten="30,1000,0" yaku="8,1" doraHai="25" who="2" fromWho="3" sc="250,0,250,0,250,10,250,-10" /><INIT seed="1,0,0,0,5,77" ten="250,250,260,240" oya="1" hai0="27,43,14,79,101,89,3,40,33,53,65,112,111" hai1="16,84,74,62,38,71,58,124,17,83,81,116,15" hai2="85,98,80,128,10,8,2,4,29,115,67,46,9" hai3="78,127,35,102,39,69,37,126,36,91,42,41,106"/><U48/><E116/><V105/><F128/><W88/><G35/><T63/><D112/><U45/><E74/><V12/><F115/><W70/><G78/><T133/><D3/><U129/><E129/><V47/><F29/><W87/><G102/><T94/><D111/><U103/><E124/><N who="3" m="47658" /><G106/><T22/><D133/><U131/><E131/><V110/><F110/><W59/><G59/><T90/><D33/><U52/><E103/><V135/><F135/><W82/><G91/><N who="0" m="34827" /><D79/><U107/><E107/><V96/><F105/><W1/><G1/><T72/><D14/><U134/><E134/><V122/><F2/><W18/><G18/><N who="1" m="7274" /><E84/><V49/><F67/><W20/><G20/><T123/><D65/><N who="1" m="41399" /><E15/><V114/><F122/><W56/><G56/><N who="0" m="35215" /><D72/><U21/><E21/><V50/><F114/><W99/><G99/><N who="2" m="37929" /><F12/><W68/><AGARI ba="0,0" hai="36,37,39,41,42,68,69,70,82,87,88" m="47658" machi="68" ten="50,6400,0" yaku="18,1,52,1,54,1" doraHai="77" who="3" fromWho="3" sc="250,-16,250,-32,260,-16,240,64" /><INIT seed="2,0,0,0,3,97" ten="234,218,244,304" oya="2" hai0="16,19,69,67,10,12,131,93,46,77,75,127,5" hai1="94,80,128,52,36,115,108,117,100,41,56,101,105" hai2="38,11,132,34,129,2,70,62,32,124,22,90,76" hai3="40,109,25,123,21,43,45,24,84,57,4,111,55"/><V18/><F38/><W134/><G123/><T107/><D107/><U58/><E115/><V26/><F76/><W61/><G134/><T121/><D121/><U79/><E117/><V78/><F78/><W88/><G4/><T8/><D131/><U49/><E105/><V96/><F90/><W14/><G14/><T85/><D127/><U87/><E128/><V83/><F83/><W28/><G25/><T31/><D31/><U72/><E108/><N who="3" m="41546" /><G45/><T64/><D69/><U120/><E120/><V91/><F96/><W112/><G112/><T133/><D133/><U81/><E94/><AGARI ba="0,0" hai="21,24,28,40,43,55,57,61,84,88,94" m="41546" machi="94" ten="30,2000,0" yaku="14,1,54,1" doraHai="97" who="3" fromWho="1" sc="234,0,218,-20,244,0,304,20" /><INIT seed="3,0,0,4,2,43" ten="234,198,244,324" oya="3" hai0="58,75,125,81,123,44,95,30,70,80,53,128,114" hai1="56,135,124,39,1,31,130,99,82,107,52,18,102" hai2="67,101,93,68,117,73,87,86,33,97,17,121,103" hai3="65,94,10,5,38,91,74,84,118,76,42,7,3"/><W49/><G7/><T112/><D123/><U21/><E130/><V51/><F73/><W46/><G65/><T109/><D70/><U62/><E135/><V129/><F33/><W113/><G113/><N who="0" m="43627" /><D128/><U61/><E124/><V50/><F117/><W36/><G118/><T83/><D125/><U63/><E1/><V9/><F68/><W72/><G76/><N who="0" m="44063" /><D109/><U88/><E31/><V23/><F67/><W16/><G38/><T8/><D30/><U40/><E40/><V89/><F9/><W92/><G36/><T0/><D44/><U106/><E106/><V11/><F11/><W108/><G108/><T41/><D41/><U55/><E39/><V34/><F34/><W85/><G16/><T96/><D8/><U26/><REACH who="1" step="1"/><E56/><REACH who="1" ten="234,188,244,324" step="2"/><V119/><F129/><W66/><G42/><T27/><D0/><U104/><E104/><V60/><F119/><W116/><G3/><T71/><D71/><U22/><E22/><V13/><F121/><W105/><G105/><T6/><D6/><U78/><E78/><V122/><F122/><W48/><G116/><T64/><D27/><U110/><E110/><V100/><F60/><W57/><G57/><T69/><D69/><U133/><E133/><V2/><F2/><W32/><G5/><T134/><D134/><U15/><E15/><V131/><F131/><W25/><G25/><T29/><D29/><U59/><E59/><V126/><F126/><W4/><G4/><T132/><D132/><U127/><E127/><V98/><F51/><W111/><G49/><N who="0" m="31023" /><D64/><U45/><E45/><V20/><F50/><W14/><G48/><RYUUKYOKU ba="0,1" sc="234,15,188,15,244,-15,324,-15" hai0="81,83,95,96" hai1="18,21,26,52,55,61,62,63,82,88,99,102,107" owari="249,4.9,203,-29.7,229,-17.1,319,41.9" /></mjloggm>