<mjloggm ver="2.3"><GO type="225" lobby="0"/><UN n0="%45%6C%79%73%69%75%6D" n1="%E3%83%96%E3%83%83%E3%83%91%E3%82%AA%E3%83%96%E3%83%81%E3%82%AD%E3%83%B3" n2="%E3%83%8F%E3%83%B3%E3%83%89%E3%83%A9%E3%83%BC%E3%83%BB%E3%83%AF%E3%83%B3" n3="%E5%91%A8%E6%9D%B1" dan="16,16,17,17" rate="2128.75,2209.21,2290.90,2185.95" sx="M,M,M,M"/><TAIKYOKU oya="0"/><INIT seed="0,0,0,4,1,69" ten="250,250,250,250" oya="0" hai0="44,75,3,94,123,30,38,71,86,87,63,109,134" hai1="9,67,54,132,78,115,51,41,121,125,119,13,120" hai2="4,128,101,76,12,20,62,95,22,83,57,28,0" hai3="58,113,81,59,52,104,107,111,103,39,35,7,47"/><T21/><D75/><U64/><E78/><V11/><F128/><W31/><G113/><T66/><D123/><N who="1" m="47179" /><E13/><V105/><F105/><W24/><G111/><T74/><D74/><U60/><E9/><V61/><F0/><W33/><G33/><T100/><D3/><U98/><E98/><N who="2" m="59615" /><F28/><W49/><G7/><T48/><D109/><U88/><E88/><V133/><F133/><W19/><G19/><T1/><D1/><U27/><E27/><V65/><F62/><W114/><G114/><T10/><D10/><U110/><E115/><V92/><F92/><W26/><G26/><T53/><D134/><U6/><E110/><V126/><F126/><W77/><G103/><T135/><D135/><U131/><E132/><V45/><F45/><W15/><G15/><T79/><D79/><U32/><E32/><V40/><F40/><W85/><REACH who="3" step="1"/><G59/><REACH who="3" ten="250,250,250,240" step="2"/><T68/><D68/><U42/><E125/><V34/><F34/><W97/><G97/><T50/><D30/><U102/><E102/><V18/><F18/><W117/><G117/><T8/><D100/><U25/><E25/><V23/><F12/><W2/><G2/><T43/><D71/><U5/><E119/><V72/><F4/><W70/><G70/><T130/><D130/><U14/><E131/><V17/><F17/><W122/><G122/><T36/><D8/><U16/><E6/><V37/><F11/><W116/><G116/><T129/><D129/><U124/><E5/><V73/><F73/><W84/><G84/><T127/><D87/><U29/><E124/><V82/><F72/><W91/><G91/><RYUUKYOKU ba="0,1" sc="250,-10,250,-10,250,-10,240,30" hai3="24,31,35,39,47,49,52,58,77,81,85,104,107" /><INIT seed="1,1,1,5,5,69" ten="240,240,240,270" oya="1" hai0="123,65,91,66,8,130,41,78,67,7,56,125,50" hai1="114,26,45,70,113,0,76,87,42,24,118,23,60" hai2="126,134,9,1,27,58,10,120,30,51,119,22,44" hai3="84,92,71,52,64,14,117,110,90,20,101,53,12"/><U31/><E118/><V21/><F119/><W131/><G131/><T13/><D130/><U105/><E0/><V11/><F120/><W96/><G117/><T81/><D123/><U61/><E105/><V128/><F128/><W98/><G110/><T82/><D125/><U2/><E2/><V129/><F129/><W75/><G75/><T109/><D109/><U3/><E3/><V108/><F108/><W19/><G71/><T99/><D99/><U85/><E70/><V38/><F126/><W102/><G64/><T55/><D41/><U16/><E114/><V121/><F121/><W74/><G74/><T112/><D112/><U5/><E5/><V79/><F134/><W25/><G12/><T35/><D35/><U68/><E68/><V15/><F79/><W104/><REACH who="3" step="1"/><G25/><REACH who="3" ten="240,240,240,260" step="2"/><T4/><D65/><U103/><E113/><V57/><F1/><W97/><G97/><T133/><D66/><U111/><E111/><V77/><F15/><W89/><G89/><T37/><D67/><U88/><E103/><V100/><F100/><W122/><G122/><T107/><D13/><U59/><E76/><V115/><F77/><W62/><G62/><T34/><D78/><U46/><E88/><V40/><F115/><W28/><G28/><T48/><D91/><U93/><E61/><V43/><F30/><W135/><G135/><T124/><D133/><U80/><E31/><V127/><F27/><W132/><G132/><T95/><D124/><U47/><E26/><V86/><F127/><W39/><G39/><T72/><D37/><U17/><E24/><V54/><F38/><RYUUKYOKU ba="1,2" sc="240,-10,240,-10,240,-10,260,30" hai3="14,19,20,52,53,84,90,92,96,98,101,102,104" /><INIT seed="2,2,2,4,4,65" ten="230,230,230,290" oya="2" hai0="53,62,135,108,124,68,67,118,52,61,95,125,119" hai1="8,45,13,109,44,21,121,112,47,26,28,96,89" hai2="15,18,123,113,94,29,48,115,57,85,27,33,3" hai3="129,100,49,117,122,128,9,5,23,126,7,59,116"/><V97/><F123/><W105/><G122/><T0/><D0/><U91/><E121/><V25/><F3/><W72/><G72/><T114/><D114/><U78/><E109/><V24/><F85/><W110/><G110/><T16/><D108/><U60/><E112/><V70/><F70/><W64/><G126/><N who="0" m="48747" /><D135/><U43/><E78/><V10/><F115/><W17/><G105/><T79/><D79/><U66/><E96/><V88/><REACH who="2" step="1"/><F113/><REACH who="2" ten="230,230,220,290" step="2"/><W103/><G117/><T90/><D118/><U82/><E82/><V87/><F87/><W80/><G116/><T134/><D119/><U39/><E39/><V99/><F99/><W93/><G80/><T38/><D38/><U31/><E43/><V101/><F101/><W107/><G103/><T30/><D134/><U40/><E40/><V71/><F71/><W98/><G98/><N who="0" m="57719" /><D62/><U6/><REACH who="1" step="1"/><E28/><REACH who="1" ten="230,220,220,290" step="2"/><V76/><F76/><W12/><G100/><T133/><D133/><U92/><E92/><V127/><F127/><W74/><G93/><T120/><D120/><U69/><AGARI ba="2,4" hai="6,8,13,21,26,31,44,45,47,60,66,69,89,91" machi="69" ten="30,7900,0" yaku="1,1,0,1,52,1,53,1" doraHai="65" doraHaiUra="2" who="1" fromWho="1" sc="230,-22,220,125,220,-41,290,-22" /><INIT seed="3,0,0,5,1,46" ten="208,345,179,268" oya="3" hai0="24,59,37,34,86,97,130,84,125,52,129,72,6" hai1="105,116,11,1,70,73,0,100,45,32,77,63,121" hai2="13,120,117,4,53,67,17,56,57,96,98,112,38" hai3="44,106,76,40,49,134,113,82,29,107,19,118,21"/><W75/><G118/><T95/><D72/><U74/><E121/><V79/><F112/><W111/><G113/><T88/><D37/><U9/><E116/><V128/><F117/><W18/><G134/><T43/><D43/><U91/><E91/><V123/><F38/><W68/><G68/><T39/><D39/><U85/><E85/><V89/><F128/><N who="0" m="49258" /><D6/><N who="1" m="1223" /><E45/><V41/><F41/><W114/><G114/><T33/><D125/><U109/><E109/><V16/><F79/><W110/><G29/><N who="0" m="19623" /><D34/><U92/><E92/><N who="2" m="56335" /><F123/><W26/><REACH who="3" step="1"/><G18/><REACH who="3" ten="208,345,179,258" step="2"/><T69/><D69/><U28/><E28/><V131/><F131/><W61/><G61/><AGARI ba="0,1" hai="52,59,61,84,86,88,95,97" m="19623,49258" machi="61" ten="30,3900,0" yaku="19,1,54,2" doraHai="46" who="0" fromWho="3" sc="208,49,345,0,179,0,258,-39" owari="257,5.7,345,44.5,179,-32.1,219,-18.1" /></mjloggm>