<mjloggm ver="2.3"><GO type="225" lobby="0"/><UN n0="%E3%81%BF%E3%81%BF%E3%81%9A" n1="%E6%97%A5%E6%9B%9C%E6%97%A5%E3%82%88%E3%82%8A%E3%81%AE%E4%BD%BF%E8%80%85" n2="%E9%A6%AC%E5%BC%95%E7%81%AB%33" n3="%E6%A1%9C%E8%8A%B1%E9%96%83%E3%80%85" dan="17,17,16,16" rate="2257.13,2195.44,2143.64,2152.80" sx="M,M,M,M"/><TAIKYOKU oya="0"/><INIT seed="0,0,0,3,5,6" ten="250,250,250,250" oya="0" hai0="57,41,64,107,26,43,32,30,110,132,52,100,2" hai1="116,70,23,53,109,56,62,44,114,97,17,11,101" hai2="129,18,48,12,58,61,95,14,54,25,127,50,92" hai3="68,77,98,125,29,131,87,102,71,5,0,106,81"/><T118/><D118/><U119/><E109/><V133/><F127/><W103/><G125/><T63/><D110/><U134/><E134/><V73/><F73/><W72/><G131/><T76/><D132/><U10/><E114/><V65/><F129/><W8/><G103/><T80/><D2/><U59/><E70/><V86/><F133/><W51/><G51/><T90/><D90/><U113/><E113/><V36/><F36/><W108/><G108/><T135/><D135/><U4/><E4/><V88/><F48/><W128/><G128/><T16/><D64/><U121/><E121/><V40/><F40/><W117/><G117/><T13/><D100/><U130/><E130/><V7/><F7/><W112/><G112/><T46/><D107/><U9/><E44/><V124/><F124/><W21/><REACH who="3" step="1"/><G72/><REACH who="3" ten="250,250,250,240" step="2"/><T96/><D46/><U83/><E119/><V67/><F50/><W37/><G37/><T47/><D47/><U1/><E116/><V105/><F61/><W120/><G120/><T91/><D43/><U39/><E39/><V75/><F75/><W15/><G15/><T38/><D41/><U74/><E1/><V3/><F12/><W94/><G94/><T49/><D38/><U55/><E74/><V93/><F93/><W28/><G28/><T82/><D49/><N who="1" m="30767" /><E83/><V126/><F126/><W85/><G85/><N who="0" m="50599" /><D82/><U66/><E101/><V123/><F3/><W35/><G35/><T104/><D104/><U27/><E97/><N who="2" m="57479" /><F105/><W45/><G45/><T122/><D122/><U20/><E66/><N who="2" m="25099" /><F123/><W34/><G34/><T79/><D96/><U99/><E99/><RYUUKYOKU ba="0,1" sc="250,10,250,10,250,-30,240,10" hai0="13,16,26,30,32,52,57,63,76,79" hai1="9,10,11,17,20,23,27,55,59,62" hai3="0,5,8,21,29,68,71,77,81,87,98,102,106" /><INIT seed="0,1,1,0,1,56" ten="260,260,220,250" oya="0" hai0="104,122,94,85,27,135,54,77,88,121,11,59,133" hai1="6,109,130,48,49,117,24,79,53,89,76,129,43" hai2="57,62,34,7,21,55,116,58,96,45,124,119,78" hai3="33,26,98,46,80,9,18,30,47,20,17,126,14"/><T90/><D11/><U41/><E117/><N who="2" m="45131" /><F124/><W38/><G126/><T132/><D104/><U120/><E120/><V15/><F34/><W101/><G80/><N who="0" m="47247" /><D27/><U67/><E109/><V92/><F78/><N who="1" m="29737" /><E6/><V19/><F7/><W83/><G83/><T71/><D71/><U70/><E24/><V128/><F128/><N who="1" m="49257" /><E89/><N who="0" m="34409" /><D94/><U97/><E97/><V3/><F3/><W13/><REACH who="3" step="1"/><G38/><REACH who="3" ten="260,260,220,240" step="2"/><T42/><D42/><N who="1" m="15883" /><E53/><V4/><F55/><W74/><G74/><T110/><D110/><U115/><E115/><V40/><F40/><W105/><AGARI ba="1,2" hai="9,13,14,17,18,20,26,30,33,46,47,98,101,105" machi="105" ten="20,2700,0" yaku="1,1,0,1,7,1,53,0" doraHai="56" doraHaiUra="113" who="3" fromWho="3" sc="260,-14,260,-8,220,-8,240,50" /><INIT seed="1,0,0,1,1,36" ten="246,252,212,290" oya="1" hai0="105,35,80,68,115,121,29,125,130,66,24,98,64" hai1="109,15,116,92,120,33,117,70,56,55,40,113,111" hai2="49,28,103,1,30,7,78,37,45,16,104,2,41" hai3="97,72,32,107,89,87,73,39,108,31,77,74,129"/><U93/><E33/><V43/><F1/><W99/><G39/><T82/><D115/><U20/><E70/><V67/><F2/><W60/><G60/><N who="0" m="39943" /><D130/><U114/><E20/><V52/><F104/><W71/><G71/><T59/><D125/><U90/><E15/><V106/><F106/><W132/><G31/><N who="2" m="11817" /><F37/><W58/><G58/><T75/><D75/><U69/><E69/><V19/><F67/><W91/><G32/><T9/><D9/><U42/><E90/><N who="3" m="34314" /><G108/><N who="1" m="41546" /><E93/><V128/><F128/><W86/><G129/><T85/><D121/><U22/><E22/><V34/><F34/><W76/><G132/><T44/><D85/><N who="3" m="32265" /><G107/><T21/><D21/><U88/><E88/><V8/><F78/><AGARI ba="0,0" hai="72,73,74,76,77,78,97,99" m="32265,34314" machi="78" ten="40,12000,2" yaku="28,2,35,5" doraHai="36" who="3" fromWho="2" sc="246,0,252,0,212,-120,290,120" /><INIT seed="2,0,0,3,4,12" ten="246,252,92,410" oya="2" hai0="125,95,45,111,55,11,49,102,39,78,113,20,42" hai1="28,33,99,81,34,14,105,16,10,52,79,91,135" hai2="88,65,13,100,30,127,94,51,87,50,8,61,131" hai3="60,133,59,9,98,71,84,96,3,77,7,128,27"/><V107/><F127/><W41/><G71/><T38/><D111/><U31/><E135/><V132/><F132/><W103/><G133/><T122/><D113/><U73/><E34/><V25/><F131/><W115/><G128/><T83/><D122/><U46/><E33/><V23/><F100/><W108/><G108/><T64/><D64/><U57/><E46/><V43/><F43/><W76/><G115/><T92/><D125/><U48/><REACH who="1" step="1"/><E91/><REACH who="1" ten="246,242,92,410" step="2"/><V37/><F37/><W85/><G41/><T89/><D38/><U114/><E114/><V90/><F90/><W53/><G77/><T86/><D102/><AGARI ba="0,1" hai="10,14,16,28,31,48,52,57,73,79,81,99,102,105" machi="102" ten="40,12000,2" yaku="1,1,52,1,54,2,53,2" doraHai="12" doraHaiUra="24" who="1" fromWho="0" sc="246,-120,242,130,92,0,410,0" /><INIT seed="3,0,0,1,4,129" ten="126,372,92,410" oya="3" hai0="81,68,11,46,114,92,53,12,127,66,8,130,59" hai1="91,39,124,13,38,19,97,20,78,0,123,65,22" hai2="95,118,44,70,110,28,76,102,71,89,56,85,27" hai3="103,100,90,113,48,105,132,80,126,119,64,134,43"/><W117/><G113/><T15/><D130/><U10/><E123/><V50/><F118/><N who="3" m="45067" /><G64/><T112/><D127/><U106/><E0/><V69/><F110/><W77/><G126/><T51/><D68/><U47/><E124/><V74/><F102/><N who="3" m="38955" /><G48/><T115/><D92/><U1/><E106/><V87/><F74/><N who="3" m="43063" /><G43/><T75/><D75/><U99/><E78/><V34/><F56/><W72/><G105/><T84/><D66/><U133/><E65/><V6/><F6/><W111/><G111/><T125/><D125/><U41/><E39/><V40/><REACH who="2" step="1"/><F76/><REACH who="2" ten="126,372,82,410" step="2"/><W2/><G72/><T86/><D59/><U54/><E1/><V62/><F62/><W32/><G2/><T5/><D81/><U94/><E133/><N who="3" m="51306" /><G90/><T73/><D73/><U26/><E99/><V63/><F63/><W104/><G104/><T58/><D58/><U101/><E91/><V131/><F131/><W31/><G31/><T42/><D42/><U4/><E41/><V108/><F108/><W120/><G120/><T121/><D121/><U45/><E38/><V16/><F16/><AGARI ba="0,1" hai="5,8,11,12,15,16,46,51,53,84,86,112,114,115" machi="16" ten="40,2600,0" yaku="11,1,54,1" doraHai="129" who="0" fromWho="2" sc="126,36,372,0,82,-26,410,0" owari="162,-23.8,372,17.2,56,-44.4,410,51.0" /></mjloggm>