<mjloggm ver="2.3"><GO type="225" lobby="0"/><UN n0="%70%6F%69%73%75%2D" n1="%E9%BB%99%E8%81%B4%E3%81%AE%E3%81%99%E3%82%9D%E3%82%81" n2="%E6%81%A5%E6%99%92%E3%81%97" n3="%63%68%78%62%64" dan="16,16,17,16" rate="2048.22,2148.32,2177.80,2108.93" sx="M,M,M,M"/><TAIKYOKU oya="0"/><INIT seed="0,0,0,3,2,30" ten="250,250,250,250" oya="0" hai0="87,78,100,13,85,92,31,94,102,9,21,120,4" hai1="121,109,97,112,5,28,93,52,37,105,54,12,134" hai2="123,135,6,47,29,98,118,60,41,46,128,48,26" hai3="50,104,19,55,115,113,23,58,103,77,79,38,66"/><T53/><D120/><U43/><E121/><V126/><F123/><W45/><G104/><T2/><D78/><U127/><E105/><V3/><F126/><W114/><G103/><T8/><D53/><U72/><E72/><V83/><F128/><W82/><G82/><T90/><D31/><U7/><E127/><V17/><F135/><W74/><G74/><T35/><D21/><U91/><E109/><V132/><F132/><W107/><G107/><T62/><D62/><U61/><E112/><V59/><F118/><W20/><G20/><T16/><REACH who="0" step="1"/><D35/><REACH who="0" ten="240,250,250,250" step="2"/><U108/><E28/><V80/><F29/><W119/><G119/><T36/><D36/><U110/><E134/><V116/><F116/><W51/><G38/><T106/><D106/><U69/><E110/><V10/><F41/><W18/><G66/><T88/><AGARI ba="0,1" hai="2,4,8,9,13,16,85,87,88,90,92,94,100,102" machi="88" ten="30,12000,1" yaku="1,1,0,1,9,1,54,2,53,0" doraHai="30" doraHaiUra="95" who="0" fromWho="0" sc="240,130,250,-40,250,-40,250,-40" /><INIT seed="0,1,0,4,2,97" ten="370,210,210,210" oya="0" hai0="72,2,18,114,17,29,15,59,95,115,32,106,116" hai1="27,52,54,63,89,12,79,40,61,34,94,21,55" hai2="4,121,35,8,88,36,103,82,108,96,128,3,20" hai3="30,71,124,85,132,28,65,26,91,100,16,90,92"/><T57/><D106/><U127/><E127/><V107/><F121/><W42/><G132/><T48/><D72/><U41/><E79/><V78/><F35/><W0/><G0/><T83/><D2/><U105/><E12/><V19/><F108/><W22/><G124/><T66/><D83/><U111/><E34/><V86/><F128/><W125/><G125/><T101/><D18/><U81/><E81/><V93/><F36/><W76/><G76/><T74/><D74/><U44/><E105/><V31/><F31/><N who="3" m="11819" /><G71/><T122/><D116/><U73/><E73/><V80/><REACH who="2" step="1"/><F78/><REACH who="2" ten="370,210,200,210" step="2"/><W126/><G126/><T14/><D29/><N who="1" m="17647" /><E111/><V135/><F135/><W38/><G38/><T109/><D32/><U110/><E110/><V37/><F37/><W5/><G42/><N who="1" m="16490" /><E44/><V119/><F119/><W133/><G133/><T134/><D122/><U68/><E68/><V99/><F99/><AGARI ba="1,1" hai="52,54,55,61,63,89,94,99" m="16490,17647" machi="99" ten="30,2000,0" yaku="8,1,54,1" doraHai="97" who="1" fromWho="2" sc="370,0,210,33,200,-23,210,0" /><INIT seed="1,0,0,4,3,24" ten="370,243,177,210" oya="1" hai0="77,6,1,102,98,40,42,70,120,60,27,119,81" hai1="38,20,94,65,99,59,51,41,100,5,86,29,7" hai2="89,32,133,126,95,10,121,37,87,23,64,13,103" hai3="115,67,26,91,25,84,63,19,80,46,78,76,118"/><U11/><E38/><V125/><F121/><W101/><G115/><T129/><D129/><U82/><E41/><V52/><F32/><W134/><G118/><T3/><D119/><U106/><E106/><V8/><F37/><W75/><G134/><T45/><D42/><U68/><E68/><V50/><F133/><W74/><G101/><T17/><D120/><U9/><E20/><V83/><F64/><W16/><G75/><T2/><D17/><U110/><E110/><V57/><F125/><W54/><G76/><T124/><D124/><U85/><E29/><V66/><F126/><W90/><G26/><T127/><D27/><U0/><E82/><V107/><F107/><W53/><G90/><T58/><D70/><U123/><E123/><V61/><F103/><W88/><G91/><T105/><D58/><U96/><E96/><V117/><F117/><W114/><G114/><T93/><D60/><U33/><E33/><V35/><F35/><W36/><G36/><T47/><D47/><U131/><E131/><V73/><F73/><W109/><G109/><T15/><D105/><U71/><E71/><N who="2" m="42447" /><F83/><W122/><G122/><T48/><D127/><U31/><E31/><V56/><F57/><N who="3" m="37359" /><G25/><T18/><D81/><U4/><E0/><V14/><F14/><W112/><G112/><T130/><D77/><U128/><E128/><V12/><F12/><W44/><G44/><T104/><D104/><U79/><E65/><V55/><F55/><N who="3" m="21003" /><G46/><T92/><D130/><U39/><E39/><V21/><F8/><N who="1" m="3145" /><E79/><V34/><F34/><W62/><G62/><T108/><D108/><RYUUKYOKU ba="0,0" sc="370,-30,243,10,177,10,210,10" hai1="4,5,7,51,59,85,86,94,99,100" hai2="10,13,21,23,50,52,56,87,89,95" hai3="16,19,74,78,80,84,88" /><INIT seed="1,1,0,0,3,62" ten="340,253,187,220" oya="1" hai0="53,118,135,103,75,72,74,7,102,68,119,113,89" hai1="31,98,34,87,123,18,91,17,128,54,37,29,112" hai2="101,106,35,57,38,80,12,105,92,83,104,48,65" hai3="21,42,71,63,108,52,28,27,59,56,36,69,61"/><U110/><E112/><V66/><F38/><W32/><G108/><T3/><D68/><U115/><E115/><V2/><F2/><W67/><REACH who="3" step="1"/><G32/><REACH who="3" ten="340,253,187,210" step="2"/><T125/><D113/><U23/><E34/><V47/><F35/><W84/><G84/><T134/><D75/><U49/><E110/><V0/><F0/><W25/><G25/><T107/><D3/><U94/><E123/><V126/><F12/><W100/><G100/><T58/><D74/><U117/><E128/><V77/><F101/><W44/><AGARI ba="1,1" hai="21,27,28,36,42,44,52,56,59,61,63,67,69,71" machi="44" ten="30,8000,1" yaku="1,1,0,1,52,1,54,1,53,1" doraHai="62" doraHaiUra="16" who="3" fromWho="3" sc="340,-21,253,-41,187,-21,210,93" /><INIT seed="2,0,0,4,0,85" ten="319,212,166,303" oya="2" hai0="117,124,33,118,120,4,82,46,103,100,25,68,135" hai1="8,74,116,113,18,133,101,44,56,75,51,102,80" hai2="5,61,93,37,95,77,66,10,38,52,57,3,60" hai3="127,92,72,105,122,20,24,47,39,62,14,36,12"/><V111/><F77/><W76/><G105/><T55/><D120/><U109/><E113/><V128/><F128/><W63/><G127/><T45/><D68/><U132/><E116/><N who="0" m="44649" /><D135/><N who="1" m="51787" /><E56/><V96/><F111/><W29/><G122/><T15/><D4/><U98/><E109/><V104/><F104/><W43/><G36/><T42/><D15/><N who="1" m="7527" /><E80/><V107/><F107/><W1/><G1/><T53/><D82/><U27/><E27/><V67/><F95/><W65/><G92/><T30/><D124/><U22/><E22/><V84/><F84/><W73/><G63/><T28/><D28/><U40/><E98/><V97/><F97/><W49/><G39/><N who="0" m="21727" /><D46/><U59/><E59/><V32/><F32/><W17/><G76/><T69/><D69/><U115/><E115/><V58/><REACH who="2" step="1"/><F67/><REACH who="2" ten="319,212,156,303" step="2"/><W11/><G65/><T2/><D33/><U83/><E83/><V78/><F78/><W110/><G110/><T130/><D130/><U91/><E91/><AGARI ba="0,1" hai="3,5,10,37,38,52,57,58,60,61,66,91,93,96" machi="91" ten="30,12000,1" yaku="1,1,7,1,52,1,54,1,53,1" doraHai="85" doraHaiUra="35" who="2" fromWho="1" sc="319,0,212,-120,156,130,303,0" /><INIT seed="2,1,0,1,4,111" ten="319,92,286,303" oya="2" hai0="104,62,49,29,118,75,101,99,78,89,14,67,27" hai1="119,120,8,40,11,64,12,55,135,19,68,43,69" hai2="59,81,70,20,13,58,56,4,16,45,97,82,38" hai3="76,92,35,21,96,93,115,77,44,34,102,83,134"/><V39/><F70/><W133/><G44/><T10/><D118/><U72/><E119/><V5/><F97/><W51/><G51/><T57/><D89/><U124/><E72/><V65/><F65/><W32/><G21/><T116/><D116/><U52/><E135/><N who="3" m="51722" /><G115/><T125/><D125/><U126/><E64/><V2/><F2/><W131/><G131/><T86/><D75/><U30/><E12/><V105/><F105/><N who="3" m="63687" /><G77/><T117/><D117/><U17/><REACH who="1" step="1"/><E30/><REACH who="1" ten="319,82,286,303" step="2"/><V26/><F13/><W107/><G107/><T6/><D104/><U108/><E108/><V79/><F39/><W128/><G128/><T122/><D29/><U41/><E41/><V103/><F38/><W113/><G113/><T130/><D130/><U23/><E23/><V18/><F20/><W3/><G3/><T61/><D14/><U80/><E80/><V15/><F82/><W9/><G9/><T48/><D67/><U47/><E47/><V22/><F45/><W129/><G129/><T24/><D10/><U36/><E36/><V127/><F81/><W132/><N who="3" m="51730" /><W121/><DORA hai="33" /><G121/><AGARI ba="1,1" hai="8,11,17,19,40,43,52,55,68,69,120,121,124,126" machi="121" ten="25,6400,0" yaku="1,1,22,2,54,1,53,0" doraHai="111,33" doraHaiUra="0,123" who="1" fromWho="3" sc="319,0,82,77,286,0,303,-67" /><INIT seed="3,0,0,4,5,51" ten="319,159,286,236" oya="3" hai0="133,19,2,39,55,72,10,112,107,89,102,45,129" hai1="75,121,17,13,114,100,115,71,59,80,74,63,49" hai2="120,53,79,124,110,87,8,84,12,111,57,61,7" hai3="47,52,106,108,20,35,34,78,37,117,109,118,31"/><W0/><G106/><T93/><D72/><U128/><E121/><V98/><F120/><W58/><G0/><T119/><D119/><U67/><E128/><V70/><F70/><W97/><G78/><T103/><D107/><U50/><E50/><V64/><F124/><W69/><G69/><T46/><D39/><U81/><E100/><V30/><F30/><W27/><G97/><T68/><D68/><U94/><E94/><V3/><F79/><W14/><G118/><T92/><D112/><U66/><E75/><V16/><F64/><W125/><G125/><T6/><D19/><U90/><E81/><V96/><F87/><W130/><G130/><T43/><D43/><U134/><E134/><V23/><REACH who="2" step="1"/><F84/><REACH who="2" ten="319,159,276,236" step="2"/><W101/><G117/><T36/><D129/><U126/><E126/><V91/><F91/><W18/><G35/><T113/><D89/><U4/><E4/><V22/><F22/><W86/><G86/><T48/><D6/><U26/><E26/><V28/><F28/><W24/><G24/><T60/><D102/><U76/><E90/><V15/><F15/><W85/><G85/><T122/><D103/><U38/><E38/><V29/><F29/><W44/><G101/><T77/><D36/><U62/><REACH who="1" step="1"/><E49/><REACH who="1" ten="319,149,276,236" step="2"/><V99/><AGARI ba="0,2" hai="3,7,8,12,16,23,53,57,61,96,98,99,110,111" machi="99" ten="30,12000,2" yaku="1,1,0,1,52,1,54,1,53,3" doraHai="51" doraHaiUra="95" who="2" fromWho="2" sc="319,-30,149,-30,276,140,236,-60" owari="289,8.9,119,-38.1,416,51.6,176,-22.4" /></mjloggm>