<mjloggm ver="2.3"><GO type="225" lobby="0"/><UN n0="%E3%81%BF%E3%81%BF%E3%81%9A" n1="%E3%83%81%E3%83%83%E3%82%BF%E3%82%BD%E3%83%BC" n2="%E7%9A%AE%E3%80%85" n3="%E3%83%96%E3%83%83%E3%83%91%E3%82%AA%E3%83%96%E3%83%81%E3%82%AD%E3%83%B3" dan="17,16,16,16" rate="2232.25,2175.72,2187.25,2156.54" sx="M,F,F,M"/><TAIKYOKU oya="0"/><INIT seed="0,0,0,3,3,41" ten="250,250,250,250" oya="0" hai0="5,134,107,39,46,17,76,116,32,65,82,10,85" hai1="83,36,24,79,70,4,63,74,96,11,34,38,77" hai2="95,55,115,0,87,20,6,102,22,103,7,35,99" hai3="51,122,98,67,1,2,53,89,101,132,94,23,135"/><T73/><D116/><U92/><E77/><V30/><F115/><W50/><G122/><T75/><D134/><N who="3" m="51241" /><G67/><T114/><D114/><U130/><E130/><V120/><F120/><W126/><G126/><T93/><D107/><U13/><E63/><V52/><F35/><W72/><G72/><T14/><D32/><U127/><E70/><V16/><F30/><W19/><G101/><T54/><D65/><U104/><E104/><V31/><F31/><W117/><G117/><T64/><D64/><U86/><E127/><V37/><F37/><W60/><G60/><T113/><D113/><U97/><E97/><V40/><F40/><W18/><G51/><T121/><D121/><U33/><E74/><V88/><F102/><W12/><G19/><T129/><D129/><U71/><E71/><V47/><F20/><W125/><G125/><T21/><D93/><U58/><E58/><AGARI ba="0,0" hai="1,2,12,18,23,50,53,58,89,94,98" m="51241" machi="58" ten="30,1000,0" yaku="20,1" doraHai="41" who="3" fromWho="1" sc="250,0,250,-10,250,0,250,10" /><INIT seed="1,0,0,5,0,51" ten="250,240,250,260" oya="1" hai0="85,45,20,102,36,57,126,30,22,106,56,114,108" hai1="116,86,99,113,95,135,32,79,54,55,42,72,39" hai2="7,15,76,81,73,115,63,41,61,128,100,92,50" hai3="17,60,0,3,28,120,109,21,87,23,133,119,9"/><U74/><E116/><V37/><F128/><W59/><G120/><T25/><D114/><U29/><E113/><V105/><F105/><W112/><G112/><T123/><D108/><U129/><E129/><V131/><F131/><W111/><G119/><T90/><D123/><U40/><E135/><V16/><F7/><W10/><G133/><T52/><D126/><U46/><E40/><V68/><F37/><W134/><G87/><T127/><D127/><U53/><E29/><V34/><F34/><W117/><G117/><T2/><D2/><N who="3" m="553" /><G134/><T82/><D106/><U4/><E4/><V77/><F68/><W58/><G58/><T49/><D102/><U94/><E32/><V33/><F33/><W24/><G59/><T75/><D36/><U27/><E27/><V70/><F70/><W122/><G60/><N who="2" m="23113" /><F81/><W88/><G88/><T98/><D75/><U83/><REACH who="1" step="1"/><E94/><REACH who="1" ten="250,230,250,260" step="2"/><V78/><F115/><W65/><G24/><N who="0" m="16647" /><D98/><U96/><E96/><N who="2" m="59399" /><F73/><W64/><G122/><T101/><D101/><AGARI ba="0,1" hai="39,42,46,53,54,55,72,74,79,83,86,95,99,101" machi="101" ten="40,18000,2" yaku="1,1,52,3,53,2" doraHai="51" doraHaiUra="104" who="1" fromWho="0" sc="250,-180,230,190,250,0,260,0" /><INIT seed="1,1,0,3,1,6" ten="70,420,250,260" oya="1" hai0="20,2,16,49,80,82,117,67,83,130,57,98,93" hai1="119,19,53,106,85,26,65,128,77,129,90,9,97" hai2="60,96,10,71,62,70,91,105,101,89,7,24,118" hai3="13,42,68,48,135,35,72,5,38,28,41,112,75"/><U81/><E119/><V45/><F118/><W116/><G112/><T125/><D117/><U22/><E65/><V100/><F45/><W34/><G116/><T111/><D111/><U37/><E37/><V114/><F114/><W44/><G135/><T108/><D108/><U30/><E53/><V21/><F100/><W109/><G109/><T36/><D36/><U74/><E97/><V115/><F115/><W14/><G68/><T0/><D125/><U84/><E106/><V39/><F39/><W133/><G133/><T87/><D130/><N who="1" m="50283" /><E90/><V103/><F103/><W4/><G38/><T78/><D0/><U58/><E58/><V107/><F107/><W73/><G73/><T52/><D2/><U59/><E59/><V104/><F104/><W66/><G35/><T55/><D55/><U121/><E121/><V88/><F71/><W47/><G34/><T113/><D113/><U40/><E40/><V1/><REACH who="2" step="1"/><F70/><REACH who="2" ten="70,420,240,260" step="2"/><W31/><G66/><T79/><D67/><U8/><E30/><AGARI ba="1,1" hai="1,7,10,21,24,30,60,62,88,89,91,96,101,105" machi="30" ten="40,8000,1" yaku="1,1,2,1,52,1,54,1,53,0" doraHai="6" doraHaiUra="110" who="2" fromWho="1" sc="70,0,420,-83,240,93,260,0" /><INIT seed="2,0,0,4,0,62" ten="70,337,333,260" oya="2" hai0="117,71,64,133,48,99,59,66,8,90,122,68,93" hai1="39,84,103,125,38,135,123,65,53,9,87,128,89" hai2="51,94,26,109,127,91,43,111,61,120,21,35,1" hai3="101,113,112,17,77,3,116,105,100,107,83,27,14"/><V13/><F1/><W22/><G3/><T130/><D122/><U82/><E125/><V49/><F127/><W132/><G116/><T119/><D130/><U16/><E135/><V37/><F37/><W11/><G132/><T63/><D133/><U102/><E128/><V7/><F35/><W118/><G118/><N who="0" m="45067" /><D8/><U95/><E123/><V10/><F120/><W67/><G107/><T79/><D79/><U70/><E53/><V76/><F76/><W28/><G105/><T73/><D73/><U23/><E9/><V108/><F43/><W85/><G113/><T86/><D48/><U4/><E4/><V57/><F94/><W129/><G112/><T98/><D59/><U131/><E131/><V32/><F32/><W134/><G129/><T31/><D31/><U2/><E2/><V55/><REACH who="2" step="1"/><F91/><REACH who="2" ten="70,337,323,260" step="2"/><W69/><G134/><T110/><D110/><U42/><E38/><V29/><AGARI ba="0,1" hai="7,10,13,21,26,29,49,51,55,57,61,108,109,111" machi="29" ten="30,18000,2" yaku="1,1,2,1,0,1,14,1,10,1,53,1" doraHai="62" doraHaiUra="18" who="2" fromWho="2" sc="70,-60,337,-60,323,190,260,-60" /><INIT seed="2,1,0,2,0,85" ten="10,277,513,200" oya="2" hai0="56,51,38,95,78,70,97,134,103,14,28,24,81" hai1="47,105,135,72,22,109,110,3,43,5,90,120,132" hai2="101,10,117,77,0,128,106,114,46,75,123,20,13" hai3="15,32,19,89,104,1,84,44,66,29,9,16,91"/><V86/><F114/><W31/><G104/><T6/><D134/><N who="1" m="51243" /><E105/><V92/><F117/><W4/><G66/><T48/><D70/><U87/><E72/><V94/><F123/><W127/><G127/><T26/><D38/><N who="1" m="22007" /><E120/><V62/><F0/><W80/><G32/><T131/><D131/><U99/><E99/><V34/><F34/><W82/><G44/><T96/><D96/><U107/><E107/><V111/><F128/><W49/><G49/><T35/><D26/><U61/><E61/><V121/><F121/><W74/><G74/><T27/><D27/><U76/><E76/><V115/><F115/><W129/><G129/><T39/><D39/><U42/><E42/><V58/><F75/><W68/><G68/><T88/><D56/><U63/><E22/><V124/><F20/><W73/><G73/><T67/><D67/><U133/><E133/><V37/><F77/><W33/><G33/><T93/><D81/><N who="3" m="31337" /><G1/><T45/><D78/><U8/><E63/><V130/><F62/><W23/><G4/><T30/><D30/><N who="3" m="11273" /><G84/><T40/><D48/><U59/><E59/><V53/><F37/><W25/><AGARI ba="1,0" hai="9,15,16,19,23,25,89,91" m="11273,31337" machi="25" ten="30,7900,0" yaku="8,1,52,2,54,1" doraHai="85" who="3" fromWho="3" sc="10,-21,277,-21,513,-40,200,82" owari="-11,-51.1,256,-14.4,473,57.3,282,8.2" /></mjloggm>