<mjloggm ver="2.3"><GO type="225" lobby="0"/><UN n0="%E3%81%BF%E3%81%BF%E3%81%9A" n1="%E3%83%A9%E3%82%A4%E3%83%B3%E3%81%AE%E8%99%8E" n2="%E3%83%B4%E3%83%A0%EF%BC%99%E3%81%A6" n3="%E6%81%A5%E6%99%92%E3%81%97" dan="17,16,16,16" rate="2174.47,2146.86,2175.15,2149.06" sx="M,M,M,M"/><TAIKYOKU oya="0"/><INIT seed="0,0,0,4,2,68" ten="250,250,250,250" oya="0" hai0="118,27,35,58,65,134,87,117,24,99,50,46,76" hai1="89,36,97,127,128,121,20,104,102,111,107,123,73" hai2="37,86,44,69,52,80,79,26,41,90,93,113,72" hai3="133,40,18,33,63,126,12,100,4,131,0,21,84"/><T39/><D99/><U25/><E111/><V17/><F113/><W13/><G126/><T6/><D6/><U59/><E127/><V103/><F69/><W96/><G131/><T53/><D134/><U51/><E128/><V10/><F103/><W54/><G133/><T22/><D35/><U32/><E32/><V135/><F135/><W110/><G110/><T5/><D5/><U19/><E73/><V34/><F34/><W23/><G33/><T15/><D15/><U83/><E104/><V101/><F101/><W16/><G40/><T70/><D27/><U38/><E83/><V60/><F26/><W9/><G84/><T109/><D109/><U81/><E81/><V64/><F64/><W85/><G85/><T47/><D87/><U66/><E89/><V30/><F30/><W28/><G28/><T77/><D76/><U95/><E107/><V75/><F75/><W112/><G112/><T130/><D77/><U132/><E132/><V92/><F92/><W120/><G120/><T56/><D130/><U105/><E105/><V88/><F90/><W114/><G114/><T31/><D46/><U55/><REACH who="1" step="1"/><E66/><REACH who="1" ten="250,240,250,250" step="2"/><V115/><F115/><W1/><G1/><T29/><D118/><U124/><E124/><V74/><F74/><W3/><G3/><T11/><D117/><U42/><E42/><V45/><F41/><W122/><G122/><AGARI ba="0,1" hai="19,20,25,36,38,51,55,59,95,97,102,121,122,123" machi="122" ten="40,5200,0" yaku="1,1,52,2,53,0" doraHai="68" doraHaiUra="106" who="1" fromWho="3" sc="250,0,240,62,250,0,250,-52" /><INIT seed="1,0,0,5,0,99" ten="250,302,250,198" oya="1" hai0="107,130,74,68,124,115,43,57,106,117,121,27,120" hai1="128,122,28,9,58,88,16,75,81,8,69,59,44" hai2="4,24,114,42,98,85,110,14,7,84,6,111,26" hai3="133,20,131,90,80,0,38,47,3,97,55,77,100"/><U72/><E69/><V45/><F14/><W18/><G131/><T112/><D68/><U76/><E75/><V41/><F98/><W103/><G133/><T132/><D74/><U96/><E122/><V60/><F60/><W31/><G31/><T71/><D71/><U37/><E128/><V113/><F4/><W21/><G21/><T54/><D130/><U48/><E37/><V1/><REACH who="2" step="1"/><F45/><REACH who="2" ten="250,302,240,198" step="2"/><W12/><G0/><AGARI ba="0,1" hai="0,1,6,7,24,26,41,42,84,85,110,111,113,114" machi="0" ten="25,12000,2" yaku="1,1,2,1,22,2,53,2" doraHai="99" doraHaiUra="22" who="2" fromWho="3" sc="250,0,302,0,240,130,198,-120" /><INIT seed="2,0,0,0,3,70" ten="250,302,370,78" oya="2" hai0="65,41,68,23,62,72,133,28,124,87,127,4,10" hai1="14,71,78,48,98,21,57,1,35,60,80,32,67" hai2="108,92,126,39,85,43,104,64,115,17,42,59,88" hai3="66,94,38,9,75,22,0,117,33,2,51,25,114"/><V50/><F115/><W16/><G117/><T76/><D72/><U118/><E1/><V100/><F126/><N who="0" m="48170" /><D133/><U131/><E118/><V49/><F39/><W106/><G106/><T89/><D76/><U99/><E131/><V54/><F108/><W52/><G75/><T27/><D41/><U30/><E71/><V61/><F49/><W121/><G114/><T56/><D68/><U103/><E48/><V26/><F104/><W81/><G121/><T74/><D74/><U3/><E3/><V19/><F100/><W96/><G66/><T91/><D87/><U7/><E99/><V86/><F86/><W47/><G33/><T18/><D28/><U5/><E78/><V12/><F26/><W120/><G120/><T132/><D132/><U130/><E80/><V113/><F113/><W20/><G9/><T63/><D62/><U58/><E60/><V53/><F19/><W6/><G6/><T95/><D95/><U29/><E29/><V69/><REACH who="2" step="1"/><F54/><REACH who="2" ten="250,302,360,78" step="2"/><W8/><G25/><T116/><D116/><U40/><E103/><V101/><F101/><W135/><G38/><T93/><D93/><U82/><E30/><V125/><F125/><W84/><G135/><T45/><D18/><U112/><E112/><V119/><F119/><W79/><G0/><T97/><D27/><U11/><E40/><V37/><F37/><W36/><G36/><T15/><D97/><U55/><E55/><V73/><F73/><W109/><G109/><T24/><D24/><U31/><E31/><V107/><F107/><W128/><G2/><T44/><D23/><AGARI ba="0,1" hai="12,17,23,42,43,50,53,59,61,64,69,85,88,92" machi="23" ten="30,12000,1" yaku="1,1,7,1,25,2,54,1,53,0" doraHai="70" doraHaiUra="129" who="2" fromWho="0" sc="250,-120,302,0,360,130,78,0" /><INIT seed="2,1,0,4,5,2" ten="130,302,490,78" oya="2" hai0="34,112,85,4,111,38,56,13,62,70,10,93,41" hai1="132,113,99,90,118,68,14,91,74,83,16,12,116" hai2="102,31,119,5,44,131,89,106,60,36,122,129,55" hai3="125,120,135,29,26,63,64,33,97,121,25,66,39"/><V100/><F119/><W46/><G125/><T126/><D112/><U11/><E113/><V109/><F122/><W98/><G135/><T81/><D34/><U107/><E68/><V18/><F31/><W48/><G39/><T6/><D126/><U17/><E132/><V40/><F109/><W87/><G66/><T105/><D105/><U73/><E116/><V58/><F106/><W43/><G25/><T49/><D70/><U130/><E130/><N who="2" m="49675" /><F5/><N who="0" m="2154" /><D38/><U59/><E59/><V117/><F117/><W53/><G43/><T20/><D111/><U7/><E118/><V114/><F114/><W15/><G87/><T134/><D134/><U95/><E107/><V37/><F36/><W67/><G15/><T47/><D93/><U82/><E17/><V128/><F128/><W35/><G35/><T8/><D20/><N who="1" m="11271" /><E74/><V45/><F45/><W84/><G84/><T65/><D13/><U61/><E61/><V92/><F18/><W3/><G3/><T110/><D110/><U27/><E27/><V69/><F69/><W79/><G79/><AGARI ba="1,0" hai="8,10,41,47,49,56,62,65,79,81,85" m="2154" machi="79" ten="30,7700,0" yaku="8,1,52,3" doraHai="2" who="0" fromWho="3" sc="130,80,302,0,490,0,78,-80" owari="210,-19.0,302,10.2,490,59.0,-2,-50.2" /></mjloggm>