<mjloggm ver="2.3"><GO type="225" lobby="0"/><UN n0="%E6%98%93%E5%88%A9%E8%96%A9%E4%BC%AF" n1="%E4%B8%89%E5%88%86%E5%B0%8F%E5%83%A7" n2="%E5%91%A8%E6%9D%B1" n3="%E5%A4%8F%E9%88%B4%E9%88%B4%E5%A4%8F" dan="17,16,17,16" rate="2138.09,2100.73,2196.92,2148.67" sx="F,M,M,F"/><TAIKYOKU oya="0"/><INIT seed="0,0,0,5,0,131" ten="250,250,250,250" oya="0" hai0="50,30,28,12,22,101,78,1,109,45,107,44,99" hai1="55,46,124,90,6,108,120,110,32,63,81,14,134" hai2="133,2,103,76,40,0,10,26,112,11,17,93,114" hai3="35,111,92,56,79,96,70,20,23,24,132,85,113"/><T125/><D1/><N who="2" m="618" /><F40/><W116/><G113/><N who="2" m="43625" /><F76/><W84/><G35/><T123/><D123/><U42/><E32/><V130/><F93/><W8/><G111/><N who="1" m="42538" /><E120/><V36/><F103/><W38/><G56/><T31/><D125/><U77/><E134/><V129/><F36/><W97/><G85/><T115/><D115/><U25/><E25/><V66/><F66/><W117/><G24/><T106/><D109/><U127/><E90/><V59/><F59/><W118/><G132/><T9/><D78/><U37/><E55/><V43/><F43/><W29/><G79/><T57/><D22/><U13/><E63/><V89/><F89/><W64/><G20/><T53/><REACH who="0" step="1"/><D106/><REACH who="0" ten="240,250,250,250" step="2"/><U52/><E127/><V121/><F133/><W67/><G23/><T16/><AGARI ba="0,1" hai="9,12,16,28,30,31,44,45,50,53,57,99,101,107" machi="16" ten="30,11700,0" yaku="1,1,2,1,0,1,54,1,53,0" doraHai="131" doraHaiUra="87" who="0" fromWho="0" sc="240,127,250,-39,250,-39,250,-39" /><INIT seed="0,1,0,0,3,36" ten="367,211,211,211" oya="0" hai0="65,31,44,55,133,40,101,5,56,93,120,131,38" hai1="6,86,50,122,73,123,81,132,110,68,8,64,117" hai2="0,53,129,20,48,90,128,42,76,134,54,97,45" hai3="59,35,41,34,74,126,4,39,113,61,119,87,32"/><T3/><D120/><U118/><E68/><V109/><F0/><W9/><G119/><N who="1" m="45578" /><E64/><V80/><F134/><W82/><G113/><T29/><D133/><U66/><E66/><V1/><F1/><W15/><G74/><T17/><D65/><U94/><E50/><V116/><F116/><W99/><G126/><T84/><D131/><N who="2" m="50250" /><F109/><W130/><G130/><T33/><D33/><U91/><E8/><V2/><F2/><W108/><G108/><T72/><D72/><U19/><E19/><V95/><F20/><W106/><G99/><T105/><D105/><U92/><E6/><V13/><F13/><W63/><G106/><T71/><D71/><U52/><E52/><V114/><F114/><W125/><G125/><T47/><D47/><U112/><E112/><V124/><F124/><W127/><G127/><T7/><D17/><U135/><E110/><V51/><F51/><W30/><G59/><T100/><D29/><U12/><E12/><V70/><F70/><W57/><G57/><T77/><D31/><U21/><E21/><V37/><F37/><W67/><G67/><T27/><D27/><U23/><E23/><V79/><F79/><W58/><G58/><T121/><D5/><U102/><E73/><AGARI ba="1,0" hai="42,45,48,53,54,73,76,80,90,95,97" m="50250" machi="73" ten="30,2000,0" yaku="19,1,52,1" doraHai="36" who="2" fromWho="1" sc="367,0,211,-23,211,23,211,0" /><INIT seed="1,0,0,4,2,16" ten="367,188,234,211" oya="1" hai0="94,103,42,86,24,134,76,54,83,63,60,124,116" hai1="37,96,21,39,89,114,127,120,69,41,113,17,10" hai2="135,80,62,73,31,5,34,14,87,51,84,106,91" hai3="78,68,2,35,45,57,18,6,15,107,22,70,50"/><U19/><E120/><V101/><F135/><W99/><G35/><T8/><D116/><U36/><E69/><V111/><F111/><W121/><G121/><T115/><D115/><U85/><E127/><V48/><F73/><W56/><G78/><T13/><D134/><U82/><E41/><V74/><F74/><W30/><G30/><T128/><D42/><U52/><E10/><V59/><F101/><W90/><G70/><T27/><D128/><U118/><E118/><V95/><F106/><W67/><G6/><T123/><D124/><U119/><E119/><V122/><F122/><W108/><G2/><T110/><D110/><U0/><E0/><V105/><F105/><W1/><G1/><T26/><D54/><U131/><E131/><V81/><F31/><W20/><G20/><T112/><D112/><U102/><E52/><N who="2" m="34151" /><F34/><W97/><G108/><T9/><D123/><U125/><E17/><V25/><F25/><W12/><G15/><T46/><D13/><U65/><E65/><V88/><F81/><W33/><G33/><T23/><D27/><U71/><E71/><V100/><F100/><N who="3" m="62863" /><G67/><T92/><D83/><U129/><E129/><V93/><F80/><W133/><G68/><T75/><D26/><N who="1" m="14655" /><E125/><V28/><F28/><W109/><G133/><T4/><D24/><U55/><E55/><V66/><F66/><W38/><G38/><N who="1" m="9730" /><U11/><DORA hai="98" /><E11/><AGARI ba="0,0" hai="5,11,14,48,51,84,87,88,91,93,95" m="34151" machi="11" ten="30,3900,0" yaku="8,1,54,2" doraHai="16,98" who="2" fromWho="1" sc="367,0,188,-39,234,39,211,0" /><INIT seed="2,0,0,5,2,98" ten="367,149,273,211" oya="2" hai0="55,80,0,56,40,125,50,132,88,45,36,73,15" hai1="65,38,94,114,102,26,67,44,7,106,43,30,117" hai2="63,64,72,10,48,110,108,90,71,111,122,1,83" hai3="79,100,18,2,97,70,58,113,14,115,52,59,49"/><V21/><F122/><W105/><G2/><T126/><D0/><U104/><E114/><V5/><F21/><W81/><G59/><T89/><D132/><U120/><E117/><V103/><F48/><W66/><G66/><T35/><D35/><U82/><E120/><V96/><F90/><W91/><G91/><T20/><D73/><U34/><E7/><V8/><F8/><W95/><G105/><T135/><D135/><U119/><E119/><V22/><F22/><W99/><G99/><T75/><D75/><U62/><E82/><V76/><REACH who="2" step="1"/><F111/><REACH who="2" ten="367,149,263,211" step="2"/><W46/><G115/><T60/><D50/><U109/><E109/><V124/><F124/><N who="0" m="47722" /><D80/><U3/><E34/><V69/><F69/><W133/><G70/><T28/><D28/><U9/><E30/><V127/><F127/><W121/><G113/><T6/><D20/><U57/><E9/><AGARI ba="0,1" hai="6,9,15,36,40,45,55,56,60,88,89" m="47722" machi="9" ten="30,2000,0" yaku="18,1,54,1" doraHai="98" who="0" fromWho="1" sc="367,30,149,-20,263,0,211,0" /><INIT seed="3,0,0,2,3,106" ten="397,129,263,211" oya="3" hai0="50,28,64,46,114,49,73,96,86,77,132,70,122" hai1="57,103,18,58,4,82,121,63,17,93,0,72,68" hai2="38,29,89,52,112,128,78,20,105,67,22,32,1" hai3="36,118,120,104,53,80,95,101,40,111,66,48,23"/><W115/><G118/><T47/><D122/><U76/><E121/><V88/><F105/><W30/><G115/><T124/><D132/><U130/><E130/><V9/><F112/><W123/><G104/><T135/><D135/><U45/><E68/><V75/><F67/><W55/><G66/><T97/><D73/><U39/><E103/><V102/><F38/><W81/><G36/><T24/><D124/><U13/><E93/><V117/><F102/><W44/><G111/><T113/><D70/><U100/><E100/><V131/><F32/><W21/><G123/><T27/><D64/><U79/><E79/><V65/><F65/><W10/><G10/><T59/><D59/><U91/><E91/><V26/><F22/><N who="3" m="8203" /><G30/><T119/><D28/><U3/><E3/><V94/><F117/><W5/><G5/><T116/><D77/><U98/><E98/><V85/><F89/><W129/><G129/><T107/><D107/><U6/><E6/><V83/><F9/><W99/><G120/><T62/><D62/><U92/><E92/><V31/><F31/><W126/><G126/><T56/><D56/><N who="1" m="21611" /><E63/><V41/><F1/><W74/><G74/><T14/><D14/><U33/><E33/><V90/><F90/><W19/><G19/><N who="1" m="7178" /><E13/><V11/><F131/><W69/><G69/><T34/><D34/><U51/><E39/><V54/><F128/><W61/><G61/><T15/><D15/><U108/><E108/><V2/><F2/><W110/><G95/><T84/><AGARI ba="0,0" hai="24,27,46,47,49,50,84,86,96,97,113,114,116,119" machi="84" ten="25,3200,0" yaku="0,1,22,2" doraHai="106" who="0" fromWho="0" sc="397,32,129,-8,263,-8,211,-16" owari="429,52.9,121,-37.9,255,5.5,195,-20.5" /></mjloggm>