<mjloggm ver="2.3"><GO type="225" lobby="0"/><UN n0="%E5%85%83%E3%82%AB%E3%83%8E%E7%B3%BB%E3%83%92%E3%83%AD%E3%82%A4%E3%83%B3" n1="%E3%82%A4%E3%83%BC%E3%82%B1%E3%83%97%E3%83%A9" n2="%E6%81%A5%E6%99%92%E3%81%97" n3="%E3%81%AF%E3%82%88%E3%81%8A%E3%81%98%E3%81%95%E3%82%93" dan="16,16,16,17" rate="2140.73,2179.97,2094.10,2132.68" sx="M,M,M,M"/><TAIKYOKU oya="0"/><INIT seed="0,0,0,0,3,22" ten="250,250,250,250" oya="0" hai0="81,97,90,89,65,37,40,132,41,39,38,53,105" hai1="111,1,4,120,58,106,17,79,91,134,66,93,28" hai2="35,60,19,48,59,113,77,51,107,10,49,104,56" hai3="123,117,31,0,45,52,5,88,71,29,55,54,129"/><T34/><D132/><U109/><E120/><V125/><F113/><W6/><G117/><T128/><D128/><U61/><E106/><V87/><F35/><W73/><G73/><T99/><D34/><U12/><E28/><N who="3" m="10826" /><G71/><T86/><D65/><U133/><E79/><V103/><F125/><W13/><G0/><T121/><D121/><U36/><E36/><V85/><F103/><W75/><G75/><T78/><D53/><N who="3" m="20585" /><G129/><T2/><D2/><U32/><E32/><V102/><F60/><W25/><G123/><T27/><D27/><U42/><E42/><V108/><F102/><W92/><G13/><T69/><D69/><U95/><E134/><V80/><F108/><N who="1" m="41545" /><E91/><V115/><F115/><W68/><G68/><T76/><D105/><U47/><E47/><V33/><F104/><W70/><G70/><T50/><D50/><U112/><E133/><V8/><F107/><W16/><N who="3" m="20593" /><W119/><DORA hai="64" /><G45/><T44/><D44/><U7/><E112/><V122/><F33/><W98/><G119/><T84/><REACH who="0" step="1"/><D38/><REACH who="0" ten="240,250,250,250" step="2"/><U67/><E66/><V114/><F122/><W30/><G30/><T83/><AGARI ba="0,1" hai="37,39,40,41,76,78,81,83,84,86,89,90,97,99" machi="83" ten="25,18000,2" yaku="1,1,2,1,0,1,22,2,53,2" doraHai="22,64" doraHaiUra="72,15" who="0" fromWho="0" sc="240,190,250,-60,250,-60,250,-60" /><INIT seed="0,1,0,1,3,68" ten="430,190,190,190" oya="0" hai0="93,55,116,96,32,115,72,121,130,128,75,47,107" hai1="46,69,48,30,40,22,85,7,4,35,82,37,3" hai2="84,33,50,5,73,9,39,20,44,17,26,79,58" hai3="99,1,122,10,124,77,112,92,64,61,117,131,88"/><T120/><D32/><U110/><E110/><V63/><F73/><N who="0" m="28234" /><D55/><U8/><E69/><V133/><F133/><W105/><G112/><T62/><D62/><U38/><E35/><V100/><F100/><W103/><G117/><T52/><D52/><U114/><E114/><V13/><F33/><W132/><G132/><T36/><D47/><U6/><E30/><V45/><F39/><W95/><G105/><T51/><D51/><U80/><E80/><V101/><F101/><W0/><G77/><T59/><D59/><U49/><E22/><V89/><F79/><W29/><G29/><T119/><D36/><U53/><E7/><V60/><F58/><W127/><G131/><N who="0" m="50219" /><D107/><U65/><E6/><V21/><F21/><W123/><G10/><T27/><D27/><U24/><E24/><V18/><F5/><W86/><G0/><T31/><D31/><U12/><E65/><V81/><F45/><W91/><G1/><T78/><D78/><N who="1" m="46295" /><E3/><V94/><REACH who="2" step="1"/><F94/><REACH who="2" ten="430,190,180,190" step="2"/><N who="3" m="58871" /><G64/><T87/><D115/><U42/><E42/><AGARI ba="1,1" hai="9,13,17,18,20,26,42,44,50,60,63,81,84,89" machi="42" ten="30,3900,0" yaku="1,1,7,1,8,1,53,0" doraHai="68" doraHaiUra="25" who="2" fromWho="1" sc="430,0,190,-42,180,52,190,0" /><INIT seed="1,0,0,5,2,92" ten="430,148,232,190" oya="1" hai0="49,130,39,23,87,15,7,74,54,63,93,118,111" hai1="66,60,98,104,90,123,127,32,76,86,68,34,120" hai2="33,62,103,59,97,58,36,100,55,35,64,14,52" hai3="94,22,20,112,85,19,108,10,106,24,116,89,80"/><U13/><E127/><V70/><F36/><W83/><G108/><T31/><D39/><U42/><E42/><V107/><F103/><W25/><G112/><T133/><D74/><U30/><E76/><V95/><F107/><W109/><G109/><T77/><D118/><U82/><E13/><V43/><F43/><W131/><G131/><T2/><D111/><U125/><E125/><V91/><F100/><W72/><G116/><T135/><D130/><U79/><E104/><V41/><F41/><W67/><G106/><T57/><D2/><U110/><E110/><V75/><F75/><W105/><G105/><T124/><D124/><U4/><E4/><V18/><F70/><W53/><G72/><T71/><D31/><U132/><E132/><N who="0" m="50761" /><D71/><U117/><E117/><V6/><F6/><W5/><G53/><T61/><D23/><U134/><E134/><V69/><F69/><W38/><G67/><T101/><D77/><U8/><E8/><V17/><F64/><W26/><G38/><T126/><D126/><U113/><E113/><V88/><F91/><W1/><REACH who="3" step="1"/><G26/><REACH who="3" ten="430,148,232,180" step="2"/><T102/><D54/><U27/><REACH who="1" step="1"/><E34/><REACH who="1" ten="430,138,232,180" step="2"/><V45/><F33/><W44/><G44/><T73/><D7/><U16/><E16/><AGARI ba="0,2" hai="1,5,10,16,19,20,22,24,25,80,83,85,89,94" machi="16" ten="30,7700,0" yaku="1,1,7,1,9,1,54,1,53,0" doraHai="92" doraHaiUra="122" who="3" fromWho="1" sc="430,0,138,-77,232,0,180,97" /><INIT seed="2,0,0,4,1,19" ten="430,61,232,277" oya="2" hai0="34,68,107,46,58,93,41,33,87,59,57,126,108" hai1="131,80,53,78,60,96,50,27,98,56,29,20,2" hai2="65,103,38,12,42,64,40,101,127,130,67,0,117" hai3="35,51,69,23,116,43,111,112,70,31,61,26,15"/><V77/><F117/><W6/><G116/><T55/><D107/><U121/><E131/><V83/><F0/><W102/><G111/><T16/><D68/><U32/><E2/><V4/><F130/><W125/><G125/><T105/><D105/><U79/><E32/><V94/><F127/><W9/><G112/><T122/><D122/><U81/><E121/><V62/><F62/><W109/><G109/><T91/><D108/><U113/><E113/><V85/><F38/><W36/><G36/><T3/><D3/><U39/><E39/><V24/><F24/><W132/><G132/><T66/><D66/><U8/><E8/><N who="2" m="4103" /><F94/><W7/><G7/><T106/><D106/><U123/><E123/><V95/><F95/><W63/><G102/><AGARI ba="0,0" hai="40,42,64,65,67,77,83,85,101,102,103" m="4103" machi="102" ten="30,1500,0" yaku="8,1" doraHai="19" who="2" fromWho="3" sc="430,0,61,0,232,15,277,-15" /><INIT seed="2,1,0,0,0,49" ten="430,61,247,262" oya="2" hai0="5,31,44,33,115,87,114,134,3,96,94,71,128" hai1="79,6,127,45,19,39,67,89,106,47,18,11,97" hai2="93,133,13,85,90,16,91,64,2,80,88,77,23" hai3="25,92,9,108,28,103,105,42,29,36,53,113,121"/><V98/><F133/><W78/><G121/><T48/><D71/><U7/><E127/><V66/><REACH who="2" step="1"/><F2/><REACH who="2" ten="430,61,237,262" step="2"/><W101/><G113/><T102/><D134/><U56/><E6/><V100/><AGARI ba="1,1" hai="13,16,23,64,66,77,80,85,88,90,91,93,98,100" machi="100" ten="30,18000,2" yaku="1,1,2,1,0,1,8,1,54,2,53,0" doraHai="49" doraHaiUra="107" who="2" fromWho="2" sc="430,-61,61,-61,237,193,262,-61" /><INIT seed="2,2,0,0,4,21" ten="369,0,430,201" oya="2" hai0="15,122,92,50,29,87,126,45,46,97,129,27,98" hai1="85,95,103,44,110,130,11,19,62,107,58,42,36" hai2="54,17,39,134,102,48,115,90,117,24,47,112,1" hai3="18,109,96,69,100,22,83,49,31,66,59,53,20"/><V124/><F117/><W94/><G109/><T52/><D122/><U71/><E71/><V113/><F1/><W116/><G116/><T105/><D129/><U127/><E107/><V56/><F124/><W41/><G69/><T61/><D126/><U33/><E33/><V65/><F102/><W60/><G41/><T74/><D74/><U132/><E127/><V89/><F134/><W91/><G31/><T26/><D105/><U93/><E110/><V6/><F6/><W30/><G30/><T70/><D70/><U80/><E132/><V0/><F0/><W7/><G7/><T3/><D3/><U23/><E11/><V86/><F39/><W12/><G20/><N who="0" m="15559" /><D61/><U63/><E103/><V133/><F133/><W76/><G100/><T25/><D45/><U13/><E63/><V135/><F135/><W114/><G114/><T32/><D32/><U125/><E130/><V106/><F106/><W79/><G83/><T34/><D34/><U123/><E123/><V78/><F112/><W64/><G64/><T37/><D37/><U5/><E5/><V128/><F128/><W82/><G82/><T10/><D87/><U88/><E125/><V2/><F2/><W40/><G66/><AGARI ba="2,0" hai="13,19,23,36,42,44,58,62,66,80,85,88,93,95" machi="66" ten="30,2000,0" yaku="7,1,54,1" doraHai="21" who="1" fromWho="3" sc="369,0,0,26,430,0,201,-26" /><INIT seed="3,0,0,3,1,64" ten="369,26,430,175" oya="3" hai0="112,69,123,21,122,13,62,80,48,102,8,118,18" hai1="98,41,27,111,19,133,53,115,95,97,47,32,104" hai2="33,12,4,31,11,130,70,29,108,10,127,37,52" hai3="124,113,45,1,82,84,54,100,14,75,28,134,25"/><W131/><G1/><T61/><D118/><U0/><E111/><V107/><F70/><W87/><G113/><T76/><D112/><U35/><E133/><V17/><F107/><W43/><G134/><T103/><D61/><U129/><E129/><V74/><F74/><W46/><G131/><T92/><D48/><U121/><E121/><V63/><F37/><W66/><G124/><T3/><D3/><U56/><E0/><V116/><F116/><W126/><G126/><T22/><D122/><U86/><E115/><V110/><F127/><W89/><G75/><T91/><D123/><U81/><E104/><V90/><F130/><W117/><G117/><T96/><D69/><U20/><E35/><V71/><F90/><W132/><G132/><T39/><D39/><U60/><E32/><V88/><F88/><W6/><G100/><T9/><D62/><U49/><REACH who="1" step="1"/><E95/><REACH who="1" ten="369,16,430,175" step="2"/><V93/><F93/><N who="3" m="54439" /><G66/><T36/><D36/><U120/><E120/><V67/><F33/><W26/><G82/><T7/><D21/><U135/><E135/><V59/><F108/><W16/><G28/><T77/><D9/><U119/><E119/><V55/><F110/><W23/><G23/><T114/><D114/><U42/><E42/><V105/><F10/><W83/><G43/><T78/><REACH who="0" step="1"/><D80/><REACH who="0" ten="359,16,430,175" step="2"/><U128/><E128/><V40/><F67/><W51/><G83/><T38/><D38/><U30/><E30/><V73/><F31/><W50/><G54/><T57/><D57/><U94/><E94/><V79/><F55/><N who="3" m="30159" /><G46/><T72/><D72/><U68/><E68/><V34/><F73/><RYUUKYOKU ba="0,2" sc="359,15,16,15,430,-15,175,-15" hai0="7,8,13,18,22,76,77,78,91,92,96,102,103" hai1="19,20,27,41,47,49,53,56,60,81,86,97,98" owari="374,17.4,31,-46.9,435,53.5,160,-24.0" /></mjloggm>