<mjloggm ver="2.3"><GO type="225" lobby="0"/><UN n0="%53%61%63%68%69%30%34" n1="%E7%99%BD%E5%80%89%E5%AF%9B%E4%B9%8B" n2="%E3%81%BF%E3%81%BF%E3%81%9A" n3="%E3%82%8F%E3%81%8B%E3%81%B0%2A%E3%82%AC%E3%83%BC%E3%83%AB" dan="16,16,17,17" rate="2073.17,2136.27,2262.09,2225.33" sx="M,M,M,M"/><TAIKYOKU oya="0"/><INIT seed="0,0,0,5,0,87" ten="250,250,250,250" oya="0" hai0="131,111,95,108,105,68,119,80,58,129,107,74,120" hai1="8,33,106,118,91,121,10,38,63,71,11,72,97" hai2="5,27,70,116,42,115,133,67,135,35,23,20,90" hai3="117,78,92,102,98,32,3,109,13,31,61,76,89"/><T44/><D58/><U62/><E118/><V94/><F115/><W9/><G117/><T0/><D44/><U24/><E121/><V93/><F116/><W49/><G3/><T86/><D68/><U124/><E38/><V130/><F130/><N who="0" m="49674" /><D0/><U17/><E72/><V127/><F127/><W66/><G109/><N who="0" m="42059" /><D119/><U75/><E75/><V88/><F42/><W101/><G49/><T51/><D51/><U73/><E73/><V128/><F128/><W99/><G31/><T69/><D69/><U34/><E124/><V47/><F47/><W2/><G32/><T14/><D14/><U28/><E34/><V46/><F46/><W21/><G21/><N who="2" m="8265" /><F70/><W48/><G48/><T25/><D25/><U41/><E41/><V134/><F67/><W79/><G99/><T55/><D55/><U64/><E63/><V22/><F35/><W12/><G2/><T40/><D40/><U123/><E123/><V59/><F59/><N who="3" m="37183" /><G13/><T36/><D36/><U43/><E43/><V65/><F65/><W96/><G96/><T84/><D120/><U19/><REACH who="1" step="1"/><E91/><REACH who="1" ten="250,240,250,250" step="2"/><N who="2" m="34859" /><F5/><AGARI ba="0,1" hai="5,9,12,76,78,79,89,92,98,101,102" m="37183" machi="5" ten="30,2000,0" yaku="8,1,52,1" doraHai="87" who="3" fromWho="2" sc="250,0,240,0,250,-20,250,30" /><INIT seed="1,0,0,3,0,69" ten="250,240,230,280" oya="1" hai0="8,40,109,63,9,61,104,0,32,114,116,24,34" hai1="103,56,96,67,25,90,101,110,12,47,128,108,76" hai2="26,50,129,89,97,22,21,23,70,19,132,98,105" hai3="133,73,4,65,83,107,52,93,130,27,14,48,53"/><U35/><E128/><V124/><F129/><W86/><G130/><T127/><D104/><U118/><E118/><V81/><F70/><W79/><G107/><T84/><D116/><U42/><E76/><V7/><F124/><W18/><G133/><T60/><D114/><U66/><E90/><V59/><F132/><W95/><G65/><N who="1" m="24586" /><E56/><V135/><F135/><W82/><G27/><T30/><D127/><U125/><E125/><V64/><F105/><W113/><G4/><T112/><D112/><U58/><E58/><V11/><F97/><W77/><G113/><T51/><D109/><N who="1" m="42091" /><E96/><V28/><F28/><W100/><G100/><T10/><D0/><U78/><E78/><V123/><F123/><W49/><G53/><T80/><D34/><U94/><E94/><V31/><F31/><W131/><G48/><T45/><REACH who="0" step="1"/><D61/><REACH who="0" ten="240,240,230,280" step="2"/><U71/><E35/><V85/><F98/><W54/><G131/><T20/><D20/><U57/><E71/><V75/><F75/><W37/><G73/><T43/><D43/><U15/><E57/><V72/><F72/><W92/><G54/><T88/><AGARI ba="0,1" hai="8,9,10,24,30,32,40,45,51,60,63,80,84,88" machi="88" ten="30,4000,0" yaku="1,1,0,1,54,1,53,0" doraHai="69" doraHaiUra="121" who="0" fromWho="0" sc="240,50,240,-20,230,-10,280,-10" /><INIT seed="2,0,0,4,2,85" ten="290,220,220,270" oya="2" hai0="130,7,108,50,96,60,68,61,43,86,87,41,114" hai1="125,24,123,67,118,27,95,63,56,2,128,19,94" hai2="92,76,82,113,48,31,17,9,57,11,16,127,91" hai3="117,69,20,47,100,105,107,54,13,116,99,88,84"/><V64/><F113/><W38/><G69/><T55/><D114/><U21/><E2/><V104/><F104/><W115/><G107/><T65/><D108/><U122/><E118/><V77/><F31/><W44/><G115/><T3/><D130/><U33/><E128/><V37/><F37/><W132/><G132/><T103/><D60/><U129/><E129/><V97/><F127/><W79/><G79/><N who="2" m="30281" /><F82/><W4/><G47/><T110/><D110/><U26/><E125/><V90/><F90/><W98/><G98/><T40/><D7/><U73/><E73/><V32/><F32/><W25/><G13/><T52/><D55/><U134/><E134/><V51/><F51/><W39/><G4/><T78/><D3/><U22/><E33/><V121/><F121/><N who="1" m="46089" /><E22/><V106/><F106/><W58/><G39/><T42/><N who="0" m="10240" /><DORA hai="10" /><T0/><D78/><U111/><E111/><V133/><F133/><W126/><G38/><T28/><D28/><U14/><AGARI ba="0,0" hai="14,19,21,24,26,27,56,63,67,94,95" m="46089" machi="14" ten="30,2000,0" yaku="13,1,52,1" doraHai="85,10" who="1" fromWho="1" sc="290,-5,220,20,220,-10,270,-5" /><INIT seed="3,0,0,1,2,11" ten="285,240,210,265" oya="3" hai0="97,127,31,44,50,104,105,89,30,5,79,41,87" hai1="52,14,32,27,33,78,99,62,120,10,61,37,1" hai2="112,118,125,113,47,13,39,111,18,133,90,130,107" hai3="110,72,95,4,122,73,3,123,56,103,93,60,51"/><W59/><G110/><T92/><D127/><U76/><E37/><V108/><F107/><W134/><G134/><T12/><D105/><U6/><E120/><V119/><F90/><W70/><G70/><T96/><D104/><U15/><E33/><V114/><F47/><W40/><G3/><T102/><D79/><N who="1" m="30251" /><E32/><V84/><F84/><W53/><G4/><T22/><D102/><U124/><E1/><V36/><F125/><W132/><G132/><T75/><D75/><U49/><E124/><V54/><F54/><W25/><G40/><T9/><D22/><U83/><E83/><V43/><F43/><W63/><G25/><T38/><D38/><N who="2" m="14378" /><F133/><W58/><G103/><N who="0" m="60807" /><D97/><U94/><E27/><V24/><F24/><W20/><G20/><T69/><D69/><U28/><E28/><V115/><N who="2" m="28672" /><DORA hai="68" /><V101/><F101/><W2/><G2/><T57/><D57/><N who="1" m="32911" /><E14/><V16/><F130/><W67/><G72/><T129/><D129/><U65/><E65/><V45/><F45/><W48/><G73/><T7/><D7/><U117/><E117/><N who="2" m="44555" /><F13/><W135/><G135/><T8/><D8/><U21/><E21/><V116/><N who="2" m="44563" /><V109/><AGARI ba="0,0" hai="16,18,108,109,111" m="44563,28672,14378" machi="109" ten="90,16000,3" yaku="4,1,28,2,14,1,52,3,54,1" doraHai="11,68" who="2" fromWho="2" sc="285,-40,240,-40,210,160,265,-80" owari="245,4.5,200,-20.0,370,47.0,185,-31.5" /></mjloggm>