<mjloggm ver="2.3"><GO type="225" lobby="0"/><UN n0="%72%69%6F%75%63%68%61%6E" n1="%E3%81%A4%E3%81%A3%E3%81%B1%E3%82%8A%E3%83%9D%E3%83%BC%E3%83%AB" n2="%E3%81%AF%E3%82%88%E3%81%8A%E3%81%98%E3%81%95%E3%82%93" n3="%E3%81%8B%E3%82%8F%E3%81%A1%E3%82%83%E3%82%93%35%38" dan="16,17,17,16" rate="2093.56,2153.88,2213.37,2155.97" sx="M,M,M,M"/><TAIKYOKU oya="0"/><INIT seed="0,0,0,1,2,41" ten="250,250,250,250" oya="0" hai0="1,117,95,89,17,80,54,46,128,9,105,44,107" hai1="91,84,123,109,125,58,108,40,118,68,15,5,60" hai2="50,86,96,59,62,70,65,127,103,7,131,83,87" hai3="19,56,99,92,33,115,52,129,23,124,8,16,98"/><T47/><D117/><U36/><E118/><V76/><F127/><W49/><G115/><T88/><D128/><U31/><E123/><V35/><F131/><W42/><G129/><T38/><D38/><U79/><E68/><V27/><F7/><W26/><G33/><T12/><D1/><U25/><E79/><V29/><F50/><W74/><G74/><T101/><D101/><U133/><E133/><V94/><F59/><W72/><G72/><AGARI ba="0,0" hai="27,29,35,62,65,70,72,76,83,86,87,94,96,103" machi="72" ten="30,1000,0" yaku="7,1" doraHai="41" who="2" fromWho="3" sc="250,0,250,0,250,10,250,-10" /><INIT seed="1,0,0,1,4,122" ten="250,250,260,240" oya="1" hai0="100,81,25,1,34,29,0,54,129,21,76,121,6" hai1="13,110,42,78,55,24,8,10,123,58,56,124,44" hai2="15,4,125,39,101,5,116,103,80,59,17,19,115" hai3="117,131,43,79,38,7,68,132,27,107,75,118,111"/><U67/><E123/><V2/><F39/><W97/><G7/><T89/><D121/><U127/><E78/><V14/><F116/><W94/><G68/><T83/><D129/><U16/><E24/><V108/><F125/><N who="1" m="48201" /><E67/><V102/><F108/><W84/><G27/><T50/><D100/><U119/><E119/><N who="3" m="45578" /><G43/><T98/><D34/><U134/><E134/><V66/><F115/><W47/><G47/><T51/><D6/><N who="2" m="2666" /><F2/><W105/><G38/><T20/><D20/><N who="1" m="11279" /><E110/><V57/><F80/><N who="3" m="45183" /><G111/><T41/><D83/><U92/><E92/><V112/><F112/><W73/><G73/><T87/><D76/><U130/><E130/><V46/><F46/><W35/><G35/><T31/><D31/><U93/><E93/><V88/><F66/><W3/><G3/><T33/><D33/><U63/><E58/><N who="2" m="22027" /><F14/><W11/><G131/><T120/><D120/><U9/><E44/><V49/><F49/><W69/><G69/><T12/><D12/><U133/><E133/><V72/><F72/><W37/><G37/><T64/><D64/><U48/><E42/><V128/><F128/><W23/><G132/><T113/><D113/><U26/><E26/><V85/><F15/><W40/><G40/><T126/><D126/><U86/><E48/><N who="0" m="18473" /><D41/><U28/><E28/><V22/><F22/><W60/><G23/><T90/><D54/><U99/><E86/><V77/><F77/><W62/><G84/><T106/><D0/><U18/><E18/><V104/><F104/><N who="3" m="40011" /><G11/><T61/><D1/><U53/><E53/><V52/><F52/><W65/><G65/><T95/><D106/><RYUUKYOKU ba="0,0" sc="250,0,250,0,260,0,240,0" hai0="21,25,29,61,81,87,89,90,95,98" hai1="8,9,10,55,56,63,99" hai2="17,19,85,88,101,102,103" hai3="60,62,94,97" /><INIT seed="1,1,0,0,0,5" ten="250,250,260,240" oya="1" hai0="28,21,94,111,134,16,122,51,24,41,0,49,120" hai1="62,55,19,30,45,22,4,43,90,121,110,52,93" hai2="86,40,123,88,59,84,60,133,116,23,47,83,70" hai3="66,101,35,79,104,72,129,46,38,13,6,92,98"/><U78/><E121/><N who="0" m="46697" /><D111/><U97/><E110/><V64/><F123/><W96/><G35/><N who="0" m="20871" /><D134/><U105/><E105/><V69/><F116/><W126/><G126/><T67/><D41/><U34/><E34/><V31/><F133/><W76/><G72/><T7/><D67/><U63/><E30/><V80/><F23/><W73/><G73/><T109/><D109/><U9/><E78/><V124/><F31/><W99/><G66/><T29/><D29/><U127/><E127/><V119/><F119/><W100/><G129/><T36/><D36/><U58/><E43/><V44/><F124/><W27/><G27/><N who="0" m="14759" /><D94/><U61/><E45/><V14/><F14/><W106/><G46/><T10/><AGARI ba="1,0" hai="0,7,10,49,51" m="14759,20871,46697" machi="10" ten="30,4000,0" yaku="13,1,52,1,54,1" doraHai="5" who="0" fromWho="0" sc="250,43,250,-21,260,-11,240,-11" /><INIT seed="2,0,0,1,3,135" ten="293,229,249,229" oya="2" hai0="87,38,0,19,9,89,95,71,23,97,7,120,118" hai1="62,83,29,35,92,46,27,76,48,58,60,100,18" hai2="78,93,12,42,94,13,21,53,79,20,70,109,111" hai3="102,69,55,96,75,43,3,99,115,28,104,98,123"/><V81/><F70/><W134/><G123/><T54/><D120/><U26/><E100/><V77/><F81/><W117/><G117/><T50/><D38/><U68/><E68/><V107/><F107/><W72/><G3/><T15/><D71/><U34/><E92/><N who="2" m="35435" /><F53/><W57/><G69/><T122/><D122/><U52/><E58/><V2/><F2/><W30/><G43/><T124/><D124/><U6/><E6/><V47/><F42/><W114/><G102/><T65/><D118/><U61/><E18/><V33/><F33/><W73/><G104/><T84/><REACH who="0" step="1"/><D65/><REACH who="0" ten="283,229,249,229" step="2"/><U14/><E14/><N who="2" m="5739" /><F47/><AGARI ba="0,1" hai="0,7,9,15,19,23,47,50,54,84,87,89,95,97" machi="47" ten="30,2000,0" yaku="1,1,7,1,53,0" doraHai="135" doraHaiUra="31" who="0" fromWho="2" sc="283,30,229,0,249,-20,229,0" /><INIT seed="3,0,0,0,5,131" ten="313,229,229,229" oya="3" hai0="62,100,117,104,124,74,15,69,11,102,73,37,95" hai1="92,81,82,16,32,39,99,135,4,14,85,23,72" hai2="88,130,43,115,29,35,89,59,47,5,116,61,64" hai3="120,9,51,94,70,87,1,133,22,55,125,80,21"/><W30/><G120/><T129/><D37/><U31/><E39/><V46/><F116/><W90/><G70/><T77/><D104/><U123/><E123/><V50/><F115/><W44/><G125/><T24/><D77/><U25/><E135/><V0/><F130/><W18/><G133/><T108/><D129/><U79/><E4/><V75/><F75/><W53/><G30/><T112/><D117/><U68/><E68/><V19/><F0/><W86/><G53/><T105/><D105/><U83/><E72/><V111/><F111/><W41/><G41/><T34/><D108/><U13/><E13/><V127/><F127/><W8/><G1/><T103/><D124/><U58/><E58/><V132/><F132/><W91/><REACH who="3" step="1"/><G22/><REACH who="3" ten="313,229,229,219" step="2"/><T134/><D134/><U36/><E36/><V49/><F5/><W3/><G3/><T118/><D69/><U84/><E84/><V93/><F19/><W65/><G65/><T38/><D38/><U54/><E54/><N who="2" m="30007" /><F35/><W2/><G2/><T28/><D118/><U121/><E121/><V76/><F29/><W17/><G17/><T60/><D112/><U52/><E52/><V6/><F6/><W57/><G57/><T63/><D28/><U128/><E128/><V107/><F107/><W26/><AGARI ba="0,1" hai="8,9,18,21,26,44,51,55,80,86,87,90,91,94" machi="26" ten="20,7800,0" yaku="1,1,0,1,7,1,8,1,53,0" doraHai="131" doraHaiUra="114" who="3" fromWho="3" sc="313,-26,229,-26,229,-26,219,88" owari="287,8.7,203,-19.7,203,-29.7,307,40.7" /></mjloggm>