<mjloggm ver="2.3"><GO type="225" lobby="0"/><UN n0="%E3%83%96%E3%83%83%E3%83%91%E3%82%AA%E3%83%96%E3%83%81%E3%82%AD%E3%83%B3" n1="%E3%81%A1%E3%82%83%E3%81%93%E3%81%93" n2="%E5%8D%A0%E3%81%84%E5%B8%AB%E8%A3%8F%E3%81%AA%E3%81%84%E3%81%97" n3="%E9%A6%AC%E5%BC%95%E7%81%AB%33" dan="16,16,17,16" rate="2218.64,2147.93,2261.13,2148.83" sx="M,F,M,M"/><TAIKYOKU oya="0"/><INIT seed="0,0,0,4,5,74" ten="250,250,250,250" oya="0" hai0="11,20,22,128,48,13,52,64,131,88,28,6,102" hai1="132,73,44,81,50,23,42,84,72,113,19,86,94" hai2="82,7,53,70,17,68,31,127,49,89,91,63,121" hai3="8,16,12,83,117,32,124,69,61,0,3,76,118"/><T10/><D102/><U126/><E126/><V92/><F121/><W108/><G32/><T75/><D64/><U47/><E132/><V39/><F39/><W85/><G124/><T101/><D101/><U78/><E113/><V38/><F38/><W62/><G108/><T1/><D75/><U26/><E94/><V9/><F31/><W129/><G129/><N who="0" m="49739" /><D28/><U30/><E72/><V98/><F127/><W66/><REACH who="3" step="1"/><G62/><REACH who="3" ten="250,250,250,240" step="2"/><T115/><D115/><U36/><REACH who="1" step="1"/><E30/><REACH who="1" ten="250,240,250,240" step="2"/><V90/><F63/><W34/><G34/><T110/><D110/><U111/><E111/><V87/><F68/><W71/><G71/><T99/><D99/><U57/><E57/><V80/><F70/><W95/><G95/><T77/><D1/><AGARI ba="0,2" hai="0,1,3,8,12,16,61,66,69,76,83,85,117,118" machi="1" ten="40,12000,2" yaku="1,1,52,1,54,1,53,3" doraHai="74" doraHaiUra="35" who="3" fromWho="0" sc="250,-120,240,0,250,0,240,140" /><INIT seed="1,0,0,5,3,107" ten="130,240,250,380" oya="1" hai0="49,37,0,9,79,44,33,95,129,119,51,98,53" hai1="89,28,6,82,86,19,115,94,26,47,110,92,18" hai2="2,46,12,7,75,35,128,11,60,121,131,61,73" hai3="100,1,104,134,22,42,8,40,27,78,72,88,81"/><U103/><E115/><V41/><F121/><W101/><G134/><T106/><D119/><U64/><E110/><V133/><F133/><W67/><G67/><T135/><D135/><U30/><E6/><V48/><F35/><W74/><G74/><N who="2" m="28169" /><F2/><W36/><G88/><T87/><D129/><AGARI ba="0,0" hai="7,11,12,41,46,48,60,61,128,129,131" m="28169" machi="129" ten="30,7700,0" yaku="19,1,52,3" doraHai="107" who="2" fromWho="0" sc="130,-77,240,0,250,77,380,0" /><INIT seed="2,0,0,2,5,55" ten="53,240,327,380" oya="2" hai0="42,24,3,25,68,47,84,31,32,97,56,13,15" hai1="100,110,94,106,12,44,64,79,118,78,80,74,115" hai2="11,113,0,89,85,57,104,102,125,72,99,34,30" hai3="41,103,127,43,17,49,1,87,4,46,28,22,109"/><V53/><F113/><W50/><G109/><T27/><D3/><U76/><E64/><V71/><F125/><W133/><G127/><T114/><D68/><U40/><E118/><V82/><F71/><W51/><G133/><T26/><D114/><U77/><E115/><V5/><F72/><W54/><G28/><T60/><D84/><U98/><E110/><V81/><F30/><W120/><G120/><T59/><D97/><U88/><E12/><V117/><F34/><W67/><G67/><T116/><D116/><U124/><E44/><V10/><F10/><W66/><G66/><T33/><D33/><U23/><E23/><V63/><REACH who="2" step="1"/><F117/><REACH who="2" ten="53,240,317,380" step="2"/><W65/><G22/><T112/><D112/><U128/><E124/><V129/><F129/><W93/><G1/><T135/><D135/><U21/><E21/><V58/><F58/><W8/><G8/><T38/><REACH who="0" step="1"/><D59/><REACH who="0" ten="43,240,317,380" step="2"/><U108/><E108/><V132/><F132/><W107/><G46/><T95/><D95/><AGARI ba="0,2" hai="0,5,11,53,57,63,81,82,85,89,95,99,102,104" machi="95" ten="30,5800,0" yaku="1,1,7,1,52,1,53,0" doraHai="55" doraHaiUra="131" who="2" fromWho="0" sc="43,-58,240,0,317,78,380,0" owari="-15,-51.5,240,-16.0,395,49.5,380,18.0" /></mjloggm>