<mjloggm ver="2.3"><GO type="225" lobby="0"/><UN n0="%E3%83%96%E3%83%83%E3%83%91%E3%82%AA%E3%83%96%E3%83%81%E3%82%AD%E3%83%B3" n1="%E9%BB%99%E8%81%B4%E3%81%AE%E3%81%99%E3%82%9D%E3%82%81" n2="%E7%99%BD%E5%80%89%E5%AF%9B%E4%B9%8B" n3="%E6%A5%93%E4%BB%8B" dan="16,16,16,16" rate="2133.75,2100.20,2123.73,2089.75" sx="M,M,M,M"/><TAIKYOKU oya="0"/><INIT seed="0,0,0,2,0,82" ten="250,250,250,250" oya="0" hai0="97,68,66,9,10,41,103,76,8,77,1,24,85" hai1="62,2,34,121,86,134,79,94,95,126,115,57,19" hai2="17,99,21,61,104,71,124,11,69,22,36,59,123" hai3="118,4,130,26,6,83,60,131,101,51,122,52,50"/><T14/><D68/><U40/><E121/><V100/><F36/><W67/><G118/><T42/><D66/><U31/><E2/><V20/><F123/><W116/><G116/><T48/><D1/><U46/><E134/><V64/><F124/><W93/><G51/><T25/><D14/><U80/><E126/><V129/><F129/><N who="3" m="49163" /><G26/><N who="0" m="10347" /><D48/><N who="1" m="26695" /><E34/><V13/><AGARI ba="0,0" hai="11,13,17,20,21,22,59,61,64,69,71,99,100,104" machi="13" ten="30,1100,0" yaku="0,1" doraHai="82" who="2" fromWho="2" sc="250,-5,250,-3,250,11,250,-3" /><INIT seed="1,0,0,2,0,111" ten="245,247,261,247" oya="1" hai0="66,104,33,126,64,95,59,15,31,0,71,5,19" hai1="28,108,30,131,133,89,58,123,79,81,88,12,39" hai2="48,115,36,25,24,127,68,132,3,129,86,85,13" hai3="114,2,90,84,22,50,82,113,44,116,60,73,106"/><U43/><E123/><V121/><F36/><W105/><G2/><T10/><D104/><U110/><E131/><V103/><F3/><W55/><G116/><T92/><D126/><U11/><E133/><V61/><F121/><W63/><G106/><T76/><D76/><U52/><E43/><V20/><F132/><W6/><G105/><T38/><D38/><U122/><E39/><V117/><F103/><W72/><G6/><T17/><D71/><U51/><E122/><V78/><F25/><W21/><G72/><T100/><D100/><U75/><E30/><V97/><F97/><W62/><REACH who="3" step="1"/><G73/><REACH who="3" ten="245,247,261,237" step="2"/><T54/><D0/><U107/><E107/><V53/><F117/><W32/><G32/><T8/><D5/><N who="1" m="3183" /><E28/><V120/><F120/><W4/><G4/><T101/><D31/><U1/><E1/><V65/><F129/><W124/><G124/><T45/><D33/><U47/><E47/><V56/><F127/><W134/><G134/><T74/><D45/><U18/><E18/><V29/><F29/><W128/><G128/><T77/><D19/><U23/><E23/><AGARI ba="0,1" hai="21,22,23,44,50,55,60,62,63,82,84,90,113,114" machi="23" ten="40,5200,0" yaku="1,1,52,2,53,0" doraHai="111" doraHaiUra="67" who="3" fromWho="1" sc="245,0,247,-52,261,0,237,62" /><INIT seed="2,0,0,0,4,33" ten="245,195,261,299" oya="2" hai0="44,101,113,71,24,60,68,105,31,0,40,99,53" hai1="49,47,64,2,26,66,8,7,17,98,94,43,89" hai2="109,112,110,27,58,32,65,122,118,35,82,59,41" hai3="114,45,93,57,84,131,21,106,1,127,14,96,92"/><V104/><F104/><W81/><G131/><T124/><D113/><U29/><REACH who="1" step="1"/><E17/><REACH who="1" ten="245,185,261,299" step="2"/><V95/><F112/><W38/><G114/><T56/><D124/><U42/><E42/><V54/><F41/><W3/><G127/><T11/><D11/><U121/><E121/><V39/><F122/><W115/><G115/><T12/><D12/><U111/><E111/><V90/><F110/><W37/><G14/><T48/><REACH who="0" step="1"/><D0/><REACH who="0" ten="235,185,261,299" step="2"/><U15/><E15/><V134/><F109/><W103/><G1/><T126/><D126/><U130/><E130/><V22/><F27/><W120/><G3/><T135/><D135/><U61/><E61/><V13/><F13/><W63/><G63/><T72/><D72/><U23/><AGARI ba="0,2" hai="2,7,8,23,26,29,43,47,49,64,66,89,94,98" machi="23" ten="20,8000,1" yaku="21,2,0,1,7,1,52,1,53,0" doraHai="33" doraHaiUra="77" who="1" fromWho="1" sc="235,-20,185,100,261,-40,299,-20" /><INIT seed="3,0,0,0,0,89" ten="215,285,221,279" oya="3" hai0="2,19,106,15,38,55,108,132,88,128,62,71,53" hai1="31,42,87,51,44,22,101,94,56,120,32,63,40" hai2="14,20,26,84,75,57,82,50,73,9,100,93,43" hai3="91,109,133,41,64,113,47,58,54,7,13,60,17"/><W95/><G133/><T24/><D2/><U122/><E32/><V118/><F118/><W114/><G109/><T33/><D38/><U107/><E107/><V29/><F75/><W134/><G134/><T86/><D132/><U66/><E42/><V102/><F73/><W5/><G114/><T1/><D1/><U23/><E23/><V105/><F105/><W99/><G64/><T98/><D128/><U104/><E104/><V70/><F70/><W35/><G35/><T11/><D108/><U125/><E125/><V65/><F93/><W79/><G79/><T110/><D110/><U0/><E0/><V48/><F65/><W119/><G119/><T25/><D33/><U117/><E117/><V8/><F8/><W4/><G113/><T81/><D71/><U34/><E34/><V127/><F127/><W49/><G17/><T124/><D124/><U121/><E87/><V129/><F129/><W111/><G111/><T27/><REACH who="0" step="1"/><D62/><REACH who="0" ten="205,285,221,279" step="2"/><U45/><E51/><V97/><F50/><N who="3" m="26991" /><G60/><T85/><D85/><U115/><E115/><V28/><F48/><W21/><G21/><T36/><D36/><U74/><E74/><V96/><F20/><W92/><G49/><T30/><D30/><U18/><E40/><V67/><F43/><W80/><G58/><T52/><D52/><U131/><E131/><V37/><F37/><W69/><G54/><T78/><D78/><U68/><E68/><V116/><F29/><W77/><G69/><T76/><D76/><U3/><E3/><V112/><F28/><W46/><G77/><T16/><D16/><U6/><E18/><RYUUKYOKU ba="0,1" sc="205,30,285,-10,221,-10,279,-10" hai0="11,15,19,24,25,27,53,55,81,86,88,98,106" /><INIT seed="4,1,1,3,0,62" ten="235,275,211,269" oya="0" hai0="37,103,36,119,87,50,104,14,30,49,86,78,126" hai1="107,74,110,2,60,102,56,131,129,91,118,55,101" hai2="122,6,19,33,105,130,84,3,92,23,38,73,8" hai3="79,106,75,39,35,128,16,96,58,90,76,132,11"/><T42/><D119/><U134/><E110/><V80/><F105/><W41/><G35/><T133/><D30/><U71/><E2/><V48/><F122/><W13/><G75/><T46/><D104/><U47/><E74/><V95/><F33/><W53/><G128/><N who="1" m="49226" /><E107/><V31/><F31/><W27/><G39/><N who="0" m="14923" /><D103/><U10/><E134/><V124/><F124/><W43/><G132/><T0/><D87/><U65/><E118/><V52/><F38/><W68/><G68/><T28/><D14/><U123/><E123/><V69/><F69/><W20/><G106/><T115/><D28/><U114/><E114/><V112/><F112/><W26/><G79/><T100/><D50/><N who="1" m="29151" /><E10/><V25/><F73/><W77/><G77/><T99/><D78/><U1/><E1/><V120/><F120/><W63/><G76/><T70/><D0/><U22/><E71/><V88/><REACH who="2" step="1"/><F130/><REACH who="2" ten="235,275,201,269" step="2"/><W113/><G113/><T82/><D70/><U44/><E44/><AGARI ba="1,2" hai="3,6,8,19,23,25,44,48,52,80,84,88,92,95" machi="44" ten="30,8000,1" yaku="1,1,2,1,7,1,54,2,53,0" doraHai="62" doraHaiUra="93" who="2" fromWho="1" sc="235,0,275,-83,201,103,269,0" owari="235,-16.5,192,-30.8,304,40.4,269,6.9" /></mjloggm>