<mjloggm ver="2.3"><GO type="225" lobby="0"/><UN n0="%E8%81%B7%E6%A5%AD%E3%80%81%E9%A2%A8%32" n1="%E7%89%B9%E6%9D%B1%E3%81%AF%E4%B8%96%E7%95%8C%E3%82%92%E6%95%91%E3%81%86" n2="%E3%83%A9%E3%83%BC%E3%83%A1%E3%83%B3%E4%BA%94%E9%83%8E" n3="%E3%83%96%E3%83%83%E3%83%91%E3%82%AA%E3%83%96%E3%83%81%E3%82%AD%E3%83%B3" dan="16,16,16,16" rate="2155.36,2193.60,2109.77,2167.09" sx="M,M,M,M"/><TAIKYOKU oya="0"/><INIT seed="0,0,0,1,5,20" ten="250,250,250,250" oya="0" hai0="130,28,125,57,131,116,4,55,30,135,129,122,106" hai1="48,44,65,60,61,5,54,102,89,23,127,128,34" hai2="93,46,95,49,52,84,112,78,50,101,32,100,47" hai3="110,91,2,42,92,118,79,43,68,126,58,81,117"/><T124/><D106/><U115/><E34/><V17/><F112/><W67/><G2/><T0/><D122/><U121/><E121/><V63/><F32/><W103/><G68/><T87/><D116/><U36/><E115/><V16/><F63/><N who="3" m="38391" /><G110/><T73/><D73/><U45/><E128/><V113/><F113/><W39/><G39/><T99/><D99/><U25/><E127/><N who="0" m="48713" /><D87/><U37/><E102/><N who="2" m="39531" /><F78/><W111/><G111/><T94/><D94/><N who="2" m="35850" /><F84/><N who="3" m="48191" /><G126/><T15/><D0/><U21/><E5/><V26/><F26/><W53/><G118/><T71/><D71/><U123/><E123/><V35/><F35/><W90/><G117/><T56/><D4/><U29/><E89/><N who="3" m="33802" /><G53/><AGARI ba="0,0" hai="16,17,46,47,49,50,52,53" m="35850,39531" machi="53" ten="30,3900,0" yaku="8,1,54,2" doraHai="20" who="2" fromWho="3" sc="250,0,250,0,250,39,250,-39" /><INIT seed="1,0,0,5,2,122" ten="250,250,289,211" oya="1" hai0="79,25,43,61,21,67,35,82,98,133,126,14,3" hai1="65,42,96,55,13,74,125,64,69,9,118,92,81" hai2="113,99,128,26,134,63,15,49,116,56,119,108,127" hai3="59,32,17,41,37,10,40,130,60,85,5,73,111"/><U30/><E118/><V94/><F127/><W105/><G73/><T44/><D3/><U107/><E107/><V109/><F128/><W117/><G117/><T0/><D0/><U114/><E114/><V50/><F134/><W71/><G105/><T6/><D133/><U93/><E125/><V131/><F131/><W12/><G32/><T70/><D126/><U103/><E42/><V57/><F113/><W78/><G130/><T89/><D98/><U80/><E30/><V66/><F15/><W97/><G71/><T36/><D89/><U53/><E93/><V39/><F39/><W95/><G37/><T75/><D35/><U112/><E112/><V84/><F84/><W54/><G111/><N who="2" m="42569" /><F26/><W33/><G33/><T72/><D14/><U7/><E74/><V88/><F49/><W27/><G27/><T68/><D6/><U129/><E129/><V123/><F123/><W24/><G24/><T76/><D70/><U135/><E69/><V8/><F8/><W124/><G124/><T52/><D79/><U4/><E4/><V45/><F57/><W34/><G5/><T47/><D75/><U132/><E132/><V46/><F46/><W90/><REACH who="3" step="1"/><G34/><REACH who="3" ten="250,250,289,201" step="2"/><T48/><D25/><U23/><E135/><V29/><F29/><W28/><G28/><T87/><D72/><U51/><E7/><V101/><F101/><W62/><G62/><T121/><D121/><U1/><E103/><V58/><F45/><W2/><G2/><T18/><D47/><U20/><E1/><V19/><F19/><W120/><G120/><T11/><D44/><U110/><E110/><RYUUKYOKU ba="0,1" sc="250,-15,250,-15,289,15,201,15" hai2="50,56,58,63,66,88,94,99,116,119" hai3="10,12,17,40,41,54,59,60,78,85,90,95,97" /><INIT seed="2,1,1,3,3,43" ten="235,235,304,216" oya="2" hai0="121,54,56,130,30,2,97,22,102,80,117,110,16" hai1="58,100,75,81,8,49,46,5,24,118,21,112,134" hai2="93,12,17,73,90,113,135,33,74,57,89,1,128" hai3="84,76,7,79,64,10,127,39,98,13,131,19,66"/><V59/><F113/><W83/><G39/><T114/><D114/><U71/><E112/><V116/><F116/><W108/><G108/><T25/><D110/><U88/><E71/><V106/><F106/><W70/><G131/><T92/><D130/><U86/><E118/><V94/><F33/><W99/><G127/><T103/><D2/><U133/><E58/><V48/><F1/><W78/><G70/><T96/><D117/><U18/><E100/><V101/><F101/><W42/><G42/><T115/><D121/><U37/><E75/><V36/><F36/><W23/><G66/><T120/><D120/><U55/><REACH who="1" step="1"/><E37/><REACH who="1" ten="235,225,304,216" step="2"/><V31/><F73/><W27/><REACH who="3" step="1"/><G64/><REACH who="3" ten="235,225,304,206" step="2"/><T68/><D68/><U20/><E20/><V65/><F65/><W60/><G60/><T126/><D115/><U47/><E47/><V14/><F128/><W109/><G109/><T28/><D126/><U85/><E85/><V107/><F74/><W0/><G0/><AGARI ba="1,3" hai="0,5,8,18,21,24,46,49,55,81,86,88,133,134" machi="0" ten="40,8000,1" yaku="1,1,52,1,54,1,53,2" doraHai="43" doraHaiUra="129" who="1" fromWho="3" sc="235,0,225,113,304,0,206,-83" /><INIT seed="3,0,0,4,0,58" ten="235,338,304,123" oya="3" hai0="98,14,119,50,26,74,106,42,92,66,133,91,122" hai1="39,82,109,120,34,35,83,89,96,128,114,45,62" hai2="94,103,57,121,73,1,36,27,38,51,116,30,117" hai3="48,44,32,67,22,11,2,53,0,59,60,24,110"/><W46/><G32/><T87/><D122/><U19/><E114/><V108/><F1/><W132/><G132/><T68/><D119/><U81/><E120/><V115/><F73/><W75/><G75/><T10/><D74/><U86/><E109/><V7/><F115/><W16/><G110/><T126/><D68/><U123/><E123/><V33/><F108/><W54/><G11/><T8/><D66/><U12/><E96/><N who="2" m="59799" /><F36/><W17/><G17/><T56/><D126/><U55/><E39/><V23/><F38/><W105/><G105/><T107/><D10/><U4/><E4/><V3/><F121/><W79/><G79/><T88/><D26/><U101/><E101/><V80/><F80/><W41/><REACH who="3" step="1"/><G41/><REACH who="3" ten="235,338,304,113" step="2"/><T99/><D133/><U69/><E19/><V52/><F33/><W20/><G20/><T125/><D107/><U111/><E34/><V40/><F40/><W5/><G5/><N who="0" m="3343" /><D106/><U93/><E35/><V31/><F117/><W72/><G72/><T129/><D125/><U97/><E111/><V127/><F116/><W13/><G13/><T61/><D129/><U95/><E128/><V118/><F118/><W65/><G65/><N who="0" m="39079" /><D91/><U78/><E89/><V18/><F127/><W76/><G76/><T124/><D124/><U37/><E78/><V9/><F3/><W135/><G135/><T104/><D104/><U15/><E12/><N who="2" m="5183" /><F18/><W100/><G100/><T6/><D6/><U64/><E15/><V90/><F90/><W84/><G84/><T113/><D113/><U85/><E85/><V102/><F102/><W77/><G77/><T134/><D134/><RYUUKYOKU ba="0,1" sc="235,10,338,-30,304,10,113,10" hai0="42,50,87,88,92,98,99" hai2="23,27,30,31,51,52,57" hai3="0,2,16,22,24,44,46,48,53,54,59,60,67" /><INIT seed="3,1,1,3,3,25" ten="245,308,314,123" oya="3" hai0="3,85,34,66,63,81,46,35,109,43,73,22,38" hai1="5,2,36,86,32,91,106,82,111,47,67,41,87" hai2="122,102,118,70,135,123,40,134,101,115,4,120,12" hai3="33,44,125,64,72,119,27,127,94,74,96,29,107"/><W61/><G119/><T60/><D109/><U68/><E32/><V6/><F118/><W132/><G44/><T131/><D131/><U124/><E106/><V95/><F115/><W77/><G132/><N who="2" m="50729" /><F70/><N who="3" m="42255" /><G94/><T30/><D3/><U57/><E111/><V10/><F40/><W39/><G39/><T15/><D73/><N who="3" m="28265" /><G77/><T14/><D34/><U31/><E68/><V103/><F95/><W52/><G52/><T129/><D129/><U105/><E105/><V26/><F26/><W24/><G24/><T100/><D100/><AGARI ba="1,1" hai="27,29,33,96,100,107,125,127" m="28265,42255" machi="100" ten="30,5800,0" yaku="25,1,23,1,52,1" doraHai="25" who="3" fromWho="0" sc="245,-61,308,0,314,0,123,71" /><INIT seed="3,2,0,1,5,118" ten="184,308,314,194" oya="3" hai0="35,117,83,74,17,5,63,92,88,32,11,105,38" hai1="7,125,113,112,3,86,100,40,47,39,96,20,109" hai2="10,50,98,129,23,87,57,101,85,64,67,73,131" hai3="106,28,30,124,69,62,76,99,0,48,46,59,78"/><W19/><G0/><T21/><D117/><U134/><E109/><V14/><F23/><W12/><G69/><T25/><D105/><U128/><E128/><N who="2" m="49227" /><F73/><W81/><G124/><T22/><D38/><U34/><E125/><V54/><F87/><W111/><G106/><T31/><D63/><U127/><E127/><V126/><F85/><W110/><G99/><T103/><D103/><U15/><E34/><V29/><F29/><W9/><G30/><T68/><D68/><U58/><E134/><V8/><F126/><W66/><G28/><T80/><D74/><U102/><E58/><V115/><F115/><W2/><G2/><T49/><D49/><U72/><E7/><N who="2" m="3359" /><F10/><W120/><G120/><T89/><D35/><U133/><E102/><V135/><F135/><W4/><G19/><T37/><D37/><U94/><E40/><V1/><F1/><W65/><G110/><T119/><D119/><U114/><E133/><V70/><F70/><W121/><G111/><T71/><D71/><U97/><E3/><V122/><F122/><W82/><G121/><T52/><D52/><U56/><E72/><V107/><AGARI ba="2,0" hai="50,54,57,64,67,98,101,107" m="3359,49227" machi="107" ten="30,1100,0" yaku="19,1" doraHai="118" who="2" fromWho="2" sc="184,-5,308,-5,314,17,194,-7" owari="179,-32.1,303,10.3,331,43.1,187,-21.3" /></mjloggm>