<mjloggm ver="2.3"><GO type="225" lobby="0"/><UN n0="%E3%82%B3%E3%83%90%E3%83%AC%E3%82%A4" n1="%E3%83%A9%E3%82%B9%E7%8E%87%EF%BC%93%E5%89%B2" n2="%E3%81%A4%E3%81%A3%E3%81%B1%E3%82%8A%E3%83%9D%E3%83%BC%E3%83%AB" n3="%E6%97%A5%E6%9B%9C%E6%97%A5%E3%82%88%E3%82%8A%E3%81%AE%E4%BD%BF%E8%80%85" dan="16,17,17,17" rate="2144.11,2209.03,2155.64,2214.72" sx="M,F,M,M"/><TAIKYOKU oya="0"/><INIT seed="0,0,0,5,4,116" ten="250,250,250,250" oya="0" hai0="79,87,114,54,129,80,101,15,25,88,60,104,113" hai1="39,3,14,48,71,44,57,125,59,4,1,22,26" hai2="74,42,20,46,6,112,85,77,9,47,66,11,58" hai3="94,17,38,117,32,126,105,56,30,7,133,29,55"/><T65/><D129/><U27/><E71/><V62/><F112/><W8/><G105/><T45/><D25/><N who="1" m="9227" /><E39/><V132/><F74/><W19/><G32/><T23/><D104/><U63/><E3/><V110/><F110/><W100/><G38/><T92/><D101/><U124/><E1/><V0/><F132/><W89/><G100/><T91/><D91/><U28/><E28/><V37/><F47/><W86/><G126/><N who="1" m="48746" /><E63/><V67/><F11/><W98/><G133/><T76/><D76/><U128/><E128/><V118/><F20/><W21/><G117/><T127/><D127/><U10/><E22/><V18/><F118/><W95/><G29/><T134/><D134/><U40/><AGARI ba="0,0" hai="4,10,14,40,44,48,57,59" m="48746,9227" machi="40" ten="30,1100,0" yaku="18,1" doraHai="116" who="1" fromWho="1" sc="250,-5,250,11,250,-3,250,-3" /><INIT seed="1,0,0,0,0,91" ten="245,261,247,247" oya="1" hai0="95,96,7,118,122,49,120,20,132,104,78,39,65" hai1="31,97,106,15,90,13,5,42,18,89,26,40,21" hai2="126,85,121,46,110,25,6,30,34,33,125,98,12" hai3="1,70,61,47,81,45,19,117,128,111,129,84,35"/><U119/><E119/><V60/><F121/><W2/><G35/><T103/><D39/><U59/><E106/><V36/><F110/><W67/><G19/><T75/><D118/><U80/><E5/><V102/><F34/><W43/><G111/><T14/><D65/><U54/><E15/><V107/><F85/><W22/><G22/><T38/><D38/><U3/><E3/><V44/><F60/><W112/><G112/><T127/><D132/><U131/><E131/><N who="3" m="50250" /><G117/><T10/><D127/><N who="2" m="48650" /><F36/><N who="3" m="21735" /><G47/><T66/><D66/><U37/><E37/><V63/><F63/><W100/><G100/><T24/><D104/><U87/><E13/><V69/><F69/><W17/><G17/><T28/><REACH who="0" step="1"/><D49/><REACH who="0" ten="235,261,247,247" step="2"/><U135/><E135/><V99/><F99/><W62/><G62/><T16/><D16/><U32/><E18/><V115/><F115/><W4/><G4/><T56/><D56/><U83/><E97/><V48/><F48/><W23/><G23/><T9/><D9/><AGARI ba="0,1" hai="6,9,12,25,30,33,44,46,98,102,107" m="48650" machi="9" ten="30,1000,0" yaku="18,1" doraHai="91" who="2" fromWho="0" sc="235,-10,261,0,247,20,247,0" /><INIT seed="2,0,0,0,2,41" ten="225,261,267,247" oya="2" hai0="35,56,19,76,25,105,31,36,118,59,110,85,65" hai1="130,79,93,11,30,78,84,99,46,0,104,4,97" hai2="29,111,32,113,49,26,103,96,62,63,90,134,16" hai3="45,132,131,71,51,54,109,101,88,82,17,95,5"/><V47/><F113/><W13/><G109/><T119/><D105/><U80/><E130/><V128/><F128/><W133/><G131/><T39/><D110/><U9/><E30/><V77/><F111/><W15/><G71/><T121/><D121/><U58/><E104/><V68/><F77/><W106/><G106/><T117/><D19/><U127/><E127/><V125/><F125/><W94/><G5/><T73/><D73/><U10/><E97/><V40/><F134/><N who="3" m="51819" /><G101/><T116/><N who="0" m="29696" /><DORA hai="23" /><T129/><D129/><U98/><E98/><V75/><F75/><W102/><G102/><T67/><D59/><U18/><E79/><V43/><F43/><W135/><N who="3" m="51827" /><W81/><DORA hai="2" /><G94/><T21/><D35/><U7/><E0/><V126/><F68/><W122/><G122/><T92/><D92/><U66/><E18/><V3/><F3/><W14/><G17/><T8/><D8/><U38/><E10/><V55/><F126/><W42/><G42/><T24/><D56/><U123/><E11/><V27/><F40/><W69/><G69/><T114/><D114/><U20/><E9/><V57/><F57/><W70/><G70/><T108/><D108/><U74/><E58/><V61/><F103/><W91/><G91/><T33/><D67/><U115/><E66/><V87/><F96/><AGARI ba="0,0" hai="13,14,15,45,51,54,81,82,88,95,96" m="51827" machi="96" ten="40,5200,0" yaku="20,1,52,1,54,1" doraHai="41,23,2" who="3" fromWho="2" sc="225,0,261,0,267,-52,247,52" /><INIT seed="3,0,0,0,5,0" ten="225,261,215,299" oya="3" hai0="12,13,58,135,106,53,66,125,109,60,82,130,100" hai1="27,63,32,20,18,40,62,77,15,48,79,19,55" hai2="2,52,67,93,21,42,7,65,131,83,22,95,38" hai3="16,123,127,107,46,97,51,120,41,105,3,102,75"/><W110/><G75/><T30/><D135/><U126/><E126/><V128/><F83/><W35/><G35/><T112/><D125/><U34/><E34/><V111/><F111/><W74/><G74/><T113/><D109/><U17/><E32/><V57/><F42/><W5/><G127/><T47/><D30/><U43/><E43/><V101/><F38/><W11/><G110/><T91/><D130/><N who="2" m="49706" /><F2/><W28/><G28/><T69/><D47/><U54/><E40/><V14/><F21/><W99/><G16/><N who="1" m="6250" /><E27/><V6/><F22/><W78/><G78/><N who="1" m="29706" /><E55/><V72/><F72/><W98/><G98/><N who="0" m="61719" /><D91/><U9/><E20/><V116/><F14/><W122/><G122/><T84/><D82/><U81/><E81/><V134/><F134/><W103/><AGARI ba="0,0" hai="3,5,11,41,46,51,97,99,102,103,105,107,120,123" machi="103" ten="30,6000,0" yaku="0,1,9,1,52,1" doraHai="0" who="3" fromWho="3" sc="225,-20,261,-20,215,-20,299,60" owari="205,-19.5,241,4.1,195,-30.5,359,45.9" /></mjloggm>