<mjloggm ver="2.3"><GO type="225" lobby="0"/><UN n0="%E3%80%93%E3%81%97%E3%83%BC%E3%82%89%E3%80%93" n1="%E3%82%AF%E3%82%A3%E3%82%A6" n2="%E7%8D%A3%E8%87%AD%E3%81%84%E8%82%89%E7%90%83" n3="%E3%83%A9%E3%83%BC%E3%83%A1%E3%83%B3%E4%BA%94%E9%83%8E" dan="17,16,16,16" rate="2160.76,2061.50,2120.89,2135.38" sx="M,M,M,M"/><TAIKYOKU oya="0"/><INIT seed="0,0,0,4,2,99" ten="250,250,250,250" oya="0" hai0="0,55,82,54,114,36,22,96,71,109,133,62,19" hai1="18,73,7,59,69,113,8,87,127,33,84,86,92" hai2="116,121,64,126,94,90,128,70,125,67,100,101,6" hai3="15,74,85,65,51,106,58,45,13,14,50,123,1"/><T88/><D0/><U9/><E73/><V34/><F121/><W40/><G74/><T49/><D36/><U107/><E107/><V131/><F34/><W4/><G123/><T12/><D114/><U10/><E113/><V118/><F6/><W79/><G106/><T105/><D133/><U32/><E69/><V103/><F70/><W61/><G1/><T53/><D109/><U120/><E120/><V57/><F57/><W41/><G4/><T42/><D105/><U37/><E37/><V43/><F43/><N who="3" m="24895" /><G51/><T11/><D71/><U111/><E127/><N who="2" m="48651" /><F64/><W78/><G78/><T27/><D62/><U95/><E111/><V122/><F67/><W3/><G3/><T25/><D42/><U29/><E18/><V115/><F115/><W76/><G76/><T83/><D49/><U134/><E134/><V30/><F30/><W5/><G5/><N who="0" m="3183" /><D27/><U35/><E7/><V17/><F17/><W31/><G31/><T47/><D47/><U60/><E29/><V72/><F72/><W28/><G28/><T44/><D44/><U132/><E132/><V16/><F16/><W23/><G23/><T56/><D56/><U39/><E39/><V77/><F77/><W91/><G79/><T38/><D38/><U129/><E129/><N who="2" m="49739" /><F122/><W124/><G124/><T2/><D2/><U46/><E46/><V75/><F75/><W97/><G41/><T21/><D21/><U117/><E59/><V102/><N who="2" m="25600" /><DORA hai="110" /><V66/><F66/><W81/><G40/><T26/><D26/><U104/><E60/><V108/><F108/><W119/><G119/><T112/><D112/><RYUUKYOKU ba="0,0" sc="250,10,250,-30,250,10,250,10" hai0="19,22,25,53,54,55,82,83,88,96" hai2="90,94,116,118" hai3="13,14,15,58,61,65,81,85,91,97" /><INIT seed="0,1,0,2,1,27" ten="260,220,260,260" oya="0" hai0="133,51,30,129,132,91,111,13,5,127,67,0,68" hai1="135,92,99,42,48,36,79,22,102,66,47,119,31" hai2="83,61,101,46,90,54,93,76,71,26,18,65,58" hai3="15,103,97,37,12,114,43,55,98,124,4,28,38"/><T74/><D74/><U29/><E119/><V95/><F101/><W128/><G114/><T60/><D0/><U9/><E135/><N who="0" m="51785" /><D127/><U1/><E36/><V2/><F2/><W84/><G124/><T123/><D123/><U69/><E79/><V96/><F93/><W52/><G128/><T17/><D5/><U110/><E110/><V44/><F18/><W63/><G4/><T105/><D105/><U34/><E34/><V53/><F26/><W118/><G103/><T86/><D51/><U117/><E117/><V62/><REACH who="2" step="1"/><F54/><REACH who="2" ten="260,220,250,260" step="2"/><W49/><G118/><T88/><D111/><U73/><E73/><AGARI ba="1,1" hai="44,46,53,58,61,62,65,71,73,76,83,90,95,96" machi="73" ten="30,3900,0" yaku="1,1,2,1,7,1,53,0" doraHai="27" doraHaiUra="19" who="2" fromWho="1" sc="260,0,220,-42,250,52,260,0" /><INIT seed="1,0,0,4,3,107" ten="260,178,302,260" oya="1" hai0="65,100,30,133,66,127,126,99,31,61,110,109,39" hai1="121,114,79,55,129,60,113,95,104,96,51,0,25" hai2="2,6,49,4,68,21,42,11,1,17,14,58,29" hai3="115,78,82,116,69,76,47,5,93,105,77,75,62"/><U59/><E121/><V94/><F68/><W33/><G33/><T117/><D39/><U9/><E129/><V8/><F94/><W13/><G115/><T12/><D12/><U57/><E104/><V56/><REACH who="2" step="1"/><F29/><REACH who="2" ten="260,178,292,260" step="2"/><W73/><G69/><T81/><D31/><U20/><E114/><V64/><F64/><W98/><G93/><N who="0" m="58479" /><D30/><U19/><E113/><V22/><F22/><W18/><G116/><T44/><D117/><U132/><E132/><V72/><F72/><W27/><G73/><T118/><D66/><N who="1" m="39183" /><E0/><V38/><F38/><W52/><G75/><T123/><D118/><U63/><E9/><V67/><F67/><W90/><G105/><T37/><D133/><U92/><E92/><V40/><F40/><W111/><G82/><T41/><D81/><U43/><E95/><V122/><F122/><W71/><G71/><N who="0" m="42415" /><D123/><U84/><E96/><V134/><F134/><W23/><G98/><T28/><D28/><U128/><E128/><V112/><F112/><W3/><G3/><T26/><D41/><U32/><E32/><V16/><F16/><W88/><G111/><T97/><D110/><U131/><E131/><V86/><F86/><W108/><G108/><T85/><D109/><U34/><E34/><V46/><AGARI ba="0,1" hai="1,2,4,6,8,11,14,17,21,42,46,49,56,58" machi="46" ten="30,7900,0" yaku="1,1,0,1,9,1,53,1" doraHai="107" doraHaiUra="36" who="2" fromWho="2" sc="260,-20,178,-39,292,89,260,-20" /><INIT seed="2,0,0,2,3,128" ten="240,139,381,240" oya="2" hai0="105,87,1,37,68,47,54,81,121,115,79,64,21" hai1="45,77,118,51,74,18,55,60,134,86,50,96,40" hai2="76,42,120,101,65,31,93,44,66,4,67,92,23" hai3="111,102,32,114,112,125,132,34,17,10,94,117,88"/><V57/><F120/><W24/><G117/><T71/><D105/><U116/><E74/><V19/><F4/><W84/><G111/><T28/><D1/><U43/><E96/><V56/><F31/><W107/><G125/><T131/><D121/><U38/><E77/><V129/><F76/><W53/><G132/><T123/><D123/><U25/><E86/><V122/><F129/><W78/><G78/><T135/><D131/><U12/><E25/><V35/><F35/><W103/><G53/><T106/><D106/><U127/><E127/><V58/><F101/><N who="3" m="38411" /><G107/><T90/><D135/><U11/><E134/><V7/><F7/><W3/><G3/><T26/><D64/><U73/><E73/><V124/><F122/><W36/><G36/><T97/><D115/><N who="3" m="44073" /><G24/><T14/><D37/><U99/><E43/><V13/><REACH who="2" step="1"/><F124/><REACH who="2" ten="240,139,371,240" step="2"/><W98/><G98/><T109/><D97/><U15/><E99/><V6/><F6/><W20/><G32/><T63/><D79/><U80/><E116/><V70/><F70/><W72/><G34/><T39/><D71/><U41/><E118/><V100/><F100/><W89/><G72/><T113/><D68/><U108/><E108/><V104/><F104/><W29/><G29/><T8/><D109/><U22/><E18/><V52/><F52/><W62/><G17/><N who="0" m="8391" /><D113/><U130/><E55/><V0/><F0/><W2/><G2/><T59/><D47/><N who="1" m="23959" /><E130/><V46/><F46/><W83/><G89/><T82/><D39/><AGARI ba="0,1" hai="13,19,23,39,42,44,56,57,58,65,66,67,92,93" machi="39" ten="40,12000,1" yaku="1,1,53,3" doraHai="128" doraHaiUra="61" who="2" fromWho="0" sc="240,-120,139,0,371,130,240,0" /><INIT seed="2,1,0,4,4,23" ten="120,139,501,240" oya="2" hai0="12,73,112,7,101,87,130,107,45,125,129,124,33" hai1="38,98,95,3,14,85,68,62,47,19,135,72,17" hai2="15,0,13,69,9,11,78,97,40,92,53,59,84" hai3="121,83,89,134,37,25,63,20,28,42,76,57,27"/><V110/><F69/><W61/><G121/><T122/><D33/><U118/><E118/><V8/><F0/><W96/><G134/><T51/><D122/><U100/><E72/><V108/><F40/><W5/><G5/><T21/><D73/><U67/><E135/><V55/><F84/><N who="3" m="48231" /><G37/><T77/><D112/><U132/><E132/><V24/><F78/><W22/><G42/><N who="0" m="25015" /><D87/><U31/><E3/><V64/><F64/><N who="3" m="38959" /><G63/><T60/><D77/><U115/><E115/><V74/><F74/><W123/><G123/><T82/><D82/><U113/><E113/><V104/><F104/><W117/><G117/><T99/><D60/><U131/><E131/><N who="0" m="50185" /><D7/><U34/><E85/><V56/><F97/><W10/><G10/><T90/><D90/><U88/><E100/><V43/><F92/><N who="3" m="56335" /><G28/><T94/><D107/><U93/><E93/><V102/><F102/><W86/><G86/><T109/><D109/><N who="2" m="42090" /><F43/><W30/><G30/><T111/><D111/><U32/><E31/><V119/><F119/><W2/><G2/><T127/><D125/><U49/><E38/><V91/><F91/><W50/><G50/><T29/><D12/><N who="2" m="4682" /><F59/><W105/><G105/><T39/><D39/><U79/><E79/><V26/><F56/><W41/><G41/><T80/><D80/><U103/><E103/><V35/><F35/><N who="1" m="13353" /><E14/><V48/><F48/><W133/><G133/><T126/><D127/><U66/><E66/><V116/><F116/><W75/><G75/><T52/><D52/><AGARI ba="1,0" hai="8,9,11,24,26,52,53,55" m="4682,42090" machi="52" ten="40,18000,2" yaku="28,2,14,1,10,1,52,2,54,1" doraHai="23" who="2" fromWho="0" sc="120,-183,139,0,501,183,240,0" owari="-63,-56.3,139,-26.1,684,78.4,240,4.0" /></mjloggm>