<mjloggm ver="2.3"><GO type="225" lobby="0"/><UN n0="%E3%83%A9%E3%82%B9%E7%8E%87%EF%BC%93%E5%89%B2" n1="%E7%99%BD%E6%98%BC%E9%87%8C%E7%9A%84%E5%A4%9C" n2="%E3%81%8B%E3%82%8F%E3%81%A1%E3%82%83%E3%82%93%35%38" n3="%E6%9C%88%E5%B3%B6%E5%9F%BA" dan="17,16,16,16" rate="2213.26,2051.69,2130.72,2133.87" sx="F,M,M,M"/><TAIKYOKU oya="0"/><INIT seed="0,0,0,4,1,74" ten="250,250,250,250" oya="0" hai0="15,37,30,47,19,129,45,14,42,26,1,43,93" hai1="27,3,115,105,120,39,78,130,132,77,80,125,95" hai2="63,98,124,72,90,44,73,13,51,97,56,69,11" hai3="122,81,20,103,131,107,82,10,75,118,88,66,52"/><T83/><D129/><U60/><E60/><V16/><F69/><W41/><G41/><T29/><D1/><U112/><E27/><V28/><F124/><W119/><G131/><T110/><D110/><U59/><E59/><V126/><F126/><W46/><G122/><T106/><D106/><U91/><E39/><V17/><F28/><W100/><G66/><T135/><D135/><U18/><E18/><V67/><F17/><W12/><G107/><T9/><D93/><U21/><E21/><V68/><F68/><W101/><G20/><T79/><D15/><U38/><E38/><V94/><REACH who="2" step="1"/><F98/><REACH who="2" ten="250,250,240,250" step="2"/><W108/><G108/><T0/><D26/><U62/><E125/><V25/><F25/><W99/><G99/><T35/><D35/><U6/><E130/><V65/><F65/><W54/><G118/><T33/><D33/><U85/><E120/><V96/><F96/><W111/><G119/><T34/><D34/><U36/><E132/><V114/><F114/><W87/><G111/><T76/><D30/><U86/><E105/><V70/><F70/><W102/><N who="3" m="25600" /><DORA hai="134" /><W123/><G123/><T127/><D29/><U4/><E112/><V104/><F104/><W22/><G22/><T8/><D127/><U116/><E115/><V48/><F48/><W5/><REACH who="3" step="1"/><G46/><REACH who="3" ten="250,250,240,240" step="2"/><T49/><REACH who="0" step="1"/><D83/><REACH who="0" ten="240,250,240,240" step="2"/><U89/><E116/><V7/><F7/><AGARI ba="0,3" hai="0,7,8,9,14,19,37,42,43,45,47,49,76,79" machi="7" ten="40,18000,2" yaku="1,1,2,1,52,2,53,2" doraHai="74,134" doraHaiUra="24,40" who="0" fromWho="2" sc="240,210,250,0,240,-180,240,0" /><INIT seed="0,1,0,3,2,13" ten="450,250,60,240" oya="0" hai0="4,5,78,124,52,133,36,12,81,106,129,70,132" hai1="128,68,87,108,123,26,42,103,60,15,47,1,35" hai2="24,118,22,32,112,63,28,119,89,6,109,38,75" hai3="122,25,99,23,80,56,64,120,46,29,91,31,111"/><T98/><D70/><U8/><E1/><V57/><F112/><W49/><G111/><T110/><D36/><U105/><E123/><N who="3" m="47146" /><G31/><T18/><D129/><U58/><E108/><V48/><F38/><W77/><G64/><T21/><D124/><U50/><E68/><V54/><F75/><W96/><G56/><T71/><D71/><U115/><E128/><V2/><F109/><W10/><G91/><T90/><D110/><U104/><E115/><V82/><F32/><W85/><G10/><T7/><D90/><U97/><E87/><V130/><F130/><W101/><G101/><T100/><REACH who="0" step="1"/><D52/><AGARI ba="1,0" hai="23,25,29,46,49,52,77,80,85,96,99" m="47146" machi="52" ten="30,2000,0" yaku="13,1,54,1" doraHai="13" who="3" fromWho="0" sc="450,-23,250,0,60,0,240,23" /><INIT seed="1,0,0,3,0,75" ten="427,250,60,263" oya="1" hai0="106,20,131,100,92,96,0,109,128,16,95,45,90" hai1="18,134,124,21,79,42,51,27,81,28,119,1,38" hai2="49,59,41,82,125,53,36,9,4,39,54,58,122" hai3="72,7,70,76,113,103,22,23,47,6,19,26,129"/><U35/><E119/><V93/><F122/><W112/><G70/><T62/><D109/><U40/><E124/><V34/><F34/><W15/><G103/><T94/><D0/><U132/><E1/><V105/><F105/><W99/><G99/><T121/><D62/><U12/><E38/><V111/><F111/><W13/><G47/><T3/><D3/><U84/><REACH who="1" step="1"/><E51/><REACH who="1" ten="427,240,60,263" step="2"/><V127/><F127/><W74/><G112/><T57/><D121/><U118/><E118/><V80/><F125/><W55/><G113/><T2/><D2/><U52/><E52/><V97/><F39/><W46/><G55/><T17/><D100/><U89/><E89/><V71/><F36/><W30/><G129/><T110/><D128/><U135/><AGARI ba="0,1" hai="12,18,21,27,28,35,40,42,79,81,84,132,134,135" machi="135" ten="30,11700,0" yaku="1,1,0,1,20,1,52,1,53,0" doraHai="75" doraHaiUra="56" who="1" fromWho="1" sc="427,-39,240,127,60,-39,263,-39" /><INIT seed="1,1,0,2,4,76" ten="388,367,21,224" oya="1" hai0="91,69,47,88,114,72,135,101,15,95,117,37,118" hai1="111,41,103,73,63,120,104,19,106,24,30,92,39" hai2="83,60,93,12,28,70,46,100,25,18,126,64,113" hai3="3,1,124,57,10,86,58,20,54,31,4,78,36"/><U53/><E73/><V13/><F126/><W121/><G121/><T134/><D69/><U14/><E120/><V75/><F113/><W34/><G34/><T132/><D114/><U112/><E112/><V98/><F46/><W84/><G36/><T33/><D33/><U62/><E111/><V87/><F18/><W123/><G123/><T115/><D115/><U105/><E39/><V59/><F75/><W51/><G3/><T27/><D27/><U108/><E41/><V68/><F70/><W5/><G5/><T43/><D72/><U0/><E0/><V80/><F68/><W66/><G78/><T110/><D110/><U127/><E127/><V11/><F87/><W7/><G7/><T55/><D55/><U77/><E77/><V102/><F102/><W129/><G129/><T29/><D29/><U94/><E108/><V125/><F125/><W89/><G84/><T8/><D101/><U6/><E6/><N who="2" m="3191" /><F13/><N who="3" m="5319" /><G124/><T61/><D61/><U128/><E128/><V32/><F32/><W52/><G1/><T90/><D95/><U21/><E53/><V44/><F44/><W122/><G122/><T35/><D35/><U109/><E109/><V49/><F49/><N who="3" m="30863" /><G66/><T50/><D37/><U26/><E94/><V96/><F96/><W2/><G2/><T82/><D132/><U16/><E92/><V65/><F65/><W131/><G131/><T22/><D135/><U97/><E105/><V38/><F38/><W71/><G71/><T56/><D134/><U79/><E106/><V130/><F130/><W9/><G51/><T119/><D50/><U81/><E104/><RYUUKYOKU ba="1,0" sc="388,-10,367,-10,21,30,224,-10" hai2="25,28,59,60,64,80,83,93,98,100" /><INIT seed="2,2,0,2,5,94" ten="378,357,51,214" oya="2" hai0="50,18,28,9,69,17,20,114,54,68,133,113,115" hai1="79,86,80,59,55,10,64,87,92,58,125,95,8" hai2="107,62,90,16,106,77,104,127,41,135,19,72,109" hai3="32,122,14,118,42,85,33,49,91,53,93,13,36"/><V29/><F127/><W123/><G118/><T27/><D133/><U82/><E125/><V110/><F135/><W39/><G42/><T48/><D48/><U108/><E108/><N who="2" m="41579" /><F41/><W23/><G39/><T76/><D76/><U2/><E2/><V4/><F4/><W132/><G36/><T51/><D51/><U43/><E43/><V52/><F29/><W65/><G65/><T105/><D105/><N who="2" m="26882" /><V12/><DORA hai="37" /><F90/><W7/><G132/><T124/><D124/><U101/><E64/><V128/><F128/><W60/><G122/><T57/><REACH who="0" step="1"/><D9/><REACH who="0" ten="368,357,51,214" step="2"/><N who="1" m="3691" /><E101/><V45/><F12/><W88/><G14/><T97/><D97/><U126/><E126/><V47/><F77/><W22/><G13/><T102/><D102/><U112/><E112/><V121/><F121/><W5/><G123/><T3/><D3/><U120/><E120/><V100/><F100/><W71/><G7/><T117/><D117/><U134/><E134/><V31/><F31/><W26/><G5/><T56/><D56/><N who="1" m="21547" /><E55/><V84/><F84/><W74/><G85/><T44/><D44/><N who="2" m="16970" /><F72/><W1/><G74/><T75/><D75/><U61/><E61/><V35/><F35/><W129/><G33/><T81/><D81/><U46/><E46/><V6/><F6/><W83/><G83/><T73/><D73/><U0/><E0/><V89/><F89/><AGARI ba="2,1" hai="79,80,82,86,87,89,92,95" m="21547,3691" machi="89" ten="30,1000,0" yaku="8,1" doraHai="94,37" who="1" fromWho="2" sc="368,0,357,26,51,-16,214,0" /><INIT seed="3,0,0,1,0,25" ten="368,383,35,214" oya="3" hai0="109,124,27,21,68,17,16,132,8,58,134,135,86" hai1="63,75,121,31,90,107,49,72,130,126,82,85,60" hai2="64,111,106,77,128,112,30,29,114,110,33,47,23" hai3="28,79,44,19,69,122,5,66,83,11,54,116,14"/><W99/><G116/><T67/><D109/><U95/><E121/><V91/><F91/><W117/><G117/><T56/><D124/><U80/><E107/><V32/><F47/><W22/><G122/><T48/><D48/><U40/><E126/><V84/><F84/><N who="3" m="48255" /><G69/><T0/><D86/><U51/><E130/><V57/><F57/><N who="0" m="22122" /><D0/><U43/><E85/><V13/><F64/><W26/><G66/><T120/><D120/><U12/><E90/><V15/><F106/><W34/><G99/><T9/><D17/><U115/><E95/><V98/><F98/><W18/><G34/><T101/><D101/><U88/><E12/><V7/><F77/><W65/><G65/><T41/><D41/><U97/><E88/><V78/><F78/><W118/><G118/><T108/><D108/><U104/><E104/><V59/><F59/><W119/><G119/><T46/><D46/><U93/><E93/><V87/><F87/><W127/><G127/><T71/><D67/><U123/><E97/><V102/><F102/><W4/><G19/><T81/><D81/><U39/><E123/><V70/><F70/><AGARI ba="0,0" hai="8,9,16,21,27,68,70,71,132,134,135" m="22122" machi="70" ten="40,2600,0" yaku="20,1,54,1" doraHai="25" who="0" fromWho="2" sc="368,26,383,0,35,-26,214,0" owari="394,49.4,383,18.3,9,-49.1,214,-18.6" /></mjloggm>