<mjloggm ver="2.3"><GO type="225" lobby="0"/><UN n0="%E6%A5%93%E4%BB%8B" n1="%E3%81%BF%E3%81%BF%E3%81%9A" n2="%E3%83%96%E3%83%83%E3%83%91%E3%82%AA%E3%83%96%E3%83%81%E3%82%AD%E3%83%B3" n3="%E3%81%A0%E3%81%8A" dan="16,17,16,17" rate="2091.23,2167.31,2157.17,2070.20" sx="M,M,M,M"/><TAIKYOKU oya="0"/><INIT seed="0,0,0,3,0,135" ten="250,250,250,250" oya="0" hai0="111,115,87,86,104,62,127,60,82,24,41,80,69" hai1="128,45,133,35,13,28,11,105,46,78,14,130,71" hai2="90,33,116,25,58,1,9,47,48,23,85,125,3" hai3="64,129,110,0,99,79,98,16,44,42,49,2,43"/><T32/><D115/><U92/><E105/><V31/><F116/><W134/><G134/><T52/><D104/><U126/><E133/><V65/><F125/><W91/><G79/><T51/><D111/><U73/><E71/><V97/><F97/><W124/><G64/><T4/><D41/><U76/><E92/><V6/><F65/><W30/><G30/><T94/><D69/><U63/><E63/><V67/><F67/><W81/><G49/><T7/><D32/><U59/><E59/><V122/><F58/><W113/><G44/><N who="1" m="17002" /><E73/><V109/><F109/><W93/><G110/><T108/><D94/><U10/><E28/><V56/><F56/><W20/><G93/><T22/><D108/><U29/><E29/><V123/><F1/><W55/><G0/><T121/><D121/><U106/><E35/><V132/><F132/><W36/><G2/><T114/><D114/><U100/><E100/><V117/><F117/><W17/><G113/><T75/><D75/><U72/><E126/><V34/><F123/><W61/><G124/><T8/><D127/><U18/><E106/><V83/><REACH who="2" step="1"/><F122/><REACH who="2" ten="250,250,240,250" step="2"/><W96/><G96/><T103/><D103/><U27/><E72/><V5/><F5/><W74/><G99/><T15/><D7/><N who="1" m="3295" /><E27/><V95/><F95/><W107/><G74/><T54/><D82/><U101/><E101/><V39/><F39/><W84/><G36/><T50/><D80/><U19/><E19/><V26/><F26/><W37/><G81/><T119/><D24/><U40/><E40/><AGARI ba="0,1" hai="3,6,9,23,25,31,33,34,40,47,48,83,85,90" machi="40" ten="30,2000,0" yaku="1,1,7,1,53,0" doraHai="135" doraHaiUra="89" who="2" fromWho="1" sc="250,0,250,-20,240,30,250,0" /><INIT seed="1,0,0,3,3,53" ten="250,230,270,250" oya="1" hai0="85,18,58,104,37,38,51,108,82,63,47,13,88" hai1="49,92,89,122,123,73,42,72,1,120,80,43,14" hai2="101,20,68,19,132,11,33,126,129,103,2,52,24" hai3="119,46,74,78,116,15,69,60,83,118,55,34,5"/><U59/><E1/><V91/><F68/><W130/><G34/><T31/><D104/><U12/><E59/><V29/><F126/><W112/><G112/><T26/><D108/><U54/><E54/><V105/><F132/><W9/><G130/><T45/><D38/><U98/><E49/><V4/><F129/><W21/><G21/><N who="0" m="15823" /><D37/><U102/><E12/><N who="2" m="9319" /><F105/><W62/><REACH who="3" step="1"/><G69/><REACH who="3" ten="250,230,270,240" step="2"/><T57/><D63/><U131/><E131/><V41/><F41/><W77/><G77/><T30/><D30/><U65/><E43/><V50/><F91/><W44/><G44/><AGARI ba="0,1" hai="2,4,11,24,29,33,44,50,52,101,103" m="9319" machi="44" ten="30,2000,0" yaku="24,1,54,1" doraHai="53" who="2" fromWho="3" sc="250,0,230,0,270,30,240,-20" /><INIT seed="2,0,0,0,4,134" ten="250,230,300,220" oya="2" hai0="1,129,38,63,30,123,132,60,40,100,34,117,119" hai1="75,71,85,97,59,93,37,52,58,51,78,126,94" hai2="39,107,101,99,68,25,111,7,53,0,91,43,96" hai3="86,23,72,77,114,104,31,80,49,26,92,55,22"/><V122/><F122/><W20/><G104/><T70/><D1/><U113/><E71/><V48/><F68/><W105/><G105/><T76/><D76/><U135/><E113/><V120/><F120/><W110/><G110/><T131/><D100/><U57/><E37/><V32/><F111/><W19/><G114/><T69/><D30/><U82/><E135/><V12/><F0/><W36/><G36/><T130/><D34/><U87/><E126/><V65/><F65/><W124/><G124/><T45/><D132/><U15/><E15/><V102/><F91/><W79/><G31/><T109/><D123/><U67/><E67/><V95/><F25/><W13/><G26/><T112/><D112/><U47/><REACH who="1" step="1"/><E94/><REACH who="1" ten="250,220,300,220" step="2"/><V103/><F12/><W14/><G14/><T35/><D109/><U5/><E5/><V116/><F7/><W17/><G13/><T115/><D115/><U10/><E10/><V41/><F95/><W106/><G106/><T28/><D69/><U83/><E83/><V11/><F39/><W2/><G2/><T81/><D70/><U73/><E73/><V128/><F11/><W108/><G108/><T84/><D119/><U118/><E118/><V42/><F107/><W133/><G133/><T3/><D3/><U90/><AGARI ba="0,1" hai="47,51,52,57,58,59,75,78,82,85,87,90,93,97" machi="90" ten="30,4000,0" yaku="1,1,0,1,54,1,53,0" doraHai="134" doraHaiUra="16" who="1" fromWho="1" sc="250,-10,220,50,300,-20,220,-10" /><INIT seed="3,0,0,4,4,122" ten="240,270,280,210" oya="3" hai0="51,76,72,36,101,70,13,105,113,24,91,33,56" hai1="120,62,34,3,135,27,84,63,89,87,97,53,130" hai2="114,88,93,83,40,35,103,64,57,7,67,46,20" hai3="17,54,94,128,19,66,112,37,126,131,30,75,5"/><W132/><G112/><T86/><D36/><U26/><E120/><V118/><F35/><W110/><G75/><T58/><D70/><U82/><E3/><V0/><F114/><W129/><G37/><T79/><D113/><U11/><E130/><N who="3" m="33282" /><W119/><DORA hai="15" /><G119/><T69/><D69/><U21/><E135/><V12/><F118/><W59/><G132/><T43/><D33/><U92/><E34/><V10/><F0/><W47/><G126/><T29/><D105/><U61/><E11/><V124/><F124/><W77/><G77/><T133/><D101/><U111/><E111/><V127/><F103/><W73/><G73/><T2/><D2/><U98/><E27/><V8/><F8/><W65/><G30/><T115/><D115/><U71/><E71/><V109/><F10/><W123/><G47/><N who="0" m="26111" /><D72/><U4/><E4/><V85/><F46/><W81/><G81/><T41/><D133/><U134/><E134/><V22/><F83/><W42/><G42/><T9/><D41/><U116/><E116/><V1/><F40/><W28/><G28/><T16/><D76/><N who="1" m="46151" /><E53/><V99/><F127/><W106/><G106/><T80/><D79/><U95/><E95/><V121/><F93/><W108/><G123/><T102/><D102/><U18/><AGARI ba="0,0" hai="18,21,26,61,62,63,87,89,92,97,98" m="46151" machi="18" ten="30,2000,0" yaku="8,1,52,1" doraHai="122,15" who="1" fromWho="1" sc="240,-5,270,20,280,-5,210,-10" /><INIT seed="4,0,0,5,3,118" ten="235,290,275,200" oya="0" hai0="13,90,34,88,28,53,9,78,67,106,81,130,126" hai1="20,87,129,79,6,57,18,89,30,72,5,107,0" hai2="103,44,38,4,99,58,2,116,35,101,91,19,16" hai3="22,68,82,127,98,132,93,105,66,59,45,124,51"/><T14/><D106/><U55/><E107/><V65/><F35/><W60/><G105/><T62/><D130/><U37/><E37/><V54/><F116/><W1/><G1/><T108/><D126/><N who="3" m="48169" /><G132/><T128/><D128/><U33/><E129/><V12/><F2/><W133/><G133/><T15/><D108/><U56/><E72/><V94/><F38/><W52/><G82/><T125/><D125/><U75/><E75/><V100/><F44/><W134/><G134/><T11/><D53/><U86/><E33/><V111/><F65/><W123/><G22/><T43/><D43/><U26/><E0/><V102/><N who="2" m="25600" /><DORA hai="46" /><V8/><F111/><W50/><G123/><T122/><D122/><U41/><E41/><V40/><F40/><N who="3" m="24871" /><G93/><T27/><D11/><U117/><E117/><V96/><F96/><AGARI ba="0,0" hai="51,52,59,60,66,68,96,98" m="24871,48169" machi="96" ten="30,7700,0" yaku="18,1,52,2,54,1" doraHai="118,46" who="3" fromWho="2" sc="235,0,290,0,275,-77,200,77" /><INIT seed="5,0,0,5,2,58" ten="235,290,198,277" oya="1" hai0="111,92,18,114,31,102,78,96,30,22,8,122,39" hai1="124,110,72,94,65,23,125,10,14,1,135,53,62" hai2="115,47,67,93,35,77,85,71,44,7,108,5,81" hai3="89,129,6,25,57,82,20,15,42,24,11,105,128"/><U28/><E72/><V9/><F108/><W37/><G105/><T121/><D111/><U107/><E107/><V113/><F35/><W43/><G57/><T112/><D39/><U48/><E110/><V75/><F75/><W34/><G34/><T0/><D78/><U50/><E1/><V80/><F80/><W40/><G37/><T76/><D76/><U36/><E36/><V64/><F93/><W106/><G106/><T60/><D8/><U91/><E135/><V19/><F19/><W123/><G123/><T13/><D0/><U26/><E62/><N who="2" m="40343" /><F67/><W103/><G103/><T38/><D38/><U33/><E65/><V79/><F79/><W45/><G20/><T4/><D4/><N who="2" m="1610" /><F9/><W104/><G11/><T17/><D17/><N who="1" m="10679" /><E10/><V21/><F21/><W41/><G104/><T74/><D74/><U87/><E53/><V120/><F120/><N who="0" m="46186" /><D60/><U88/><E91/><V49/><F49/><W83/><G89/><T101/><D101/><U63/><E63/><V126/><F126/><AGARI ba="0,0" hai="26,28,33,48,50,87,88,94,124,125,126" m="10679" machi="126" ten="30,2900,0" yaku="18,1,54,1" doraHai="58" who="1" fromWho="2" sc="235,0,290,29,198,-29,277,0" owari="235,-16.5,319,41.9,169,-33.1,277,7.7" /></mjloggm>