<mjloggm ver="2.3"><GO type="225" lobby="0"/><UN n0="%E9%A6%AC%E5%BC%95%E7%81%AB%33" n1="%E7%99%BD%E5%80%89%E5%AF%9B%E4%B9%8B" n2="%E3%81%AF%E3%82%88%E3%81%8A%E3%81%98%E3%81%95%E3%82%93" n3="%E6%97%A5%E6%9B%9C%E6%97%A5%E3%82%88%E3%82%8A%E3%81%AE%E4%BD%BF%E8%80%85" dan="16,16,17,17" rate="2081.14,2138.06,2197.53,2238.97" sx="M,M,M,M"/><TAIKYOKU oya="0"/><INIT seed="0,0,0,4,4,105" ten="250,250,250,250" oya="0" hai0="6,40,43,112,115,66,103,8,52,26,41,2,117" hai1="14,114,60,32,97,51,36,1,92,17,55,65,113" hai2="24,4,123,133,77,121,5,22,85,95,87,132,78" hai3="134,74,104,101,16,126,90,72,21,96,25,127,71"/><T46/><D117/><U125/><E36/><V111/><F22/><W62/><G134/><N who="2" m="51817" /><F24/><W58/><G71/><T33/><D66/><U56/><E32/><V109/><F4/><W7/><G7/><T80/><D103/><U130/><E1/><V73/><F5/><W3/><G3/><T19/><D80/><U83/><E130/><V59/><F59/><W108/><G108/><N who="2" m="41545" /><F95/><W76/><G76/><N who="2" m="29289" /><F73/><W11/><G11/><T49/><REACH who="0" step="1"/><D19/><REACH who="0" ten="240,250,250,250" step="2"/><U106/><E17/><V28/><F28/><AGARI ba="0,1" hai="2,6,8,26,28,33,40,41,43,46,49,52,112,115" machi="28" ten="40,7700,0" yaku="1,1,2,1,54,1,53,0" doraHai="105" doraHaiUra="10" who="0" fromWho="2" sc="240,87,250,0,250,-77,250,0" /><INIT seed="0,1,0,0,5,47" ten="327,250,173,250" oya="0" hai0="96,61,130,45,11,43,10,121,53,110,77,124,101" hai1="111,108,132,21,7,98,67,92,114,99,9,104,125" hai2="25,13,122,70,57,30,19,97,80,69,50,93,46" hai3="2,128,48,22,8,133,37,29,63,28,126,56,60"/><T86/><D121/><U81/><E114/><V39/><F122/><W105/><G37/><T62/><D124/><U74/><E125/><V27/><F39/><W89/><G105/><T109/><D130/><U49/><E132/><V55/><F80/><W38/><G38/><T65/><D53/><U76/><E67/><V33/><F27/><W3/><G3/><T84/><D45/><U35/><E35/><V102/><REACH who="2" step="1"/><F46/><REACH who="2" ten="327,250,163,250" step="2"/><W129/><G126/><T6/><D109/><U4/><E111/><V41/><F41/><W0/><G129/><T131/><D43/><U73/><E108/><V66/><F66/><W106/><G128/><T94/><D65/><U71/><E81/><V16/><F16/><W79/><G133/><T117/><D110/><U32/><E4/><V123/><F123/><W91/><G0/><T18/><D18/><U82/><E7/><V85/><F85/><W113/><G2/><T87/><D87/><U78/><E82/><V54/><F54/><W68/><G113/><T15/><D86/><U5/><E5/><V118/><F118/><W100/><G29/><T31/><D31/><U90/><E74/><V83/><F83/><W20/><G28/><T59/><D84/><U127/><E73/><V12/><F12/><W26/><G26/><T1/><D1/><U119/><E127/><V51/><F51/><W112/><G48/><T24/><D117/><U44/><E49/><V36/><F36/><W120/><G112/><T23/><D24/><U134/><E119/><V64/><F64/><W52/><G120/><T75/><D131/><U103/><E134/><RYUUKYOKU ba="1,1" sc="327,-10,250,-10,163,30,250,-10" hai2="13,19,25,30,33,50,55,57,69,70,93,97,102" /><INIT seed="1,2,1,5,0,129" ten="317,240,193,240" oya="1" hai0="33,2,67,0,48,122,90,47,104,109,30,12,24" hai1="39,64,21,29,97,8,51,4,125,61,62,13,37" hai2="43,124,106,110,32,112,41,73,11,116,58,126,15" hai3="22,132,96,101,53,3,25,42,69,31,100,113,131"/><U28/><E125/><N who="2" m="48235" /><F116/><W91/><G113/><T95/><D104/><U81/><E62/><V80/><F106/><W44/><G131/><T135/><D109/><U18/><E51/><V94/><F32/><W70/><G3/><T120/><D12/><U77/><E97/><V130/><F110/><W55/><G70/><T74/><D74/><U71/><E39/><V45/><F130/><W75/><G75/><T52/><D67/><U14/><REACH who="1" step="1"/><E37/><REACH who="1" ten="317,230,193,240" step="2"/><V65/><F112/><W85/><G96/><T9/><D48/><U23/><E23/><V123/><F123/><W127/><G127/><T1/><D122/><U82/><E82/><V78/><F45/><W19/><G44/><T93/><D120/><U38/><E38/><V99/><F58/><W107/><G69/><T5/><D47/><U7/><E7/><N who="2" m="3583" /><F65/><W35/><G35/><T98/><D33/><U46/><E46/><V134/><F134/><W84/><G132/><T92/><D135/><U121/><E121/><V86/><F73/><AGARI ba="2,2" hai="4,8,13,14,18,21,28,29,61,64,71,73,77,81" machi="73" ten="30,2900,0" yaku="1,1,7,1,53,0" doraHai="129" doraHaiUra="68" who="1" fromWho="2" sc="317,0,230,55,193,-35,240,0" /><INIT seed="1,3,0,1,0,76" ten="317,285,158,240" oya="1" hai0="91,36,68,130,82,2,99,64,84,6,30,34,29" hai1="117,46,129,55,94,56,120,42,131,53,71,13,119" hai2="15,69,67,86,112,88,12,125,1,108,35,116,28" hai3="61,70,122,23,77,60,20,65,31,81,16,75,52"/><U33/><E33/><V63/><F116/><N who="1" m="44617" /><E94/><V126/><F1/><W90/><G122/><T95/><D36/><N who="1" m="21831" /><E13/><V85/><F85/><W135/><G135/><T10/><D130/><N who="1" m="49675" /><E120/><V101/><F101/><W89/><G31/><T111/><D111/><U107/><E107/><V96/><F108/><W109/><G109/><T104/><D104/><U134/><E134/><V9/><F96/><W48/><G23/><T73/><D73/><U51/><E55/><V97/><F97/><W18/><G18/><T110/><D110/><U57/><E71/><V47/><F28/><W54/><G54/><T21/><D21/><U45/><AGARI ba="3,0" hai="45,51,53,56,57" m="49675,21831,44617" machi="45" ten="30,6000,0" yaku="19,1,34,2" doraHai="76" who="1" fromWho="1" sc="317,-23,285,69,158,-23,240,-23" /><INIT seed="1,4,0,5,3,112" ten="294,354,135,217" oya="1" hai0="9,101,18,129,88,121,114,16,25,60,123,72,7" hai1="128,27,90,125,116,67,124,91,62,76,96,122,84" hai2="87,106,68,73,99,23,79,10,6,109,3,81,34" hai3="66,117,131,132,36,14,107,48,21,130,103,13,30"/><U5/><E122/><N who="0" m="46601" /><D114/><U32/><E128/><N who="3" m="49194" /><G36/><T41/><D129/><U17/><E5/><V11/><F34/><W82/><G132/><T104/><D72/><U115/><E115/><V100/><F109/><W49/><G66/><T133/><D133/><U135/><E135/><V113/><F113/><W57/><G82/><T61/><D41/><U126/><E96/><V105/><F68/><W54/><G49/><T97/><D88/><N who="1" m="33835" /><E84/><V40/><F40/><W75/><G75/><T95/><D95/><U102/><E102/><V38/><F38/><W51/><G51/><T43/><D43/><U110/><E76/><V69/><F69/><W53/><G53/><T58/><D25/><U8/><E110/><V134/><F134/><W83/><G83/><T45/><D45/><U127/><E124/><V52/><F52/><W29/><G103/><T15/><D60/><U85/><E85/><V55/><F55/><AGARI ba="4,0" hai="7,9,15,16,18,55,58,61,97,101,104" m="46601" machi="55" ten="30,2000,0" yaku="13,1,54,1" doraHai="112" who="0" fromWho="2" sc="294,32,354,0,135,-32,217,0" /><INIT seed="2,0,0,4,3,25" ten="326,354,103,217" oya="2" hai0="135,17,101,105,77,59,2,113,126,86,33,68,12" hai1="49,75,69,36,99,78,65,46,54,94,88,82,123" hai2="120,134,73,20,116,96,22,81,130,92,102,128,11" hai3="47,125,9,55,115,13,1,112,23,122,30,110,70"/><V48/><F116/><W89/><G122/><T41/><D113/><N who="3" m="43593" /><G110/><T114/><D2/><U109/><E109/><V43/><F120/><W61/><G125/><T45/><D68/><U56/><E123/><V7/><F134/><W26/><G1/><T15/><D126/><U4/><E4/><V95/><F92/><W19/><G89/><T104/><D33/><U62/><REACH who="1" step="1"/><E36/><REACH who="1" ten="326,344,103,217" step="2"/><V119/><F119/><W39/><G39/><T8/><D114/><U71/><AGARI ba="0,1" hai="46,49,54,56,62,65,69,71,75,78,82,88,94,99" machi="71" ten="30,7900,0" yaku="1,1,2,1,0,1,54,1,53,0" doraHai="25" doraHaiUra="5" who="1" fromWho="1" sc="326,-20,344,89,103,-39,217,-20" /><INIT seed="3,0,0,3,5,117" ten="306,433,64,197" oya="3" hai0="5,57,70,115,109,62,55,24,105,17,31,10,56" hai1="104,35,133,135,29,64,18,82,127,8,15,37,72" hai2="59,34,54,83,39,7,87,1,53,66,122,106,116" hai3="107,129,19,28,91,119,23,132,84,36,126,49,99"/><W52/><G119/><T78/><D109/><U13/><E104/><V0/><F116/><W102/><G126/><T114/><D105/><U25/><E37/><V98/><F34/><W121/><G129/><T20/><D78/><N who="1" m="44359" /><E64/><V95/><F39/><W128/><G128/><T88/><D70/><U32/><E15/><V93/><F106/><W38/><G28/><T67/><D31/><U123/><E123/><V30/><F30/><W69/><G69/><T131/><D131/><U16/><E127/><V112/><F112/><W118/><G118/><T110/><D110/><U74/><E74/><V11/><F0/><W86/><G86/><T103/><D103/><U96/><E96/><V9/><F9/><W134/><G121/><T73/><D73/><U46/><E46/><V79/><F122/><W61/><G61/><T63/><D88/><U65/><E65/><V125/><F125/><W22/><G38/><T101/><D101/><U41/><E41/><V21/><F21/><W45/><G36/><T68/><D68/><U26/><E18/><V80/><F80/><N who="3" m="49543" /><G19/><T90/><D90/><U111/><E111/><V60/><F95/><W108/><G108/><T76/><D76/><U97/><E97/><V113/><F113/><N who="0" m="43018" /><D10/><U27/><E29/><V43/><F43/><W2/><G2/><T33/><D33/><U50/><E50/><V42/><F42/><W4/><G22/><T85/><D85/><U130/><E130/><V3/><F1/><W124/><G124/><T40/><D40/><U94/><E94/><V47/><F47/><W77/><G45/><T81/><D81/><RYUUKYOKU ba="0,0" sc="306,10,433,10,64,10,197,-30" hai0="5,17,20,24,55,56,57,62,63,67" hai1="8,13,16,25,26,27,32,35,133,135" hai2="3,7,11,53,54,59,60,66,79,83,87,93,98" owari="316,11.6,443,54.3,74,-42.6,167,-23.3" /></mjloggm>