<mjloggm ver="2.3"><GO type="225" lobby="0"/><UN n0="%33%74%72%65%65" n1="%E3%83%8F%E3%83%B3%E3%83%89%E3%83%A9%E3%83%BC%E3%83%BB%E3%83%AF%E3%83%B3" n2="%68%75%69%68%75%69" n3="%E4%BF%BA%E3%81%A8%E5%A6%96%E5%A4%A2" dan="17,17,16,16" rate="2226.27,2259.16,2118.44,2118.73" sx="F,M,M,F"/><TAIKYOKU oya="0"/><INIT seed="0,0,0,4,2,26" ten="250,250,250,250" oya="0" hai0="73,44,25,15,70,48,46,21,113,63,60,40,118" hai1="8,67,102,133,9,47,5,86,29,18,12,42,3" hai2="78,84,23,57,119,79,112,93,132,6,17,54,10" hai3="62,43,134,95,106,11,94,28,100,66,125,104,74"/><T135/><D113/><U116/><E133/><V68/><F68/><W39/><G74/><T37/><D118/><U121/><E116/><V107/><F107/><W16/><G134/><T50/><D135/><U128/><E128/><V105/><F105/><W35/><G43/><T99/><D73/><U53/><E121/><V64/><F64/><W4/><G39/><T98/><D15/><U2/><E67/><V65/><F65/><W120/><G120/><T131/><D131/><U34/><E53/><V129/><F129/><W92/><G125/><T58/><D70/><U109/><E102/><V38/><F38/><W87/><G87/><T41/><D37/><U91/><E109/><V24/><F112/><W97/><G106/><T88/><D88/><U81/><E2/><V111/><F111/><W36/><G36/><T59/><REACH who="0" step="1"/><D21/><REACH who="0" ten="240,250,250,250" step="2"/><U22/><E22/><V77/><F119/><W114/><G114/><T85/><D85/><U83/><E91/><N who="2" m="53479" /><F132/><W69/><G35/><T115/><D115/><U71/><E86/><V122/><F122/><W124/><G124/><T51/><D51/><N who="1" m="27127" /><E71/><V56/><F78/><W14/><REACH who="3" step="1"/><G28/><REACH who="3" ten="240,250,250,240" step="2"/><T72/><D72/><U80/><E29/><N who="2" m="17567" /><F79/><W7/><AGARI ba="0,2" hai="4,7,11,14,16,62,66,69,92,94,95,97,100,104" machi="7" ten="30,4000,0" yaku="1,1,0,1,54,1,53,0" doraHai="26" doraHaiUra="76" who="3" fromWho="3" sc="240,-20,250,-10,250,-10,240,60" /><INIT seed="1,0,0,5,1,33" ten="220,240,240,300" oya="1" hai0="54,94,117,76,108,56,62,53,125,75,116,51,88" hai1="28,31,112,132,113,111,80,85,114,84,26,87,110" hai2="58,104,70,17,107,18,72,122,79,77,5,121,60" hai3="82,36,49,106,24,12,95,4,90,3,128,10,68"/><U1/><E1/><V109/><F58/><W133/><G36/><T127/><D108/><N who="1" m="41515" /><E132/><V135/><F109/><W40/><G106/><T57/><D76/><N who="1" m="46087" /><E31/><V124/><F135/><W7/><G68/><T50/><D75/><U27/><E27/><V63/><F5/><W19/><G133/><T21/><D21/><AGARI ba="0,0" hai="21,26,28,85,87,112,113,114" m="46087,41515" machi="21" ten="40,3900,0" yaku="14,1,10,1" doraHai="33" who="1" fromWho="0" sc="220,-39,240,39,240,0,300,0" /><INIT seed="1,1,0,5,4,46" ten="181,279,240,300" oya="1" hai0="23,96,14,6,84,72,95,18,97,30,4,66,111" hai1="78,75,114,93,99,62,71,106,77,0,61,98,105" hai2="59,28,50,60,48,22,126,10,80,125,2,108,5" hai3="36,64,12,119,135,26,92,118,20,11,49,32,58"/><U94/><E114/><V130/><F108/><W44/><G36/><T123/><D111/><U134/><E0/><V65/><F130/><W7/><G32/><T3/><D72/><U47/><E47/><V42/><F42/><W63/><G135/><T103/><D123/><U1/><E1/><V57/><F57/><W122/><G122/><T40/><D3/><U16/><E75/><V21/><F80/><W35/><G35/><T131/><D131/><U13/><E13/><V87/><F87/><W100/><G100/><T90/><D40/><U33/><E33/><V38/><F38/><W133/><G133/><T113/><D113/><U129/><E71/><V15/><F15/><W116/><G92/><T82/><D30/><U45/><E45/><V86/><F86/><W52/><REACH who="3" step="1"/><G118/><REACH who="3" ten="181,279,240,290" step="2"/><T27/><D97/><U91/><E134/><V34/><F34/><W56/><G56/><T117/><D117/><U39/><E39/><V104/><F104/><W24/><G24/><T51/><D27/><U132/><E132/><V107/><F107/><W81/><G81/><T115/><D115/><U43/><E129/><V120/><F120/><W54/><G54/><T79/><D103/><U68/><E43/><V9/><F9/><W85/><G85/><T19/><D66/><U41/><E41/><V76/><F10/><W53/><G53/><T25/><REACH who="0" step="1"/><D51/><REACH who="0" ten="171,279,240,290" step="2"/><U102/><E102/><V73/><F50/><W69/><G69/><T128/><D128/><U83/><E68/><V70/><F48/><W109/><G109/><T101/><D101/><U74/><E98/><V29/><F70/><RYUUKYOKU ba="1,2" sc="171,15,279,-15,240,-15,290,15" hai0="4,6,14,18,19,23,25,79,82,84,90,95,96" hai3="7,11,12,20,26,44,49,52,58,63,64,116,119" /><INIT seed="2,2,2,3,1,128" ten="186,264,225,305" oya="2" hai0="4,133,2,116,9,50,24,96,33,36,26,71,34" hai1="100,14,101,73,103,39,17,125,11,108,54,12,21" hai2="22,13,28,104,113,8,110,111,92,25,7,58,32" hai3="114,30,62,41,31,72,15,109,52,29,1,122,90"/><V18/><F104/><W95/><G122/><T130/><D36/><U47/><E73/><V45/><F113/><W49/><G1/><T53/><D71/><U84/><E108/><N who="2" m="41515" /><F92/><W91/><G109/><T124/><D130/><U76/><E125/><V59/><F45/><N who="3" m="25775" /><G72/><T10/><D124/><U86/><E76/><V117/><F59/><N who="3" m="35175" /><G114/><T105/><D116/><U51/><REACH who="1" step="1"/><E39/><REACH who="1" ten="186,254,225,305" step="2"/><V23/><F117/><W61/><G61/><T135/><D10/><U88/><E88/><V55/><F7/><AGARI ba="2,3" hai="7,11,12,14,17,21,47,51,54,84,86,100,101,103" machi="7" ten="40,2600,0" yaku="1,1,8,1,53,0" doraHai="128" doraHaiUra="78" who="1" fromWho="2" sc="186,0,254,62,225,-32,305,0" /><INIT seed="3,0,0,1,4,49" ten="186,316,193,305" oya="3" hai0="27,121,133,129,52,14,88,85,51,34,108,104,80" hai1="98,128,19,56,101,120,63,20,33,131,48,36,73" hai2="22,3,79,68,103,9,53,77,45,116,1,125,6" hai3="50,58,57,31,38,109,11,74,126,122,2,81,44"/><W76/><G122/><T72/><D121/><U26/><E120/><V123/><F116/><W21/><G126/><T69/><D69/><U102/><E36/><V114/><F114/><W87/><G109/><T0/><D0/><U91/><E73/><V113/><F68/><W97/><G38/><T134/><D108/><U107/><E33/><V110/><F3/><W66/><G97/><T111/><D111/><U106/><E48/><N who="2" m="28815" /><F110/><W71/><G71/><T8/><D72/><U40/><E40/><V135/><F113/><W65/><G74/><T90/><D104/><U92/><E102/><V17/><F123/><W7/><G65/><T32/><D90/><U64/><E91/><V62/><F103/><W10/><G66/><T60/><D60/><U117/><E117/><V24/><F62/><W100/><G11/><T67/><D67/><U54/><E64/><V132/><F125/><W46/><G46/><N who="0" m="27767" /><D129/><AGARI ba="0,0" hai="19,20,26,54,56,63,92,98,101,106,107,128,129,131" machi="129" ten="40,2600,0" yaku="19,1,52,1" doraHai="49" who="1" fromWho="0" sc="186,-26,316,26,193,0,305,0" owari="160,-34.0,342,44.2,193,-20.7,305,10.5" /></mjloggm>