<mjloggm ver="2.3"><GO type="225" lobby="0"/><UN n0="%E3%81%AF%E3%82%88%E3%81%8A%E3%81%98%E3%81%95%E3%82%93" n1="%E3%83%B4%E3%82%A3%E3%83%AF%E3%82%B3%E3%82%B0%E3%83%8B" n2="%E3%81%99%E3%81%84%E3%81%BE%E3%81%9B%E3%83%BC%E3%82%93" n3="%E3%81%A4%E3%81%A3%E3%81%B1%E3%82%8A%E3%83%9D%E3%83%BC%E3%83%AB" dan="17,17,18,17" rate="2170.12,2242.74,2235.49,2260.63" sx="M,M,M,M"/><TAIKYOKU oya="0"/><INIT seed="0,0,0,4,3,2" ten="250,250,250,250" oya="0" hai0="94,71,10,90,9,86,128,117,76,54,24,26,42" hai1="39,69,75,102,53,57,12,131,98,106,116,52,110" hai2="132,109,92,61,87,32,19,22,41,27,80,13,79" hai3="99,93,38,122,95,65,56,124,18,44,85,16,5"/><T112/><D112/><U55/><E110/><V34/><F109/><W74/><G74/><T125/><D117/><U73/><E69/><V40/><F132/><W3/><G124/><T49/><D71/><U33/><E116/><V127/><F127/><W68/><G68/><T89/><D125/><U31/><E39/><V25/><F61/><N who="3" m="38055" /><G3/><T4/><D9/><U64/><E131/><V58/><F58/><W8/><G38/><T91/><D128/><U111/><E111/><V21/><F92/><N who="3" m="35403" /><G122/><T101/><D42/><U105/><E105/><V97/><F97/><W59/><G99/><T82/><D94/><U72/><E12/><V45/><F13/><N who="3" m="5263" /><G44/><T108/><D101/><U66/><REACH who="1" step="1"/><E57/><REACH who="1" ten="250,240,250,250" step="2"/><V7/><F45/><W133/><G133/><T114/><D108/><U83/><E83/><V130/><F130/><W51/><G85/><T50/><D114/><U28/><E28/><V63/><F87/><W135/><G135/><T47/><REACH who="0" step="1"/><D50/><REACH who="0" ten="240,240,250,250" step="2"/><U48/><E48/><V84/><F80/><W129/><G129/><T17/><D17/><U62/><E62/><V60/><F19/><W67/><G51/><T23/><D23/><U6/><E6/><V118/><F7/><W15/><G15/><AGARI ba="0,2" hai="4,10,15,24,26,47,49,54,76,82,86,89,90,91" machi="15" ten="40,7700,0" yaku="1,1,8,1,52,1,53,0" doraHai="2" doraHaiUra="107" who="0" fromWho="3" sc="240,97,240,0,250,0,250,-77" /><INIT seed="0,1,0,3,2,21" ten="337,240,250,173" oya="0" hai0="121,82,30,14,126,9,28,123,98,99,13,84,50" hai1="7,52,6,127,49,35,83,47,15,62,86,95,132" hai2="16,94,80,106,33,72,134,67,101,53,65,46,78" hai3="114,115,116,10,129,73,12,133,79,96,87,66,64"/><T26/><D126/><U75/><E132/><V55/><F134/><W131/><G73/><T88/><D30/><U23/><E35/><V42/><F106/><W113/><G133/><T71/><D71/><U69/><E127/><V92/><F33/><W117/><G96/><T54/><D14/><U97/><E75/><V105/><F105/><W41/><G41/><T48/><D48/><U51/><E62/><V59/><F55/><W120/><G87/><T5/><D121/><U122/><E69/><V81/><F81/><W44/><G79/><T103/><D123/><U3/><E3/><V1/><F1/><W25/><G120/><T76/><D76/><N who="1" m="46439" /><E122/><V11/><F67/><N who="3" m="25643" /><G44/><T100/><D99/><U130/><E130/><N who="3" m="49674" /><G12/><T2/><D2/><U102/><E49/><V110/><F65/><W22/><G10/><T40/><D40/><U90/><E102/><V19/><F101/><W68/><G68/><T36/><D36/><U128/><E128/><V29/><F11/><W24/><G22/><N who="0" m="15447" /><D98/><U38/><E38/><V112/><F42/><W93/><G93/><T0/><D0/><U27/><E15/><V63/><F94/><W74/><G74/><T45/><AGARI ba="1,0" hai="5,9,13,45,50,54,82,84,88,100,103" m="15447" machi="45" ten="30,6000,0" yaku="8,1,52,1,54,1" doraHai="21" who="0" fromWho="0" sc="337,63,240,-21,250,-21,173,-21" /><INIT seed="0,2,0,0,5,133" ten="400,219,229,152" oya="0" hai0="45,65,6,60,63,90,122,8,108,31,25,21,78" hai1="59,16,134,27,101,130,68,1,92,26,81,72,18" hai2="2,74,118,99,75,117,14,79,52,106,54,30,73" hai3="48,70,49,55,66,40,94,46,47,109,85,5,121"/><T22/><D122/><U84/><E68/><V135/><F2/><W9/><G121/><T96/><D108/><U17/><E134/><V57/><F135/><W67/><G70/><T93/><D78/><U80/><E1/><V131/><F131/><W91/><REACH who="3" step="1"/><G109/><REACH who="3" ten="400,219,229,142" step="2"/><T103/><D65/><U71/><E71/><V77/><F118/><W64/><G64/><T38/><D38/><U35/><E130/><V83/><F117/><W11/><G11/><T129/><D129/><U42/><E72/><V58/><F75/><W89/><G89/><T113/><D113/><U43/><E35/><V37/><F37/><W87/><G87/><T124/><D90/><N who="1" m="53319" /><E101/><V3/><F74/><W0/><AGARI ba="2,1" hai="0,5,9,40,46,47,48,49,55,66,67,85,91,94" machi="0" ten="20,2700,0" yaku="1,1,0,1,7,1,53,0" doraHai="133" doraHaiUra="12" who="3" fromWho="3" sc="400,-15,219,-9,229,-9,142,43" /><INIT seed="1,0,0,0,2,14" ten="385,210,220,185" oya="1" hai0="125,53,84,77,11,111,88,129,38,47,85,23,58" hai1="95,34,59,3,45,94,50,24,6,16,44,18,36" hai2="52,115,75,87,66,48,110,8,0,67,10,2,65" hai3="104,113,105,1,117,119,17,83,102,72,37,106,26"/><U90/><E3/><V79/><F110/><W126/><G37/><T4/><D111/><U68/><E68/><V56/><F115/><W78/><G1/><T46/><D38/><U5/><E34/><V82/><F2/><W27/><G113/><T91/><D125/><U64/><E36/><V97/><F0/><W33/><G126/><T131/><D11/><U132/><E132/><V121/><F121/><W120/><G120/><T15/><D4/><N who="1" m="1643" /><E24/><V32/><F32/><W124/><G124/><T57/><D77/><U98/><E94/><V118/><F118/><N who="3" m="45067" /><G33/><T74/><D74/><U21/><E21/><V51/><F75/><W99/><G27/><T130/><D15/><U25/><E25/><V112/><F112/><W40/><G40/><T35/><D23/><AGARI ba="0,0" hai="17,23,26,72,78,83,99,102,104,105,106" m="45067" machi="23" ten="30,2000,0" yaku="12,1,52,1" doraHai="14" who="3" fromWho="0" sc="385,-20,210,0,220,0,185,20" /><INIT seed="2,0,0,1,1,50" ten="365,210,220,205" oya="2" hai0="47,135,132,35,63,8,7,0,126,39,117,110,78" hai1="10,29,49,2,42,71,102,133,119,101,4,44,106" hai2="118,37,86,122,23,45,57,34,130,11,129,109,73" hai3="94,56,28,125,3,25,96,80,123,65,67,30,92"/><V72/><F34/><W62/><G123/><T103/><D35/><U111/><E119/><V1/><F118/><W134/><G3/><T60/><D117/><U41/><E111/><V113/><F113/><W38/><G38/><T22/><D110/><U84/><E71/><V17/><F122/><W76/><G134/><N who="0" m="51243" /><D126/><U121/><E121/><V131/><F109/><W114/><G125/><T40/><D103/><U112/><E112/><V83/><F57/><W64/><G114/><T15/><D78/><U26/><E133/><V105/><F105/><W27/><G94/><T61/><D22/><U21/><E106/><V51/><F37/><W58/><G58/><T48/><D39/><U104/><E104/><V19/><F1/><AGARI ba="0,0" hai="0,1,7,8,15,40,47,48,60,61,63" m="51243" machi="1" ten="30,1000,0" yaku="20,1" doraHai="50" who="0" fromWho="2" sc="365,10,210,0,220,-10,205,0" /><INIT seed="3,0,0,4,1,72" ten="375,210,210,205" oya="3" hai0="96,108,27,12,32,135,45,129,87,5,69,120,54" hai1="40,117,59,65,85,37,43,105,110,28,93,61,132" hai2="124,46,109,113,103,60,2,104,125,7,89,56,4" hai3="10,73,19,67,78,94,76,64,50,38,115,91,6"/><W133/><G38/><T58/><D69/><U75/><E75/><V22/><F109/><W79/><G115/><T29/><D120/><U8/><E105/><V74/><F113/><W42/><G73/><T21/><D108/><U71/><E110/><V25/><F74/><W107/><G107/><T11/><D129/><U20/><E37/><V33/><F33/><W13/><G133/><T62/><D135/><U14/><E71/><V66/><F89/><W100/><G100/><T16/><D96/><U106/><E106/><V84/><F84/><N who="3" m="52583" /><G6/><T130/><D130/><U31/><E117/><V23/><F46/><AGARI ba="0,0" hai="10,13,19,42,46,50,64,67,76,78,79" m="52583" machi="46" ten="30,11600,0" yaku="8,1,52,3" doraHai="72" who="3" fromWho="2" sc="375,0,210,0,210,-116,205,116" /><INIT seed="3,1,0,3,3,73" ten="375,210,94,321" oya="3" hai0="127,14,84,71,99,12,55,28,57,1,72,119,97" hai1="101,41,135,98,112,129,59,39,103,42,86,126,79" hai2="131,19,21,18,94,26,130,116,89,44,106,117,123" hai3="64,65,11,8,118,75,54,108,13,43,88,36,7"/><W100/><G118/><T34/><D119/><U35/><E35/><V110/><F44/><W133/><G75/><T16/><D72/><U40/><E39/><V114/><F106/><W37/><G133/><T93/><D1/><U113/><E135/><V78/><F94/><W6/><G100/><T32/><D71/><U24/><E101/><V38/><F89/><W105/><G105/><T2/><D2/><U29/><E129/><V67/><F67/><W134/><G134/><T45/><D45/><U5/><E5/><V107/><F107/><W82/><G108/><T17/><D127/><U30/><E126/><V0/><F0/><W50/><G43/><T81/><D28/><U9/><E9/><V111/><F38/><W53/><G13/><N who="0" m="5227" /><D32/><U83/><E59/><V63/><F21/><W3/><G3/><T122/><D34/><U77/><E77/><V47/><F47/><W58/><G58/><T49/><D122/><U61/><E112/><V56/><F56/><W104/><G104/><T69/><D69/><U92/><E61/><V52/><F63/><W102/><G102/><N who="0" m="60719" /><D99/><U68/><E24/><V128/><F128/><W90/><G50/><T4/><D4/><U46/><E113/><V87/><F114/><W91/><G91/><AGARI ba="1,0" hai="16,17,49,55,57,81,84,91" m="60719,5227" machi="91" ten="30,2000,0" yaku="8,1,54,1" doraHai="73" who="0" fromWho="3" sc="375,23,210,0,94,0,321,-23" owari="398,49.8,210,-19.0,94,-40.6,298,9.8" /></mjloggm>