<mjloggm ver="2.3"><GO type="225" lobby="0"/><UN n0="%E3%81%BF%E3%81%BF%E3%81%9A" n1="%43%68%65" n2="%28%EF%BF%A3%E2%96%BD%EF%BF%A3%29%CE%B4%E2%8C%92%E3%83%BB" n3="%63%68%78%62%64" dan="18,16,17,16" rate="2249.04,2176.39,2288.59,2104.36" sx="M,M,M,M"/><TAIKYOKU oya="0"/><INIT seed="0,0,0,0,4,28" ten="250,250,250,250" oya="0" hai0="73,105,63,58,21,75,5,7,121,32,93,30,92" hai1="14,91,133,37,94,101,26,70,66,132,6,16,57" hai2="80,83,111,42,123,131,69,84,50,87,20,23,82" hai3="68,130,29,46,116,102,15,24,104,10,44,8,34"/><T65/><D105/><U49/><E37/><V2/><F69/><W64/><G116/><T88/><D121/><U103/><E70/><V67/><F2/><W113/><G130/><T61/><D32/><U60/><E6/><V4/><F123/><W72/><G72/><T127/><D127/><U97/><E26/><V36/><F36/><W120/><G120/><T39/><D39/><U100/><REACH who="1" step="1"/><E49/><REACH who="1" ten="250,240,250,250" step="2"/><V55/><F4/><W135/><G113/><T114/><D114/><U54/><E54/><V117/><F55/><W56/><G68/><T47/><D5/><U17/><E17/><V90/><F117/><W109/><G109/><T110/><D7/><U35/><E35/><V86/><F111/><W118/><G118/><T78/><D110/><U25/><E25/><V124/><F50/><W9/><G135/><T129/><D30/><U107/><E107/><V48/><F48/><W40/><G40/><T76/><D129/><U27/><E27/><V79/><F42/><W11/><G15/><T126/><D126/><U134/><E134/><V13/><F131/><W45/><N who="3" m="2048" /><DORA hai="0" /><W71/><G71/><T38/><D38/><U74/><E74/><V62/><F124/><W128/><G128/><T122/><D122/><U115/><E115/><V77/><F13/><W18/><G18/><T108/><D73/><U41/><E41/><V99/><F99/><W51/><G51/><T125/><D75/><U3/><E3/><V96/><F96/><N who="3" m="61511" /><G64/><T89/><D125/><U22/><AGARI ba="0,1" hai="14,16,22,57,60,66,91,94,97,100,101,103,132,133" machi="22" ten="30,12000,2" yaku="1,1,0,1,54,1,53,4" doraHai="28,0" doraHaiUra="98,12" who="1" fromWho="1" sc="250,-60,240,130,250,-30,250,-30" /><INIT seed="1,0,0,5,1,9" ten="190,370,220,220" oya="1" hai0="63,12,91,71,76,38,53,112,45,50,129,34,37" hai1="46,27,69,18,107,2,75,28,124,65,56,64,68" hai2="134,7,74,77,32,47,115,48,26,21,29,54,43" hai3="123,97,6,67,19,62,83,98,133,15,116,87,33"/><U25/><E2/><V52/><F134/><W22/><G123/><T94/><D34/><U125/><E75/><V130/><F130/><W80/><G116/><T79/><D112/><U88/><E107/><V126/><F126/><N who="1" m="48745" /><E46/><V23/><F115/><W41/><G33/><T1/><D129/><U40/><E40/><V0/><F0/><W122/><G122/><T108/><D1/><U73/><E73/><V117/><F7/><W35/><G35/><T58/><D108/><U10/><E28/><V109/><F109/><W86/><G133/><T11/><D71/><N who="1" m="27211" /><E56/><V14/><F117/><W39/><G6/><N who="0" m="3191" /><D38/><U3/><E3/><V66/><F66/><N who="1" m="25705" /><E88/><V60/><F32/><W113/><G113/><T132/><D37/><U30/><E30/><V121/><F121/><W110/><G110/><T102/><D102/><U82/><E82/><V49/><F74/><W103/><G39/><T127/><D127/><U59/><E59/><N who="2" m="34919" /><F77/><W111/><G111/><T101/><D101/><U42/><E42/><V128/><F128/><W55/><G41/><N who="0" m="24879" /><D132/><U8/><E18/><N who="2" m="10455" /><F43/><W72/><G72/><T70/><D70/><U57/><E57/><V119/><F119/><W89/><G67/><T16/><D16/><U51/><E27/><V105/><F105/><W5/><G5/><T44/><D44/><U100/><E25/><V17/><F17/><W4/><G4/><T114/><D114/><U81/><E100/><V92/><F49/><W131/><G131/><T61/><D63/><U104/><E51/><V93/><AGARI ba="0,0" hai="23,26,29,47,48,54,92,93" m="10455,34919" machi="93" ten="30,4000,0" yaku="8,1,52,1,54,1" doraHai="9" who="2" fromWho="2" sc="190,-10,370,-20,220,40,220,-10" /><INIT seed="2,0,0,3,1,134" ten="180,350,260,210" oya="2" hai0="80,73,65,37,91,107,95,45,54,71,47,84,114" hai1="50,77,41,23,76,111,46,89,75,78,44,98,68" hai2="15,32,116,124,99,133,131,126,1,81,61,123,29" hai3="19,101,69,20,34,31,94,74,115,13,96,28,2"/><V109/><F1/><W119/><G119/><T40/><D114/><U55/><E68/><V21/><F116/><W16/><G69/><T42/><D107/><U62/><E111/><V11/><F133/><W63/><G74/><T87/><D73/><U52/><E75/><V48/><F123/><W64/><G115/><T127/><D127/><N who="2" m="48682" /><F109/><W12/><G2/><T58/><D65/><U113/><E113/><V88/><F131/><W8/><REACH who="3" step="1"/><G34/><REACH who="3" ten="180,350,260,200" step="2"/><T92/><D71/><U125/><E125/><V0/><F32/><W7/><G7/><T25/><D25/><U103/><E77/><V36/><F0/><W33/><G33/><T27/><D27/><U22/><E78/><V24/><F24/><W35/><G35/><T122/><D122/><U82/><E76/><V6/><F6/><W5/><G5/><T128/><D128/><U26/><E26/><V93/><F15/><W14/><G14/><T85/><D85/><U30/><E30/><V132/><F29/><W53/><G53/><T60/><REACH who="0" step="1"/><D87/><REACH who="0" ten="170,350,260,200" step="2"/><N who="1" m="50423" /><E55/><V83/><F132/><W3/><G3/><T43/><D43/><U59/><E41/><V67/><F99/><W86/><G86/><T130/><D130/><U10/><E98/><V9/><F67/><W100/><G100/><T51/><AGARI ba="0,2" hai="37,40,42,45,47,51,54,58,60,80,84,91,92,95" machi="51" ten="20,8000,1" yaku="1,1,0,1,7,1,53,2" doraHai="134" doraHaiUra="39" who="0" fromWho="0" sc="170,100,350,-20,260,-40,200,-20" /><INIT seed="3,0,0,2,5,120" ten="270,330,220,180" oya="3" hai0="53,30,115,56,7,97,132,65,128,4,126,28,121" hai1="29,51,24,12,92,117,104,98,38,11,13,116,93" hai2="8,85,119,105,37,40,64,95,60,106,19,5,123" hai3="70,41,90,2,1,131,133,49,55,9,39,47,66"/><W111/><G133/><T15/><D121/><U6/><E38/><V103/><F123/><W122/><G122/><T78/><D132/><U83/><E104/><V34/><F34/><W50/><G131/><T91/><D128/><U57/><E83/><V77/><F19/><W45/><G90/><T54/><D126/><U67/><E13/><V71/><F119/><N who="1" m="45641" /><E98/><V74/><F85/><W102/><G102/><T73/><D73/><U59/><E59/><V99/><F95/><W88/><G9/><T76/><D115/><U46/><E57/><V96/><F96/><W134/><G134/><T48/><D65/><U20/><E67/><V62/><F62/><W63/><G111/><T17/><D54/><AGARI ba="0,0" hai="6,11,12,20,24,29,46,51,54,92,93" m="45641" machi="54" ten="30,1000,0" yaku="12,1" doraHai="120" who="1" fromWho="0" sc="270,-10,330,10,220,0,180,0" owari="260,6.0,340,44.0,220,-18.0,180,-32.0" /></mjloggm>