<mjloggm ver="2.3"><GO type="225" lobby="0"/><UN n0="%E3%83%AC%E3%82%A4%E3%83%88%E3%83%B3%E5%87%86%E6%95%99%E6%8E%88" n1="%E5%91%89%E5%AF%8C%E6%98%A5" n2="%E6%98%93%E5%88%A9%E8%96%A9%E4%BC%AF" n3="%E9%A6%AC%E5%BC%95%E7%81%AB%33" dan="18,16,17,16" rate="2216.92,2121.34,2129.82,2132.05" sx="M,M,F,M"/><TAIKYOKU oya="0"/><INIT seed="0,0,0,1,3,25" ten="250,250,250,250" oya="0" hai0="133,107,87,15,98,69,5,124,73,38,54,12,2" hai1="57,118,58,48,4,104,11,34,39,53,117,126,90" hai2="22,36,120,18,134,42,103,110,7,20,27,92,93" hai3="77,105,45,131,66,128,102,122,55,121,14,63,132"/><T97/><D73/><U75/><E39/><V28/><F110/><W67/><G77/><T88/><D69/><U68/><E68/><V17/><F134/><W112/><G14/><T85/><D38/><U24/><E75/><V78/><F120/><N who="3" m="46187" /><G102/><T56/><D2/><U8/><E104/><V116/><F116/><W101/><G101/><T46/><D46/><U106/><E106/><V82/><F7/><W113/><G105/><T130/><D133/><U51/><E126/><V40/><F18/><W43/><G55/><T49/><D107/><U35/><E53/><V119/><F119/><W32/><G32/><T84/><D124/><U86/><E24/><V61/><F61/><W72/><G72/><T109/><D109/><U59/><E90/><V123/><F123/><W44/><G44/><T3/><D3/><U26/><E26/><N who="2" m="16455" /><F36/><N who="3" m="21735" /><G132/><T64/><D5/><U79/><E117/><V74/><F74/><W100/><G100/><T30/><D12/><U108/><E118/><V37/><F37/><W16/><G16/><T114/><D15/><U111/><E35/><V60/><F60/><W96/><G96/><T65/><D98/><U115/><E34/><V9/><F9/><W70/><G66/><T13/><D65/><U71/><E8/><V23/><F23/><W19/><G19/><T83/><D64/><U52/><E111/><V31/><F17/><W1/><G1/><T99/><D13/><U50/><E108/><V125/><F125/><W21/><G21/><T33/><D33/><U47/><E11/><V41/><F103/><W0/><G0/><T29/><D97/><RYUUKYOKU ba="0,0" sc="250,-15,250,-15,250,15,250,15" hai2="22,27,31,40,41,42,78,82,92,93" hai3="63,67,70,112,113,128,131" /><INIT seed="1,1,0,1,3,7" ten="235,235,265,265" oya="1" hai0="17,83,27,57,101,5,13,36,18,62,72,76,49" hai1="16,132,15,106,34,65,110,66,124,126,10,105,95" hai2="84,112,8,4,61,47,31,99,50,86,127,28,63" hai3="116,30,94,134,26,21,70,68,111,91,41,53,81"/><U96/><E34/><V87/><F127/><N who="1" m="48681" /><E132/><V59/><F112/><W44/><G134/><T42/><D36/><U3/><E3/><V38/><F38/><W123/><G123/><T75/><D101/><N who="1" m="60575" /><E110/><V25/><F99/><W122/><G122/><T131/><D131/><U55/><E55/><V45/><F45/><W48/><G111/><T118/><D118/><U24/><E24/><V1/><F59/><W52/><G116/><T35/><D35/><U109/><E109/><V23/><REACH who="2" step="1"/><F31/><REACH who="2" ten="235,235,255,265" step="2"/><W77/><G70/><T97/><D57/><U128/><E128/><V82/><F82/><W78/><G68/><T133/><D83/><U108/><E108/><V51/><F51/><W64/><G64/><AGARI ba="1,1" hai="10,15,16,64,65,66,105,106" m="60575,48681" machi="64" ten="30,5800,0" yaku="18,1,52,1,54,1" doraHai="7" who="1" fromWho="3" sc="235,0,235,71,255,0,265,-61" /><INIT seed="1,2,0,1,0,87" ten="235,306,255,204" oya="1" hai0="110,132,76,57,65,24,46,39,75,117,66,119,22" hai1="99,108,118,83,68,95,74,64,45,127,41,31,58" hai2="33,103,131,79,134,116,27,85,14,90,100,124,1" hai3="88,16,12,37,78,15,20,2,13,52,60,67,111"/><U5/><E118/><V89/><F1/><W18/><G2/><T62/><D110/><U21/><E127/><V3/><F116/><W19/><G37/><T104/><D104/><U86/><E108/><V53/><F3/><W114/><G114/><T9/><D66/><U72/><E68/><V0/><F0/><W105/><G105/><T28/><D132/><U96/><E5/><V43/><F43/><W93/><G78/><T113/><D113/><U55/><E64/><V23/><F131/><W123/><G123/><T97/><D9/><U8/><E8/><V126/><F134/><W6/><G6/><T50/><D39/><U54/><E21/><V48/><F14/><N who="3" m="9239" /><G67/><T81/><REACH who="0" step="1"/><D97/><REACH who="0" ten="225,306,255,204" step="2"/><U69/><E96/><V25/><F124/><W7/><G111/><T59/><D59/><U107/><E107/><V30/><F126/><W128/><G128/><T61/><D61/><U38/><E69/><V125/><F125/><W42/><G7/><T32/><D32/><U47/><E58/><V112/><F112/><W17/><G42/><AGARI ba="2,1" hai="22,24,28,42,46,50,57,62,65,75,76,81,117,119" machi="42" ten="30,3900,0" yaku="1,1,7,1,53,1" doraHai="87" doraHaiUra="44" who="0" fromWho="3" sc="225,55,306,0,255,0,204,-45" /><INIT seed="2,0,0,0,4,41" ten="280,306,255,159" oya="2" hai0="114,20,105,58,110,126,128,30,87,14,66,63,0" hai1="10,64,101,1,127,45,92,46,2,15,130,5,74" hai2="47,37,34,131,67,117,116,84,11,118,89,57,35" hai3="32,71,93,122,38,56,59,21,85,119,86,90,129"/><V135/><F131/><W48/><G129/><T27/><D114/><U95/><E74/><V3/><F135/><W60/><G119/><T52/><D0/><U61/><E127/><V8/><F67/><W82/><G122/><T49/><D126/><U78/><E130/><V42/><F57/><W124/><G124/><T53/><D105/><U36/><E36/><V12/><F3/><W39/><G32/><T24/><D110/><U98/><E78/><V13/><F11/><W18/><G71/><T107/><D107/><U70/><E2/><V102/><F102/><W91/><G59/><T112/><D112/><U68/><E68/><V81/><REACH who="2" step="1"/><F13/><REACH who="2" ten="280,306,245,159" step="2"/><W100/><G100/><T40/><D14/><U94/><REACH who="1" step="1"/><E1/><REACH who="1" ten="280,296,245,159" step="2"/><V77/><F77/><W23/><G60/><T43/><D128/><U29/><E29/><V79/><F79/><W6/><G91/><T4/><D30/><U26/><E26/><V96/><F96/><W134/><G134/><T55/><D27/><U25/><E25/><V28/><F28/><W19/><G90/><T76/><D76/><U103/><E103/><V75/><F75/><W108/><G108/><T111/><D111/><U73/><E73/><V54/><F54/><W104/><G104/><AGARI ba="0,2" hai="5,10,15,45,46,61,64,70,92,94,95,98,101,104" machi="104" ten="40,5200,0" yaku="1,1,52,2,53,0" doraHai="41" doraHaiUra="80" who="1" fromWho="3" sc="280,0,296,72,245,0,159,-52" /><INIT seed="3,0,0,0,3,31" ten="280,368,245,107" oya="3" hai0="91,72,114,9,83,51,54,129,34,98,90,14,84" hai1="101,118,47,73,75,43,78,30,82,99,95,3,52" hai2="105,119,13,97,58,77,92,123,86,88,124,122,93" hai3="62,45,44,0,81,125,69,36,25,2,107,65,41"/><W116/><G116/><T42/><D129/><U111/><E118/><V71/><F71/><W68/><G125/><T59/><D72/><U85/><E3/><V110/><F119/><W39/><G107/><T70/><D70/><U50/><E111/><V121/><F110/><W35/><G81/><T128/><D128/><U40/><E30/><V133/><F133/><W22/><G22/><T18/><D114/><U23/><E23/><V17/><F124/><W5/><G5/><T57/><D42/><U96/><E43/><V46/><F46/><W24/><G41/><T131/><D34/><U115/><E115/><V27/><F27/><W61/><REACH who="3" step="1"/><G65/><REACH who="3" ten="280,368,245,97" step="2"/><T10/><D131/><U26/><E40/><V64/><F105/><W117/><G117/><T135/><D135/><U66/><E66/><V15/><F17/><W33/><AGARI ba="0,1" hai="0,2,24,25,33,35,36,39,44,45,61,62,68,69" machi="33" ten="25,18000,2" yaku="1,1,0,1,22,2,52,2,53,0" doraHai="31" doraHaiUra="19" who="3" fromWho="3" sc="280,-60,368,-60,245,-60,97,190" /><INIT seed="3,1,0,4,5,44" ten="220,308,185,287" oya="3" hai0="27,123,51,126,103,130,55,39,43,67,13,119,34" hai1="19,41,5,88,26,99,112,68,22,95,120,86,76" hai2="121,32,115,2,62,3,52,96,107,60,108,1,72" hai3="91,73,75,77,21,133,20,69,90,78,42,94,61"/><W4/><G133/><T7/><D119/><U10/><E120/><V35/><F115/><W93/><G42/><T87/><D123/><U46/><E112/><V83/><F121/><W30/><G61/><T135/><D135/><U9/><E68/><V102/><F62/><W40/><G40/><T18/><D103/><U124/><E124/><V92/><F108/><W8/><G8/><T97/><D97/><U111/><E111/><V47/><F107/><W31/><G4/><T15/><D130/><U17/><E17/><V14/><F14/><W125/><G69/><T37/><D67/><U63/><E63/><V57/><REACH who="2" step="1"/><F47/><REACH who="2" ten="220,308,175,287" step="2"/><W104/><G104/><T0/><D13/><U48/><E5/><V74/><F74/><W89/><G125/><T129/><D7/><U109/><E109/><V118/><F118/><W25/><G25/><T82/><D27/><U6/><E6/><V100/><F100/><W79/><G73/><T64/><D126/><U84/><E76/><AGARI ba="1,1" hai="1,2,3,32,35,52,57,60,72,76,83,92,96,102" machi="76" ten="40,8000,1" yaku="1,1,54,1,53,2" doraHai="44" doraHaiUra="29" who="2" fromWho="1" sc="220,0,308,-83,175,93,287,0" /><INIT seed="4,0,0,1,3,46" ten="220,225,268,287" oya="0" hai0="60,36,124,100,14,26,2,88,30,16,72,51,134" hai1="98,54,94,69,133,108,97,5,15,40,92,120,91" hai2="13,48,25,99,19,112,95,0,81,93,116,77,6" hai3="76,38,57,125,66,37,61,121,78,85,74,47,1"/><T39/><D2/><U75/><E108/><V49/><F112/><W118/><G118/><T101/><D72/><U42/><E120/><V68/><F68/><W50/><G1/><T80/><D39/><U103/><E75/><V129/><F0/><W96/><G74/><T111/><D36/><U22/><E69/><V58/><F129/><W132/><G121/><T55/><D111/><U123/><E123/><V27/><F6/><W122/><G122/><T35/><D60/><U43/><E133/><V83/><F58/><W73/><G73/><T4/><D4/><U106/><E106/><V56/><F95/><W109/><G109/><T117/><D134/><U113/><E113/><V104/><F56/><W107/><G132/><T89/><D117/><U24/><E54/><V79/><F104/><W105/><G105/><T110/><D110/><U59/><E59/><V3/><F3/><W20/><G107/><T12/><D12/><U17/><REACH who="1" step="1"/><E5/><REACH who="1" ten="220,215,268,287" step="2"/><V44/><F116/><W130/><G57/><T63/><D63/><U127/><E127/><V70/><F70/><W119/><G125/><T34/><D124/><U41/><N who="1" m="10240" /><DORA hai="126" /><U115/><E115/><V82/><F44/><W67/><G47/><N who="0" m="28159" /><D35/><U62/><E62/><V8/><F79/><N who="3" m="30251" /><G61/><T33/><D34/><U21/><E21/><V45/><F77/><W131/><G119/><T114/><D114/><U29/><E29/><V64/><F45/><W32/><G32/><T84/><D89/><U23/><E23/><V90/><F64/><N who="3" m="24619" /><G37/><T87/><D87/><U18/><E18/><V31/><F31/><W52/><G85/><RYUUKYOKU ba="0,1" sc="220,10,215,10,268,10,287,-30" hai0="14,16,26,30,33,80,84,88,100,101" hai1="15,17,22,24,91,92,94,97,98,103" hai2="8,13,19,25,27,48,49,81,82,83,90,93,99" /><INIT seed="4,1,1,5,5,129" ten="230,225,278,257" oya="0" hai0="130,65,124,54,36,23,0,95,44,114,111,48,49" hai1="81,66,58,20,118,135,16,128,45,88,31,22,62" hai2="117,24,98,63,94,50,4,113,96,55,99,97,122" hai3="76,69,116,110,35,87,82,75,83,2,30,29,32"/><T46/><D130/><U77/><E128/><V13/><F122/><W90/><G110/><T40/><D0/><U120/><E118/><V109/><F109/><W121/><G116/><T85/><D111/><U7/><E120/><V38/><F38/><W126/><G69/><T91/><D124/><U84/><E135/><V43/><F24/><W79/><G2/><T27/><D114/><U132/><E132/><V52/><F113/><W73/><G121/><T28/><D36/><U56/><E7/><V6/><F63/><W123/><G123/><T26/><D26/><N who="1" m="16855" /><E45/><N who="2" m="25919" /><F117/><W67/><G67/><AGARI ba="1,1" hai="23,27,28,40,44,46,48,49,54,65,67,85,91,95" machi="67" ten="40,2000,0" yaku="8,1" doraHai="129" who="0" fromWho="3" sc="230,33,225,0,278,0,257,-23" /><INIT seed="4,2,0,3,4,39" ten="263,225,278,234" oya="0" hai0="22,64,90,34,113,91,84,33,43,15,124,47,100" hai1="82,68,32,14,41,129,80,9,52,126,103,3,31" hai2="11,63,54,81,12,102,131,105,128,53,92,107,30" hai3="24,42,25,16,58,46,111,118,119,97,110,95,99"/><T17/><D113/><U89/><E3/><V70/><F30/><W79/><G79/><T62/><D124/><U83/><E68/><V104/><F81/><W133/><G133/><T132/><D100/><U125/><E129/><N who="2" m="49739" /><F70/><W7/><G7/><T13/><D13/><U36/><E103/><V45/><F63/><W77/><G77/><T38/><D132/><U40/><E89/><V66/><F66/><W60/><G95/><T87/><D87/><U49/><E31/><V127/><F45/><W88/><G46/><T50/><D91/><U35/><E36/><V44/><F44/><W8/><G88/><T76/><D76/><U57/><E32/><V55/><F127/><N who="1" m="48649" /><E35/><V2/><F2/><W6/><G111/><T65/><D38/><U71/><E71/><V123/><F123/><W94/><G110/><T74/><D34/><U116/><E116/><V51/><F51/><W75/><G119/><T115/><D33/><U106/><E106/><V37/><F37/><W72/><G94/><T56/><D115/><U135/><E135/><V78/><F78/><W29/><G118/><T73/><D65/><U85/><E85/><V1/><F1/><W18/><G75/><T108/><D108/><U112/><E112/><V27/><F92/><AGARI ba="2,0" hai="15,17,22,43,47,50,56,62,64,73,74,84,90,92" machi="92" ten="30,2900,0" yaku="7,1,52,1" doraHai="39" who="0" fromWho="2" sc="263,35,225,0,278,-35,234,0" /><INIT seed="4,3,0,1,3,121" ten="298,225,243,234" oya="0" hai0="128,94,113,133,111,18,91,56,90,2,125,99,60" hai1="0,64,7,11,102,132,4,22,14,114,42,126,43" hai2="75,105,110,6,1,71,119,100,72,52,87,53,97" hai3="55,108,8,106,26,51,12,76,84,31,122,93,103"/><T59/><D113/><U21/><E126/><V118/><F71/><W58/><G108/><T92/><D111/><U65/><E114/><V23/><F110/><W80/><G106/><T109/><D109/><U124/><E124/><V83/><F23/><N who="3" m="15839" /><G122/><T62/><D2/><U30/><E132/><V104/><F104/><W96/><G12/><T117/><D117/><N who="2" m="44554" /><F6/><N who="1" m="2089" /><E0/><V82/><F1/><W17/><G17/><T66/><D133/><U115/><E115/><V67/><F67/><N who="1" m="25673" /><E102/><V61/><F83/><W81/><G81/><T40/><D40/><N who="1" m="15403" /><E30/><V54/><F61/><N who="0" m="23658" /><D66/><U32/><E32/><V68/><F68/><W38/><G38/><T45/><D125/><U74/><E74/><V135/><F135/><W120/><G120/><T89/><D45/><U5/><AGARI ba="3,0" hai="5,11,14,21,22" m="15403,25673,2089" machi="5" ten="30,1100,0" yaku="8,1" doraHai="121" who="1" fromWho="1" sc="298,-8,225,20,243,-6,234,-6" /><INIT seed="5,0,0,4,3,29" ten="290,245,237,228" oya="1" hai0="1,47,131,79,75,65,85,12,22,28,5,133,39" hai1="119,118,48,24,64,121,97,2,60,98,25,93,88" hai2="7,122,112,132,10,106,87,26,113,67,17,130,50" hai3="101,35,14,70,8,58,0,43,123,127,54,77,72"/><U99/><E121/><V38/><F38/><W124/><G123/><T89/><D65/><U102/><E2/><V18/><F122/><W32/><G70/><T11/><D131/><U103/><E48/><V81/><F106/><W135/><G135/><T34/><D133/><U86/><E118/><V71/><F132/><W27/><G0/><T42/><D75/><U20/><E119/><V83/><F83/><N who="3" m="45479" /><G27/><T95/><D79/><U36/><E36/><V21/><F130/><W16/><G101/><T44/><D44/><U74/><E74/><V114/><F50/><N who="3" m="31063" /><G43/><T109/><D109/><U100/><REACH who="1" step="1"/><E20/><REACH who="1" ten="290,235,237,228" step="2"/><V128/><F128/><W76/><G76/><T108/><D22/><U110/><E110/><V111/><F111/><W66/><G66/><T33/><D108/><U92/><E92/><V55/><F67/><W68/><G68/><AGARI ba="0,1" hai="24,25,60,64,68,86,88,93,97,98,99,100,102,103" machi="68" ten="40,3900,0" yaku="1,1,54,1,53,0" doraHai="29" doraHaiUra="129" who="1" fromWho="3" sc="290,0,235,49,237,0,228,-39" /><INIT seed="5,1,0,0,1,81" ten="290,284,237,189" oya="1" hai0="61,43,95,132,56,68,75,1,7,52,45,71,133" hai1="60,38,27,83,8,5,19,84,91,39,96,98,49" hai2="67,94,87,69,70,41,2,127,64,30,46,120,32" hai3="115,109,72,24,103,93,130,79,44,48,86,73,101"/><U4/><E39/><V88/><F120/><W51/><G109/><T11/><D75/><U63/><E38/><V97/><F2/><W66/><G115/><T104/><D104/><U110/><E110/><V34/><F127/><W126/><G126/><T22/><D22/><N who="1" m="13791" /><E49/><V26/><F34/><W65/><G24/><T62/><D95/><N who="1" m="56447" /><E98/><V25/><F25/><W123/><G93/><T119/><D119/><U118/><E118/><V108/><F108/><W55/><G123/><T21/><D21/><U100/><E100/><V40/><F40/><W107/><G107/><T117/><D117/><U31/><E31/><V80/><F70/><W111/><G111/><T74/><D74/><U82/><E82/><V35/><F69/><W28/><G28/><T134/><D62/><N who="1" m="23595" /><E8/><V42/><F42/><W113/><G113/><T124/><D124/><U102/><E102/><V14/><F14/><W92/><G92/><T90/><D90/><AGARI ba="1,0" hai="4,5,83,84,90" m="23595,56447,13791" machi="90" ten="30,2900,0" yaku="8,1,52,1" doraHai="81" who="1" fromWho="0" sc="290,-32,284,32,237,0,189,0" owari="258,5.8,316,41.6,237,-16.3,189,-31.1" /></mjloggm>