<mjloggm ver="2.3"><GO type="225" lobby="0"/><UN n0="%E7%AB%8B%E8%8A%B1%E9%9F%BF" n1="%E6%9C%88%E5%B3%B6%E5%9F%BA" n2="%72%69%6F%75%63%68%61%6E" n3="%E6%97%A5%E6%9B%9C%E6%97%A5%E3%82%88%E3%82%8A%E3%81%AE%E4%BD%BF%E8%80%85" dan="17,18,16,17" rate="2198.79,2240.20,2139.08,2223.70" sx="F,M,M,M"/><TAIKYOKU oya="0"/><INIT seed="0,0,0,5,0,2" ten="250,250,250,250" oya="0" hai0="67,84,37,40,102,14,125,114,83,43,11,39,52" hai1="62,48,87,50,8,129,132,28,75,34,29,22,69" hai2="110,70,64,120,95,98,119,13,79,9,78,111,24" hai3="41,33,3,80,94,45,49,134,133,76,107,124,135"/><T1/><D1/><U100/><E75/><V101/><F120/><W72/><G107/><T15/><D114/><U93/><E34/><V6/><F119/><W66/><G33/><T10/><D67/><U17/><E129/><V59/><F70/><W27/><G124/><T117/><D102/><U96/><E132/><V53/><F64/><W7/><G66/><T47/><D117/><U113/><E113/><V92/><F24/><W0/><G27/><T25/><D25/><N who="1" m="14543" /><E69/><V77/><REACH who="2" step="1"/><F92/><REACH who="2" ten="250,250,240,250" step="2"/><W36/><G94/><T112/><D112/><U71/><E71/><V74/><F74/><W46/><REACH who="3" step="1"/><G7/><REACH who="3" ten="250,250,240,240" step="2"/><N who="0" m="3423" /><D125/><U104/><E93/><V19/><F19/><W35/><G35/><T44/><D39/><U32/><E32/><V58/><F58/><W105/><G105/><T57/><D37/><U116/><E116/><V108/><F108/><W85/><G85/><T131/><D131/><U30/><E87/><V65/><F65/><W12/><G12/><T5/><D44/><U126/><E126/><V55/><F55/><AGARI ba="0,2" hai="0,3,36,41,45,46,49,55,72,76,80,133,134,135" machi="55" ten="40,2600,0" yaku="1,1,20,1,53,0" doraHai="2" doraHaiUra="54" who="3" fromWho="2" sc="250,0,250,0,240,-26,240,46" /><INIT seed="1,0,0,4,5,83" ten="250,250,214,286" oya="1" hai0="7,56,35,119,41,96,126,91,61,65,130,55,89" hai1="26,98,57,97,105,121,116,71,103,33,23,123,19" hai2="64,29,54,114,110,42,127,66,63,68,75,118,27" hai3="109,108,3,81,80,2,6,102,45,4,12,84,34"/><U25/><E116/><V60/><F118/><W20/><G34/><T31/><D119/><U48/><E71/><V70/><F110/><N who="3" m="42603" /><G102/><T134/><D130/><U131/><E131/><V74/><F127/><W82/><G45/><T115/><D115/><U76/><E76/><V8/><F114/><W52/><G52/><T94/><D126/><U9/><E98/><V49/><F42/><W73/><G73/><T122/><D134/><U106/><E106/><V104/><F104/><W133/><G133/><T32/><D122/><U17/><E57/><V38/><F38/><W18/><G84/><T43/><D7/><AGARI ba="0,0" hai="2,3,4,6,7,12,18,20,80,81,82" m="42603" machi="7" ten="30,1000,0" yaku="14,1" doraHai="83" who="3" fromWho="0" sc="250,-10,250,0,214,0,286,10" /><INIT seed="2,0,0,1,4,129" ten="240,250,214,296" oya="2" hai0="51,117,112,92,58,133,6,99,42,10,13,82,57" hai1="33,5,65,23,107,85,126,128,64,119,7,84,59" hai2="37,38,24,16,4,87,118,134,93,109,40,22,105" hai3="39,98,71,67,49,46,43,60,47,96,120,30,11"/><V63/><F118/><W32/><G120/><T18/><D112/><U89/><E33/><V124/><F105/><W78/><G78/><T95/><D117/><U31/><E107/><V25/><F124/><W116/><G116/><T97/><D133/><U104/><E104/><V34/><F134/><W53/><G11/><T9/><D82/><N who="1" m="49303" /><E128/><V125/><F125/><W131/><G131/><T101/><D42/><U2/><E2/><V27/><F109/><W62/><G62/><T56/><D51/><U66/><E119/><V28/><F4/><N who="1" m="1609" /><E85/><V130/><F130/><W110/><G110/><T50/><D50/><U44/><E44/><V0/><F0/><W29/><G32/><T19/><REACH who="0" step="1"/><D10/><REACH who="0" ten="230,250,214,296" step="2"/><U108/><E108/><V79/><F40/><W8/><G8/><T114/><D114/><U113/><E113/><V26/><F63/><W127/><G127/><T73/><D73/><U111/><E111/><V94/><F37/><W55/><G39/><T1/><D1/><U14/><E126/><V69/><F38/><W61/><G61/><T77/><D77/><U12/><E59/><V135/><F135/><W91/><G43/><T100/><AGARI ba="0,1" hai="6,9,13,18,19,56,57,58,92,95,97,99,100,101" machi="100" ten="30,7900,0" yaku="1,1,0,1,9,1,8,1,53,0" doraHai="129" doraHaiUra="45" who="0" fromWho="0" sc="230,89,250,-20,214,-39,296,-20" /><INIT seed="3,0,0,2,5,101" ten="319,230,175,276" oya="3" hai0="61,93,55,24,87,19,117,84,71,96,8,44,30" hai1="89,49,135,63,5,18,73,9,51,133,72,109,25" hai2="78,52,90,46,126,116,43,31,68,69,94,39,113" hai3="21,115,99,4,6,77,53,131,104,16,92,13,120"/><W85/><G115/><T127/><D117/><U122/><E122/><V134/><F113/><W129/><G120/><T3/><D127/><U37/><E37/><V110/><F116/><W66/><G66/><T111/><D111/><U130/><E109/><V22/><F110/><W11/><G53/><T7/><D19/><U28/><E18/><V65/><F126/><W33/><G33/><T103/><D71/><U102/><E130/><N who="3" m="49674" /><G11/><T125/><D125/><U88/><E63/><V105/><F65/><W23/><G23/><T58/><D44/><U70/><E70/><V118/><F118/><W81/><G104/><T123/><D123/><U98/><E9/><V128/><F128/><W112/><G112/><T41/><D41/><U54/><E54/><V132/><F105/><W2/><G2/><T74/><D74/><U0/><E73/><V62/><F68/><W40/><G40/><T35/><AGARI ba="0,0" hai="3,7,8,24,30,35,55,58,61,84,87,93,96,103" machi="35" ten="20,1500,0" yaku="0,1,7,1" doraHai="101" who="0" fromWho="0" sc="319,15,230,-4,175,-4,276,-7" owari="334,43.4,226,-17.4,171,-32.9,269,6.9" /></mjloggm>