<mjloggm ver="2.3"><GO type="225" lobby="0"/><UN n0="%E3%81%AF%E3%82%88%E3%81%8A%E3%81%98%E3%81%95%E3%82%93" n1="%70%6F%69%73%6F%6E%30%32" n2="%E6%98%93%E5%88%A9%E8%96%A9%E4%BC%AF" n3="%E8%81%B7%E6%A5%AD%E3%80%81%E9%A2%A8%32" dan="16,16,17,16" rate="2193.23,2101.28,2211.71,2168.73" sx="M,M,F,M"/><TAIKYOKU oya="0"/><INIT seed="0,0,0,1,0,16" ten="250,250,250,250" oya="0" hai0="87,65,125,14,11,118,124,70,97,102,91,36,6" hai1="1,90,112,106,10,23,38,44,135,78,73,2,126" hai2="79,134,72,15,59,43,107,95,123,120,80,116,47" hai3="46,19,29,12,41,24,13,117,76,108,45,30,110"/><T68/><D36/><U109/><E109/><N who="3" m="42090" /><G117/><T71/><D118/><U26/><E106/><V55/><F107/><W50/><G76/><T58/><D58/><U104/><E104/><V67/><F116/><W99/><G99/><T39/><D39/><U25/><E135/><V21/><F67/><W20/><G46/><T5/><D65/><U111/><E111/><V75/><F75/><W48/><G48/><T22/><D5/><U105/><E105/><V132/><F95/><W0/><G0/><T33/><D33/><U61/><E126/><N who="0" m="48745" /><D102/><U127/><E127/><V77/><F134/><W82/><G82/><N who="0" m="49655" /><D97/><U84/><E112/><V128/><F132/><W32/><G30/><T66/><D66/><U57/><E26/><AGARI ba="0,0" hai="12,13,19,20,24,26,29,32,41,45,50" m="42090" machi="26" ten="30,2000,0" yaku="14,1,52,1" doraHai="16" who="3" fromWho="1" sc="250,0,250,-20,250,0,250,20" /><INIT seed="1,0,0,2,1,18" ten="250,230,250,270" oya="1" hai0="15,59,94,109,131,69,77,112,0,43,61,30,9" hai1="23,5,96,19,27,103,129,124,118,107,108,31,48" hai2="91,79,11,95,58,1,113,24,49,8,84,32,26" hai3="34,120,7,71,130,83,16,46,82,104,67,76,116"/><U75/><E118/><V92/><F113/><W37/><G120/><T66/><D112/><U87/><E75/><V90/><F79/><W4/><G104/><T35/><D109/><U60/><E129/><V101/><F101/><W133/><G34/><T114/><D114/><U97/><E124/><V40/><F1/><W134/><G130/><T115/><D115/><U44/><E108/><V85/><F32/><W106/><G106/><T56/><D131/><U86/><E5/><V42/><F49/><W74/><G83/><T80/><D0/><U88/><E60/><V2/><F2/><W123/><G123/><T62/><D43/><U100/><E31/><V13/><F58/><W119/><G67/><T33/><D94/><U55/><REACH who="1" step="1"/><E103/><REACH who="1" ten="250,220,250,270" step="2"/><V64/><F64/><W28/><G28/><T126/><D30/><U105/><E105/><V45/><REACH who="2" step="1"/><F13/><REACH who="2" ten="250,220,240,270" step="2"/><W6/><G116/><T102/><D15/><U29/><E29/><V81/><F81/><W20/><G119/><T54/><D102/><U111/><E111/><V12/><F12/><W93/><G82/><T25/><D80/><U63/><E63/><V51/><F51/><W122/><G122/><T68/><D66/><U47/><E47/><AGARI ba="0,2" hai="8,11,24,26,40,42,45,47,84,85,90,91,92,95" machi="47" ten="25,6400,0" yaku="1,1,22,2,8,1,53,0" doraHai="18" doraHaiUra="53" who="2" fromWho="1" sc="250,0,220,-64,240,84,270,0" /><INIT seed="2,0,0,2,0,57" ten="250,156,324,270" oya="2" hai0="63,8,118,56,42,62,37,87,7,81,92,47,66" hai1="4,67,124,26,120,95,54,52,44,130,85,27,127" hai2="68,106,11,123,128,50,34,18,10,91,15,135,6" hai3="103,39,23,61,88,0,133,101,38,96,13,134,93"/><V104/><F123/><W43/><G0/><T17/><D118/><U116/><E116/><V94/><F34/><W24/><G13/><T9/><D92/><U64/><E4/><V102/><F128/><W114/><G114/><T5/><D17/><U73/><E130/><V129/><F135/><N who="3" m="51723" /><G43/><T79/><D5/><U115/><E73/><V65/><F102/><N who="3" m="38923" /><G61/><T107/><D107/><U36/><E115/><V83/><F83/><W99/><G99/><T112/><D112/><U21/><E120/><V40/><F129/><W77/><G77/><T19/><D19/><AGARI ba="0,0" hai="19,23,24,38,39,88,93,96" m="38923,51723" machi="19" ten="30,2000,0" yaku="20,1,54,1" doraHai="57" who="3" fromWho="0" sc="250,-20,156,0,324,0,270,20" /><INIT seed="3,0,0,4,1,4" ten="230,156,324,290" oya="3" hai0="127,65,45,5,59,119,15,76,52,64,18,44,92" hai1="58,114,104,133,125,96,70,71,24,79,109,113,87" hai2="90,17,56,22,123,21,43,101,20,16,35,124,25" hai3="7,86,100,134,32,105,117,106,82,60,26,47,66"/><W55/><G117/><T129/><D119/><U68/><E109/><V85/><F101/><W84/><G134/><T98/><D127/><U73/><E133/><V83/><F123/><W40/><G7/><T39/><D129/><U2/><E125/><V67/><F35/><W34/><G55/><T41/><D76/><U72/><E87/><V95/><F43/><W91/><G86/><T23/><D5/><U29/><E58/><V112/><F112/><W50/><G100/><T80/><D80/><U28/><E2/><V42/><F42/><W36/><G36/><T37/><D37/><U122/><E122/><V38/><F38/><W62/><G62/><T77/><D77/><U8/><E79/><V88/><F17/><W111/><G111/><T63/><D45/><U107/><E96/><N who="2" m="57447" /><F124/><W46/><G46/><T57/><D59/><U110/><E110/><V3/><F3/><W53/><G40/><T19/><D19/><U115/><E24/><V54/><F67/><W135/><G135/><T97/><D98/><U103/><E103/><AGARI ba="0,0" hai="15,18,23,39,41,44,52,57,63,64,65,92,97,103" machi="103" ten="30,2000,0" yaku="7,1,54,1" doraHai="4" who="0" fromWho="1" sc="230,20,156,-20,324,0,290,0" owari="250,-15.0,136,-36.4,324,42.4,290,9.0" /></mjloggm>