<mjloggm ver="2.3"><GO type="225" lobby="0"/><UN n0="%47%59%4F" n1="%E3%82%86%E3%81%86%E3%82%8C%E3%81%84%E3%81%84%E3%81%8B" n2="%E3%81%99%E3%81%84%E3%81%BE%E3%81%9B%E3%83%BC%E3%82%93" n3="%E3%81%95%E3%81%8D%E3%81%9F%E3%81%BE%E6%9E%97%E6%AA%8E" dan="16,18,18,16" rate="2113.88,2265.21,2216.64,2136.47" sx="M,M,M,M"/><TAIKYOKU oya="0"/><INIT seed="0,0,0,4,2,25" ten="250,250,250,250" oya="0" hai0="40,127,67,30,114,118,31,43,69,45,133,10,22" hai1="99,2,125,83,129,70,29,18,88,4,128,97,63" hai2="134,14,28,6,36,27,121,115,65,108,13,132,98" hai3="11,61,78,126,24,112,106,32,117,60,93,101,110"/><T130/><D118/><U52/><E125/><V41/><F121/><W119/><G106/><T116/><D116/><U103/><E18/><V50/><F115/><W64/><G126/><T91/><D127/><U20/><E4/><V49/><F108/><W8/><G78/><T94/><D114/><U131/><E2/><V135/><F65/><W124/><G124/><T74/><D74/><U75/><E75/><V87/><F98/><W34/><G112/><T89/><D10/><U42/><E42/><V85/><F36/><W53/><G53/><T86/><D22/><U105/><E70/><V17/><F6/><W100/><G93/><T82/><D43/><U107/><E107/><V19/><F17/><W21/><G110/><T47/><D45/><U39/><E39/><V23/><F13/><W44/><G44/><T16/><D16/><U56/><E97/><V57/><F57/><W92/><G92/><T58/><D69/><U33/><E33/><V104/><F104/><W73/><G73/><T7/><D7/><U37/><E37/><V0/><F0/><W68/><G68/><T15/><D15/><U54/><E54/><V80/><F41/><W46/><G46/><T71/><D71/><U84/><E20/><N who="2" m="15463" /><F87/><W3/><G3/><T51/><D130/><U123/><E123/><V38/><F38/><W62/><G64/><T81/><D81/><N who="1" m="49167" /><E29/><V48/><F135/><W5/><G5/><T76/><D133/><U26/><E26/><V12/><F14/><W102/><G119/><T9/><D9/><N who="3" m="3657" /><G117/><T59/><D67/><U120/><E120/><V55/><F55/><RYUUKYOKU ba="0,0" sc="250,-30,250,10,250,10,250,10" hai1="52,56,63,83,99,103,105,128,129,131" hai2="12,19,23,48,49,50,80,85,132,134" hai3="21,24,32,34,60,61,62,100,101,102" /><INIT seed="1,1,0,4,5,36" ten="220,260,260,260" oya="1" hai0="81,16,64,30,82,101,54,70,111,47,112,80,85" hai1="75,18,83,3,14,15,21,25,50,104,132,40,87" hai2="117,26,134,0,98,127,78,91,76,11,32,46,33" hai3="41,97,102,57,93,89,133,95,115,68,106,109,65"/><U12/><E75/><V121/><F117/><W126/><G115/><T43/><D112/><U38/><E104/><V94/><F121/><W86/><G68/><T118/><D118/><U13/><E38/><V48/><F134/><W59/><G133/><T108/><D101/><U122/><E132/><V20/><F127/><W27/><G126/><T17/><D30/><U128/><E128/><V4/><F33/><W119/><G119/><T123/><D123/><U35/><E122/><V72/><F32/><W74/><G74/><T131/><D131/><U22/><E3/><V44/><F44/><W45/><G106/><T31/><D31/><U6/><E35/><V100/><F100/><W5/><G5/><T110/><D54/><U124/><E124/><V34/><F34/><W29/><G109/><T58/><D70/><U130/><E130/><V120/><F72/><W19/><G19/><N who="0" m="7243" /><D85/><U60/><E22/><V114/><F120/><W7/><G7/><T103/><D103/><U79/><E60/><V71/><F71/><W99/><G86/><T37/><D58/><U63/><E63/><V92/><F114/><W49/><REACH who="3" step="1"/><G65/><AGARI ba="1,0" hai="37,43,47,64,65,80,81,82,108,110,111" m="7243" machi="65" ten="40,5200,0" yaku="14,1,52,1,54,1" doraHai="36" who="0" fromWho="3" sc="220,55,260,0,260,0,260,-55" /><INIT seed="2,0,0,5,5,42" ten="275,260,260,205" oya="2" hai0="77,24,114,39,62,100,54,91,21,116,98,23,5" hai1="108,72,86,132,41,51,38,33,55,123,70,53,110" hai2="105,90,85,31,18,89,50,112,8,135,69,16,17" hai3="26,12,65,131,129,93,101,88,4,56,75,3,45"/><V52/><F112/><W128/><G75/><T63/><D116/><U59/><E72/><V96/><F135/><W27/><G3/><T81/><D39/><U61/><E33/><V15/><F69/><W120/><G120/><T133/><D133/><U66/><E132/><V107/><F31/><W34/><G101/><T28/><D5/><U9/><E9/><V22/><F107/><W48/><G34/><T92/><D114/><U46/><E123/><V76/><F105/><W14/><G56/><T36/><D36/><U124/><E124/><V6/><F96/><N who="3" m="57383" /><G65/><T127/><D127/><U82/><E53/><V58/><F22/><W20/><G4/><T83/><D77/><AGARI ba="0,0" hai="38,41,46,51,55,59,61,66,70,77,82,86,108,110" machi="77" ten="40,5200,0" yaku="24,2,52,1" doraHai="42" who="1" fromWho="0" sc="275,-52,260,52,260,0,205,0" /><INIT seed="3,0,0,5,0,88" ten="223,312,260,205" oya="3" hai0="48,35,87,33,12,28,95,119,42,49,67,108,65" hai1="77,39,60,27,83,101,115,62,135,74,36,59,92" hai2="111,124,1,31,122,104,4,26,121,97,114,89,21" hai3="38,61,73,113,2,94,64,86,102,109,58,22,93"/><W25/><G113/><T66/><D119/><U81/><E115/><V90/><F114/><W75/><G38/><T52/><D108/><U91/><E101/><N who="2" m="62511" /><F111/><W57/><G2/><T0/><D0/><U98/><E62/><V30/><F124/><W72/><G109/><T24/><D12/><U10/><E135/><V19/><F4/><W63/><G102/><T118/><D118/><U127/><E81/><V41/><F41/><W107/><G86/><T13/><D13/><U117/><E10/><V34/><F1/><W46/><G46/><T106/><D106/><U47/><E47/><V96/><F96/><W45/><G45/><T9/><D9/><U71/><E71/><V37/><F37/><W43/><G43/><T40/><D48/><U29/><E127/><V44/><F44/><W8/><G8/><T125/><D35/><U15/><E15/><N who="2" m="9471" /><F31/><W76/><G107/><T116/><D116/><U70/><E70/><V99/><F99/><W134/><G76/><T123/><D125/><U50/><E117/><V32/><F32/><W23/><G134/><T84/><D84/><U18/><E18/><V11/><F11/><W51/><G51/><T120/><D42/><U85/><E50/><V68/><F68/><W105/><G105/><T53/><D40/><U126/><E126/><V16/><F16/><N who="3" m="12487" /><G23/><T56/><D53/><N who="1" m="33903" /><E85/><V80/><F80/><W132/><G132/><T55/><D55/><U112/><E112/><V14/><F14/><W131/><G131/><T79/><D79/><U130/><E130/><V6/><F6/><W110/><G110/><T5/><D5/><RYUUKYOKU ba="0,0" sc="223,0,312,0,260,0,205,0" hai0="24,28,33,49,52,56,65,66,67,87,95,120,123" hai1="27,29,36,39,74,77,83,91,92,98" hai2="26,30,34,89,90,121,122" hai3="57,58,61,63,64,72,73,75,93,94" /><INIT seed="3,1,0,2,0,116" ten="223,312,260,205" oya="3" hai0="76,134,114,23,92,69,111,106,56,25,60,93,18" hai1="112,109,67,58,44,66,20,12,55,8,81,62,24" hai2="71,31,78,1,43,10,52,57,108,6,117,48,72" hai3="40,38,82,9,61,87,28,122,107,35,86,4,74"/><W68/><G122/><T80/><D111/><U113/><E109/><V119/><F108/><W54/><G54/><T7/><D114/><U3/><E3/><V129/><F71/><W91/><G87/><T133/><D106/><U22/><E112/><V102/><F129/><W125/><G125/><T2/><D69/><U135/><E135/><N who="0" m="51721" /><D7/><U88/><E44/><V15/><F31/><W37/><G107/><T34/><D34/><U118/><E22/><V17/><F102/><W126/><G126/><T33/><D33/><U51/><E62/><V49/><F43/><W36/><G74/><N who="0" m="43031" /><D2/><U21/><E118/><V77/><F48/><W42/><G35/><T96/><D96/><U26/><E51/><V65/><F65/><AGARI ba="1,0" hai="18,23,25,56,60,65,92,93" m="43031,51721" machi="65" ten="30,1000,0" yaku="20,1" doraHai="116" who="0" fromWho="2" sc="223,13,312,0,260,-13,205,0" owari="236,-16.4,312,41.2,247,4.7,205,-29.5" /></mjloggm>