<mjloggm ver="2.3"><GO type="225" lobby="0"/><UN n0="%E6%98%93%E5%88%A9%E8%96%A9%E4%BC%AF" n1="%E7%99%BD%E5%80%89%E5%AF%9B%E4%B9%8B" n2="%77%72%77%72%77%72%77%72" n3="%E5%A4%8F%E9%88%B4%E9%88%B4%E5%A4%8F" dan="17,16,16,16" rate="2103.84,2124.48,2158.09,2112.74" sx="F,M,M,F"/><TAIKYOKU oya="0"/><INIT seed="0,0,0,1,3,89" ten="250,250,250,250" oya="0" hai0="112,135,25,14,17,69,8,96,67,22,121,11,32" hai1="44,21,83,29,93,31,98,18,37,105,90,71,123" hai2="120,116,115,23,41,45,103,106,38,133,102,131,15" hai3="40,79,60,39,72,66,2,107,24,59,134,47,97"/><T36/><D112/><U73/><E71/><V132/><F115/><W43/><G2/><T91/><D121/><U78/><E123/><V80/><F120/><W127/><G127/><T5/><D36/><U74/><E74/><V58/><F131/><W46/><G134/><N who="2" m="51817" /><F116/><W119/><G119/><T64/><D135/><U27/><REACH who="1" step="1"/><E105/><REACH who="1" ten="250,240,250,250" step="2"/><V65/><F106/><W99/><G107/><T50/><D69/><U88/><E88/><V87/><F65/><W109/><G109/><T104/><D67/><U53/><E53/><V62/><F103/><W130/><G130/><T81/><D64/><U4/><E4/><V13/><F102/><W51/><REACH who="3" step="1"/><G24/><REACH who="3" ten="250,240,250,240" step="2"/><T30/><D104/><U28/><E28/><V70/><F70/><W77/><G77/><T124/><D25/><U76/><E76/><V12/><F41/><AGARI ba="0,2" hai="18,21,27,29,31,37,41,44,73,78,83,90,93,98" machi="41" ten="40,2600,0" yaku="1,1,52,1,53,0" doraHai="89" doraHaiUra="56" who="1" fromWho="2" sc="250,0,240,46,250,-26,240,0" /><INIT seed="1,0,0,1,1,130" ten="250,286,224,240" oya="1" hai0="132,119,80,63,37,10,60,33,128,47,122,0,87" hai1="7,35,126,61,45,22,54,32,94,31,67,124,14" hai2="73,21,77,34,117,109,113,13,88,2,123,115,101" hai3="85,8,41,23,26,44,104,91,78,20,12,58,48"/><U9/><E94/><V28/><F117/><W50/><G104/><T112/><D119/><U131/><E54/><V49/><F123/><W38/><G78/><T100/><D112/><N who="2" m="43082" /><F109/><W74/><G74/><T25/><D100/><U95/><E95/><V27/><F2/><W82/><G58/><T51/><D37/><U59/><E45/><V103/><F49/><W11/><G11/><T42/><D128/><U15/><E131/><V105/><F105/><W134/><G134/><T120/><D132/><U17/><REACH who="1" step="1"/><E31/><REACH who="1" ten="250,276,224,240" step="2"/><V66/><F66/><W99/><G99/><T116/><D116/><U108/><E108/><V125/><F125/><AGARI ba="0,1" hai="7,9,14,15,17,22,32,35,59,61,67,124,125,126" machi="125" ten="40,7700,0" yaku="1,1,18,1,53,1" doraHai="130" doraHaiUra="3" who="1" fromWho="2" sc="250,0,276,87,224,-77,240,0" /><INIT seed="1,1,0,0,1,117" ten="250,363,147,240" oya="1" hai0="14,15,73,25,130,93,96,32,87,37,52,95,122" hai1="114,134,21,56,121,12,101,110,112,29,7,1,128" hai2="18,5,127,22,40,49,119,64,51,68,2,30,27" hai3="133,131,83,19,8,82,72,116,125,74,85,10,135"/><U71/><E71/><V79/><F119/><W80/><G116/><T97/><D73/><U35/><E101/><V75/><F127/><W23/><G125/><T31/><D37/><U81/><E81/><V50/><F75/><W41/><G131/><T107/><D107/><U90/><E90/><V104/><F104/><W33/><G33/><T86/><D130/><U103/><E103/><V94/><F79/><W34/><G34/><T20/><D122/><U63/><E128/><V124/><F124/><W78/><G41/><T44/><D32/><U126/><E121/><V123/><F123/><W88/><G82/><T17/><D97/><U57/><E57/><V99/><F68/><W84/><G74/><T108/><D93/><U45/><E45/><V24/><F64/><W9/><REACH who="3" step="1"/><G72/><REACH who="3" ten="250,363,147,230" step="2"/><T69/><D108/><U102/><E110/><V67/><F40/><W0/><G0/><T66/><D69/><U89/><E126/><V105/><F2/><W11/><N who="3" m="2048" /><DORA hai="77" /><W42/><G42/><T100/><D66/><U38/><E1/><V115/><F67/><W98/><G98/><T111/><D111/><U28/><E35/><V3/><F3/><W58/><G58/><T4/><D87/><U65/><E56/><V55/><F5/><W59/><G59/><T6/><D86/><U118/><E65/><V39/><F99/><W13/><AGARI ba="1,1" hai="13,19,23,78,80,83,84,85,88,133,135" m="2048" machi="13" ten="40,12000,2" yaku="1,1,0,1,52,2,54,1,53,2" doraHai="117,77" doraHaiUra="76,109" who="3" fromWho="3" sc="250,-31,363,-61,147,-31,230,133" /><INIT seed="2,0,0,2,1,96" ten="219,302,116,363" oya="2" hai0="87,14,8,54,34,38,117,42,47,12,21,13,135" hai1="115,79,130,116,123,15,31,76,113,49,10,102,90" hai2="101,43,17,55,118,82,22,127,121,51,63,4,80" hai3="53,68,94,128,85,70,27,86,16,73,64,92,32"/><V98/><F118/><W78/><G73/><T61/><D34/><U108/><E116/><V60/><F121/><W56/><G128/><T44/><D117/><U89/><E130/><V71/><F127/><W84/><G78/><T106/><D106/><U105/><E123/><V134/><F134/><W52/><G53/><T126/><D135/><U104/><E31/><V19/><F4/><W122/><G122/><T124/><D21/><U72/><E49/><V35/><F35/><W62/><G32/><T59/><D8/><U41/><E41/><V67/><F43/><W29/><G29/><T23/><D23/><U81/><E10/><V46/><F63/><W24/><G70/><T40/><REACH who="0" step="1"/><D87/><REACH who="0" ten="209,302,116,363" step="2"/><U93/><E105/><V129/><F129/><W33/><G33/><T58/><D58/><U18/><E104/><V120/><F120/><W2/><G2/><T132/><D132/><U88/><E72/><V103/><F17/><W50/><G16/><T36/><AGARI ba="0,1" hai="12,13,14,36,38,40,42,44,47,54,59,61,124,126" machi="36" ten="30,8000,1" yaku="1,1,0,1,9,1,53,2" doraHai="96" doraHaiUra="133" who="0" fromWho="0" sc="209,90,302,-20,116,-40,363,-20" /><INIT seed="3,0,0,5,0,59" ten="299,282,76,343" oya="3" hai0="6,9,16,81,116,68,44,50,96,63,88,76,98" hai1="54,91,29,61,48,39,118,26,32,28,11,42,3" hai2="114,120,46,84,93,82,90,104,30,133,67,62,45" hai3="79,53,49,110,94,95,73,125,27,75,112,60,135"/><W131/><G112/><T106/><D116/><U35/><E118/><V4/><F114/><W47/><G125/><T18/><D106/><U102/><E102/><V85/><F133/><W12/><G135/><T74/><D68/><U115/><E115/><V122/><F104/><W111/><G27/><T78/><D63/><U24/><E39/><V7/><F30/><W64/><G12/><N who="0" m="5175" /><D74/><N who="3" m="28169" /><G79/><N who="0" m="30251" /><D98/><U38/><E38/><V1/><F1/><W89/><G89/><T80/><D80/><U101/><E101/><V132/><F132/><W100/><G100/><T109/><D109/><N who="3" m="41481" /><G131/><T19/><D96/><U69/><E91/><V52/><F93/><W70/><AGARI ba="0,0" hai="47,49,53,60,64,70,94,95" m="41481,28169" machi="70" ten="30,6000,0" yaku="14,1,10,1,52,1" doraHai="59" who="3" fromWho="3" sc="299,-20,282,-20,76,-20,343,60" owari="279,7.9,262,-13.8,56,-44.4,403,50.3" /></mjloggm>