<mjloggm ver="2.3"><GO type="225" lobby="0"/><UN n0="%E3%81%8B%E3%82%8F%E3%81%A1%E3%82%83%E3%82%93%35%38" n1="%E3%83%96%E3%83%83%E3%83%91%E3%82%AA%E3%83%96%E3%83%81%E3%82%AD%E3%83%B3" n2="%E5%91%A8%E6%9D%B1" n3="%E9%A6%AC%E5%BC%95%E7%81%AB%33" dan="16,16,16,17" rate="2116.22,2197.27,2156.00,2174.83" sx="M,M,M,M"/><TAIKYOKU oya="0"/><INIT seed="0,0,0,3,0,126" ten="250,250,250,250" oya="0" hai0="43,18,1,45,125,3,58,60,50,110,86,121,54" hai1="30,5,41,134,74,105,27,133,40,84,101,89,69" hai2="124,49,123,6,8,33,10,97,98,111,0,26,81" hai3="109,16,19,38,122,120,51,96,14,115,108,56,70"/><T55/><D121/><N who="3" m="46697" /><G115/><T117/><D117/><U113/><E69/><V36/><F36/><W34/><G70/><T20/><D125/><U102/><E74/><V85/><F124/><W79/><G38/><T71/><D110/><N who="3" m="42601" /><G34/><T28/><D28/><U35/><E113/><V67/><F111/><W24/><G79/><T112/><D112/><U83/><E5/><V59/><F123/><W17/><G96/><T127/><D127/><U76/><E76/><V12/><F33/><W13/><G24/><T61/><D86/><U114/><E114/><V32/><F26/><W48/><G56/><T47/><D61/><U129/><E105/><V64/><F32/><W94/><G94/><T128/><D71/><U82/><E82/><V73/><F73/><W57/><G57/><T92/><D92/><U91/><E91/><V42/><F98/><W52/><G52/><T37/><REACH who="0" step="1"/><D128/><REACH who="0" ten="240,250,250,250" step="2"/><U9/><E129/><V72/><F72/><W15/><AGARI ba="0,1" hai="13,14,15,16,17,19,48,51" m="42601,46697" machi="15" ten="40,8000,1" yaku="28,2,13,1,14,1,54,1" doraHai="126" who="3" fromWho="3" sc="240,-40,250,-20,250,-20,250,90" /><INIT seed="1,0,0,0,0,80" ten="200,230,230,340" oya="1" hai0="116,103,125,133,93,32,95,23,79,90,96,81,4" hai1="29,13,11,53,49,52,38,99,134,115,120,100,110" hai2="7,105,8,117,33,102,71,6,111,57,19,89,43" hai3="75,67,87,130,118,88,60,84,101,14,55,122,129"/><U9/><E115/><V44/><F111/><W12/><G122/><T31/><D125/><U104/><E120/><V128/><F117/><W48/><G75/><T1/><D133/><U66/><E134/><V132/><F71/><W94/><G101/><T82/><D32/><U72/><E110/><V58/><F132/><W127/><G127/><T42/><D116/><U28/><E38/><V92/><F33/><W107/><G107/><T73/><D42/><U30/><E72/><V68/><F68/><N who="3" m="42087" /><G84/><T51/><D51/><U135/><E135/><V10/><F128/><N who="3" m="49259" /><G118/><T34/><D34/><U97/><E66/><V77/><F102/><W25/><G25/><T124/><D124/><U56/><E99/><V78/><F105/><W106/><G106/><T27/><D82/><U59/><REACH who="1" step="1"/><E13/><REACH who="1" ten="200,220,230,340" step="2"/><V35/><F35/><W65/><G65/><T112/><D112/><U26/><E26/><V123/><F123/><W86/><G86/><T91/><D73/><U62/><AGARI ba="0,1" hai="9,11,28,29,30,49,52,53,56,59,62,97,100,104" machi="62" ten="30,6000,0" yaku="1,1,0,1,54,1,53,0" doraHai="80" doraHaiUra="108" who="1" fromWho="1" sc="200,-20,220,70,230,-20,340,-20" /><INIT seed="1,1,0,1,2,83" ten="180,290,210,320" oya="1" hai0="125,3,22,9,118,81,7,120,59,67,114,135,94" hai1="91,96,85,64,124,28,29,106,30,78,109,80,101" hai2="15,47,117,42,82,92,105,56,24,119,72,116,51" hai3="12,129,98,52,43,112,46,66,1,71,36,95,4"/><U133/><E133/><V49/><F105/><W62/><G112/><T75/><D118/><U107/><E124/><V99/><F24/><W70/><G129/><T88/><D114/><U11/><E107/><V69/><F69/><W27/><G1/><T123/><D125/><U57/><E109/><V23/><F72/><W110/><G110/><T19/><D135/><U60/><REACH who="1" step="1"/><E11/><REACH who="1" ten="180,280,210,320" step="2"/><V89/><F117/><W26/><G71/><T32/><D32/><U58/><E58/><V39/><F119/><W20/><G4/><T84/><D59/><U18/><E18/><V21/><F116/><W61/><G70/><T134/><D134/><U97/><E97/><V25/><F56/><W113/><G98/><T103/><D67/><U50/><E50/><V122/><F122/><W127/><G66/><T13/><REACH who="0" step="1"/><D103/><REACH who="0" ten="170,280,210,320" step="2"/><U111/><E111/><V35/><F35/><W10/><G127/><T45/><D45/><U73/><E73/><V86/><F23/><W126/><G46/><T130/><D130/><U0/><E0/><V63/><F47/><W77/><G20/><T16/><D16/><U48/><E48/><V14/><F51/><W79/><G126/><T38/><D38/><U121/><E121/><V44/><F39/><W2/><G36/><T33/><D33/><U8/><E8/><V132/><F132/><W131/><G10/><T108/><D108/><U37/><E37/><V100/><REACH who="2" step="1"/><F63/><REACH who="2" ten="170,280,200,320" step="2"/><W6/><G61/><T115/><D115/><U74/><E74/><V53/><F53/><W93/><G52/><T65/><D65/><U87/><E87/><V5/><F5/><RYUUKYOKU ba="1,3" sc="170,10,280,10,200,10,320,-30" hai0="3,7,9,13,19,22,75,81,84,88,94,120,123" hai1="28,29,30,57,60,64,78,80,85,91,96,101,106" hai2="14,15,21,25,42,44,49,82,86,89,92,99,100" /><INIT seed="1,2,3,5,2,68" ten="180,290,210,290" oya="1" hai0="31,79,131,124,7,23,45,16,11,84,73,10,25" hai1="47,106,30,108,123,128,37,0,17,3,107,82,94" hai2="14,60,125,8,116,65,88,67,133,78,26,52,120" hai3="40,111,55,34,89,80,122,21,1,15,58,97,51"/><U109/><E123/><V87/><F116/><W6/><G122/><T22/><D73/><U54/><E30/><V117/><F120/><W93/><G34/><T83/><D124/><U66/><E66/><V103/><F117/><W38/><G111/><N who="1" m="42570" /><E128/><V19/><F125/><W13/><G1/><N who="1" m="586" /><E94/><V75/><F133/><W50/><G38/><T56/><D131/><U71/><E71/><V90/><F103/><W24/><G80/><T48/><D56/><U119/><E119/><V95/><F90/><W100/><G100/><T36/><D7/><U9/><E82/><N who="2" m="47575" /><F75/><W72/><G72/><T113/><D36/><U96/><E96/><N who="2" m="57447" /><F26/><W92/><G92/><T62/><D62/><U91/><E91/><V64/><F64/><W76/><G76/><T104/><D113/><U53/><E107/><V69/><F69/><W118/><G118/><T70/><D70/><U32/><E32/><V135/><F135/><W63/><G40/><N who="0" m="24615" /><D104/><U29/><E106/><V99/><F99/><W20/><G20/><T35/><D35/><U121/><E121/><V41/><F41/><W115/><G115/><T126/><D126/><U27/><E37/><V85/><F85/><W33/><G33/><T86/><D86/><U81/><E81/><V114/><F114/><W134/><G134/><T129/><D129/><U28/><E27/><AGARI ba="2,3" hai="10,11,16,22,23,25,27,31,79,83,84" m="24615" machi="27" ten="30,2000,0" yaku="8,1,54,1" doraHai="68" who="0" fromWho="1" sc="180,56,290,-26,210,0,290,0" /><INIT seed="2,0,0,3,2,123" ten="236,264,210,290" oya="2" hai0="111,37,104,15,126,68,2,95,134,73,82,94,101" hai1="131,103,64,113,35,27,83,43,72,130,97,91,55" hai2="74,42,7,46,26,30,38,34,69,132,12,8,85" hai3="66,10,96,102,44,90,49,59,99,115,120,28,3"/><V17/><F132/><W93/><G120/><T86/><D2/><U133/><E113/><V6/><F74/><W0/><G115/><T58/><D68/><U106/><E133/><V121/><F121/><W24/><G10/><T65/><D37/><U52/><E43/><V57/><F69/><W39/><G39/><T109/><D134/><U89/><E64/><V14/><F14/><W51/><G51/><T13/><D126/><U77/><E35/><V23/><F34/><W36/><G36/><T122/><D122/><U63/><E27/><V19/><F7/><W125/><G125/><T60/><D104/><U114/><E114/><V41/><F41/><W53/><G59/><T128/><D73/><U5/><E5/><V11/><F11/><W98/><G66/><T84/><D84/><U32/><E32/><V40/><F40/><W100/><G3/><T25/><D25/><U76/><E76/><V80/><REACH who="2" step="1"/><F57/><REACH who="2" ten="236,264,200,290" step="2"/><W124/><G0/><T47/><D47/><U16/><E72/><V29/><F29/><W110/><G124/><T61/><D15/><U92/><E16/><V116/><F116/><W62/><G28/><T22/><D13/><U78/><E131/><V1/><F1/><W75/><G75/><T118/><D128/><U9/><E130/><V87/><F87/><W18/><G44/><T54/><D118/><U119/><E9/><V21/><F21/><W20/><G20/><T108/><D22/><U117/><E117/><V105/><F105/><W33/><G33/><T71/><D101/><U107/><E119/><V88/><AGARI ba="0,1" hai="6,8,12,17,19,23,26,30,38,42,46,80,85,88" machi="88" ten="20,7800,0" yaku="1,1,0,1,7,1,54,1,53,0" doraHai="123" doraHaiUra="112" who="2" fromWho="2" sc="236,-26,264,-26,200,88,290,-26" /><INIT seed="2,1,0,1,2,38" ten="210,238,288,264" oya="2" hai0="110,86,7,97,84,19,79,132,98,118,5,81,12" hai1="99,39,122,36,40,80,75,131,27,128,123,60,108" hai2="127,89,58,10,59,22,47,51,52,49,45,29,88" hai3="72,30,113,28,77,56,41,68,117,91,133,107,116"/><V104/><F104/><W14/><G68/><T96/><D110/><U66/><E99/><V71/><F71/><W54/><G107/><T24/><D132/><U21/><E108/><V112/><F112/><W85/><G72/><T48/><D118/><U61/><E75/><V1/><F127/><W50/><G77/><T134/><D134/><U62/><E80/><V76/><F76/><W129/><G133/><T15/><D86/><U53/><E66/><V65/><F1/><W55/><G113/><T11/><D24/><U124/><E124/><V13/><F22/><W73/><G73/><T94/><D48/><U92/><E92/><V3/><F29/><W135/><G135/><T20/><REACH who="0" step="1"/><D5/><REACH who="0" ten="200,238,288,264" step="2"/><U105/><E105/><V120/><F120/><N who="1" m="46121" /><E53/><N who="2" m="29871" /><F65/><W35/><G54/><T101/><AGARI ba="1,1" hai="7,11,12,15,19,20,79,81,84,94,96,97,98,101" machi="101" ten="20,5200,0" yaku="1,1,0,1,7,1,8,1,53,0" doraHai="38" doraHaiUra="103" who="0" fromWho="0" sc="200,65,238,-14,288,-27,264,-14" /><INIT seed="3,0,0,2,2,27" ten="265,224,261,250" oya="3" hai0="104,31,7,30,133,119,2,83,116,101,33,121,53" hai1="45,125,19,64,35,54,68,70,73,97,67,113,124" hai2="72,87,127,14,21,106,3,39,50,102,6,98,59" hai3="82,10,81,41,107,38,65,48,66,105,115,18,43"/><W71/><G115/><T103/><D33/><U28/><E73/><V37/><F72/><W40/><G38/><T94/><D121/><U46/><E113/><V117/><F117/><W61/><G65/><N who="1" m="25162" /><E19/><V57/><F127/><N who="1" m="48713" /><E97/><V25/><F3/><W9/><G48/><T17/><D17/><U89/><E89/><V23/><F87/><W92/><G92/><T52/><D2/><U13/><E13/><V11/><F23/><W108/><G108/><T20/><D94/><U118/><E118/><V36/><REACH who="2" step="1"/><F50/><REACH who="2" ten="265,224,251,250" step="2"/><W111/><G111/><T76/><D20/><U90/><E90/><V63/><F63/><W110/><G61/><T128/><D119/><U62/><E35/><V15/><F15/><W85/><G85/><T112/><D116/><U44/><E28/><AGARI ba="0,1" hai="6,11,14,21,25,28,36,37,39,57,59,98,102,106" machi="28" ten="40,5200,0" yaku="1,1,52,1,53,1" doraHai="27" doraHaiUra="100" who="2" fromWho="1" sc="265,0,224,-52,251,62,250,0" owari="265,6.5,172,-32.8,313,41.3,250,-15.0" /></mjloggm>