<mjloggm ver="2.3"><GO type="225" lobby="0"/><UN n0="%72%65%6E%6B%75%6E" n1="%E4%B8%89%E5%88%86%E5%B0%8F%E5%83%A7" n2="%E3%82%AF%E3%82%A3%E3%82%A6" n3="%E7%99%BD%E5%80%89%E5%AF%9B%E4%B9%8B" dan="17,16,16,16" rate="2222.77,2075.14,2065.16,2124.82" sx="M,M,M,M"/><TAIKYOKU oya="0"/><INIT seed="0,0,0,0,1,7" ten="250,250,250,250" oya="0" hai0="131,16,58,99,11,1,87,108,134,119,127,107,85" hai1="30,86,62,21,47,129,44,66,28,81,51,56,34" hai2="53,57,8,60,128,45,98,4,89,33,72,24,91" hai3="106,6,76,20,27,23,109,84,12,96,115,67,52"/><T75/><D75/><U117/><E117/><V42/><F128/><W111/><G115/><T77/><D119/><U124/><E124/><V22/><F72/><W25/><G67/><T135/><D127/><U123/><E123/><V92/><F33/><W90/><G76/><T40/><D131/><U54/><E34/><V132/><F132/><N who="0" m="50730" /><D40/><U31/><E129/><V133/><F133/><W100/><G23/><T126/><D126/><U36/><E36/><V73/><F73/><W32/><G32/><T88/><D77/><U13/><E13/><V102/><F45/><W130/><G130/><T94/><D108/><N who="3" m="41545" /><G52/><T18/><D58/><U114/><E114/><V49/><F42/><W95/><G20/><T5/><D87/><U15/><E15/><N who="2" m="5511" /><F60/><W3/><G3/><T113/><D113/><U120/><E120/><V71/><F71/><W82/><G106/><T55/><D55/><U80/><E80/><V63/><F63/><W79/><G79/><T78/><D107/><U68/><REACH who="1" step="1"/><E21/><REACH who="1" ten="250,240,250,250" step="2"/><V93/><F93/><W104/><G104/><T17/><D17/><AGARI ba="0,1" hai="17,22,24,49,53,57,89,91,92,98,102" m="5511" machi="17" ten="30,2000,0" yaku="8,1,52,1" doraHai="7" who="2" fromWho="0" sc="250,-20,240,0,250,30,250,0" /><INIT seed="1,0,0,0,0,98" ten="230,240,280,250" oya="1" hai0="102,132,7,68,97,81,128,4,40,55,135,99,70" hai1="89,127,22,17,75,1,13,84,10,38,23,49,119" hai2="112,51,76,45,18,80,111,60,12,0,3,35,83" hai3="9,130,56,24,53,79,92,82,33,86,106,120,91"/><U19/><E75/><V63/><F111/><W107/><G120/><T93/><D128/><U14/><E38/><V72/><F35/><W118/><G130/><T124/><D124/><U48/><E127/><V30/><F30/><W27/><G118/><T103/><D81/><U5/><REACH who="1" step="1"/><E119/><REACH who="1" ten="230,230,280,250" step="2"/><V85/><F72/><W104/><G33/><T41/><D93/><AGARI ba="0,1" hai="1,5,10,13,14,17,19,22,23,48,49,84,89,93" machi="93" ten="30,11600,0" yaku="1,1,2,1,7,1,9,1,53,0" doraHai="98" doraHaiUra="43" who="1" fromWho="0" sc="230,-116,230,126,280,0,250,0" /><INIT seed="1,1,0,3,5,128" ten="114,356,280,250" oya="1" hai0="132,117,53,83,56,80,108,90,46,126,105,87,101" hai1="42,82,104,68,10,31,29,1,94,5,93,69,109" hai2="22,118,121,70,30,125,106,2,133,7,111,64,39" hai3="107,60,72,113,71,3,34,134,17,127,15,86,73"/><U129/><E104/><V9/><RYUUKYOKU type="yao9" ba="1,0" sc="114,0,356,0,280,0,250,0" hai2="2,7,9,22,30,39,64,70,106,111,118,121,125,133" /><INIT seed="1,2,0,3,0,43" ten="114,356,280,250" oya="1" hai0="3,108,81,93,56,99,48,29,22,115,124,13,63" hai1="68,24,69,53,14,87,89,72,5,59,107,66,41" hai2="122,55,131,82,123,49,86,21,95,96,73,45,83" hai3="61,80,35,58,60,19,111,33,17,51,28,90,30"/><U130/><E72/><V116/><F116/><W57/><G51/><T102/><D3/><U36/><E107/><V100/><F131/><W44/><G80/><T71/><D108/><U65/><E130/><V135/><F135/><W132/><G90/><T38/><D38/><U76/><E76/><V121/><F73/><W78/><G78/><T15/><D124/><U85/><E24/><V32/><F32/><W67/><G67/><T27/><D115/><U125/><E125/><V88/><REACH who="2" step="1"/><F21/><REACH who="2" ten="114,356,270,250" step="2"/><W11/><G132/><T9/><D71/><U16/><E69/><V114/><F114/><W54/><G111/><T12/><D48/><U94/><E68/><V79/><F79/><W113/><G113/><T62/><D81/><AGARI ba="2,1" hai="45,49,55,81,82,83,86,88,95,96,100,121,122,123" machi="81" ten="40,5200,0" yaku="1,1,52,1,54,1,53,0" doraHai="43" doraHaiUra="120" who="2" fromWho="0" sc="114,-58,356,0,270,68,250,0" /><INIT seed="2,0,0,2,5,5" ten="56,356,338,250" oya="2" hai0="94,126,72,31,22,40,62,66,115,2,70,87,45" hai1="130,132,98,7,85,120,13,111,3,80,88,106,36" hai2="114,34,124,101,83,48,17,58,102,74,32,44,43" hai3="51,55,69,127,24,89,116,73,53,86,78,77,52"/><V97/><F114/><W42/><G69/><T56/><D87/><U25/><E3/><V12/><F124/><W81/><G127/><T133/><D94/><U134/><E111/><V50/><F74/><W104/><G104/><T109/><D22/><U110/><E110/><V57/><F83/><W71/><G71/><T125/><D31/><U90/><E36/><V118/><F118/><W21/><G116/><T92/><D92/><N who="1" m="56583" /><E106/><V60/><F50/><W107/><G107/><T63/><D72/><U122/><E130/><V4/><F4/><W26/><G73/><T49/><D2/><U82/><E82/><V28/><F28/><N who="3" m="17423" /><G26/><T59/><D109/><U35/><E35/><V41/><F41/><W19/><G19/><T37/><D115/><U33/><E33/><V100/><F97/><W8/><G8/><T108/><D108/><U27/><E7/><V121/><F34/><W113/><G113/><T112/><D112/><U64/><E13/><V1/><F32/><W96/><G96/><T91/><D91/><U75/><E75/><V46/><F46/><AGARI ba="0,0" hai="42,46,51,52,53,55,77,78,81,86,89" m="17423" machi="46" ten="30,2000,0" yaku="8,1,54,1" doraHai="5" who="3" fromWho="2" sc="56,0,356,0,338,-20,250,20" /><INIT seed="3,0,0,5,5,43" ten="56,356,318,270" oya="3" hai0="115,87,57,20,30,63,7,17,76,114,88,101,134" hai1="108,102,27,45,31,113,3,126,21,52,116,72,18" hai2="69,40,68,109,15,73,125,4,77,38,39,13,127" hai3="0,93,23,36,19,11,98,48,32,86,55,111,130"/><W28/><G36/><N who="2" m="13865" /><F109/><W95/><G111/><T12/><D134/><U5/><E113/><V124/><F40/><W83/><G130/><T71/><D71/><N who="2" m="27210" /><F4/><W25/><G98/><T47/><D114/><U75/><E108/><V60/><F60/><W89/><G0/><T70/><D70/><U118/><E102/><V112/><F112/><W80/><G11/><T14/><D115/><U22/><E126/><V64/><F64/><W65/><G95/><T46/><D101/><U51/><E5/><V79/><F73/><W132/><G65/><T110/><D30/><U24/><E3/><V1/><F1/><W74/><G74/><T8/><D76/><AGARI ba="0,0" hai="13,15,76,77,79,124,125,127" m="27210,13865" machi="76" ten="40,5200,0" yaku="28,2,18,1" doraHai="43" who="2" fromWho="0" sc="56,-52,356,0,318,52,270,0" owari="4,-49.6,356,15.6,370,47.0,270,-13.0" /></mjloggm>