<mjloggm ver="2.3"><GO type="225" lobby="0"/><UN n0="%E7%B4%94%E6%BD%94%E3%83%94%E3%83%A9%E3%83%8B%E3%82%A2" n1="%E5%8D%A0%E3%81%84%E5%B8%AB%E8%A3%8F%E3%81%AA%E3%81%84%E3%81%97" n2="%E3%83%A9%E3%82%A4%E3%83%B3%E3%81%AE%E8%99%8E" n3="%77%72%77%72%77%72%77%72" dan="17,17,16,17" rate="2181.14,2161.09,2123.70,2144.65" sx="M,M,M,M"/><TAIKYOKU oya="0"/><INIT seed="0,0,0,5,1,65" ten="250,250,250,250" oya="0" hai0="30,117,50,35,88,24,80,13,12,27,78,104,114" hai1="132,89,58,75,17,43,42,72,48,26,49,131,46" hai2="112,21,19,44,119,79,124,33,32,106,60,81,57" hai3="95,103,90,37,120,82,7,66,22,98,129,14,97"/><T85/><D114/><U38/><E131/><V77/><F112/><W128/><G37/><T108/><D117/><U16/><E132/><V3/><F106/><W94/><G120/><T74/><D104/><U55/><E89/><V0/><F119/><W133/><G133/><T63/><D108/><U83/><E26/><V113/><F124/><W68/><G82/><T96/><D96/><U23/><E83/><V18/><F44/><W11/><REACH who="3" step="1"/><G22/><REACH who="3" ten="250,250,250,240" step="2"/><T67/><D27/><U41/><E38/><V134/><F21/><W1/><G1/><T10/><D50/><U109/><E109/><V135/><F81/><W130/><G130/><T102/><D102/><U40/><REACH who="1" step="1"/><E23/><REACH who="1" ten="250,240,250,240" step="2"/><V91/><F134/><W93/><G93/><T122/><D122/><U62/><E62/><AGARI ba="0,2" hai="7,11,14,62,66,68,90,94,95,97,98,103,128,129" machi="62" ten="40,5200,0" yaku="1,1,52,1,53,1" doraHai="65" doraHaiUra="61" who="3" fromWho="1" sc="250,0,240,-52,250,0,240,72" /><INIT seed="1,0,0,4,3,57" ten="250,188,250,312" oya="1" hai0="34,97,86,89,127,92,84,23,118,54,101,11,48" hai1="27,4,56,110,6,94,102,8,26,36,18,78,43" hai2="91,59,35,126,5,24,19,108,121,65,58,133,135" hai3="120,15,14,114,116,30,72,9,16,131,49,119,103"/><U41/><E78/><V77/><F121/><W105/><G120/><T55/><D34/><U29/><E36/><V45/><F108/><W132/><G114/><T13/><D118/><N who="3" m="45097" /><G131/><T51/><D127/><U125/><E125/><V53/><F5/><N who="1" m="2153" /><E110/><V66/><F77/><W31/><G132/><T46/><D23/><N who="1" m="15583" /><E56/><V40/><F126/><W62/><G72/><T87/><D11/><U79/><E79/><V42/><F59/><W88/><G49/><T117/><D117/><U73/><E73/><V47/><F58/><W12/><G62/><T128/><D13/><N who="3" m="5225" /><G88/><T109/><D128/><U37/><E37/><V10/><F91/><W124/><G124/><T38/><D38/><U25/><E8/><V1/><F10/><W90/><G90/><T68/><D68/><U44/><E44/><V100/><F47/><W2/><G2/><T134/><D109/><U93/><E18/><V76/><F19/><W63/><G63/><T96/><D134/><U112/><E112/><V52/><F45/><W3/><G3/><T71/><D71/><U22/><E102/><V99/><F100/><W106/><G106/><T113/><D113/><U75/><E75/><V98/><F1/><W82/><G82/><T28/><D48/><U0/><E0/><V85/><F76/><W115/><G115/><T83/><D54/><U32/><E32/><V67/><F35/><W20/><G9/><T69/><D69/><U61/><E61/><V64/><F64/><W70/><G70/><T7/><D7/><U50/><E50/><V81/><F133/><W74/><G74/><T33/><D97/><AGARI ba="0,0" hai="15,16,20,30,31,97,103,105" m="5225,45097" machi="97" ten="30,3900,0" yaku="6,1,12,1,54,1" doraHai="57" who="3" fromWho="0" sc="250,-39,188,0,250,0,312,39" /><INIT seed="2,0,0,0,1,101" ten="211,188,250,351" oya="2" hai0="66,58,14,12,77,99,34,47,26,71,106,87,51" hai1="46,29,70,92,81,114,45,53,15,32,0,62,67" hai2="117,56,97,119,113,93,61,59,49,82,112,38,24" hai3="39,41,4,84,118,17,9,94,28,128,44,88,124"/><V1/><F38/><W123/><G118/><T91/><D77/><U133/><E0/><V135/><F1/><W63/><G123/><T21/><D34/><U115/><E133/><V129/><F135/><W23/><G128/><T90/><D71/><U27/><E81/><V98/><F82/><W10/><G124/><T78/><D78/><U20/><E92/><V3/><F3/><W103/><G28/><T116/><D116/><U83/><E53/><V7/><F7/><W65/><G103/><T126/><D126/><U107/><E83/><V134/><F134/><W30/><G30/><T18/><D106/><U52/><E107/><V125/><F125/><W130/><G130/><T86/><D99/><U74/><E74/><V120/><F49/><W75/><G4/><T110/><D110/><U48/><REACH who="1" step="1"/><E45/><REACH who="1" ten="211,178,250,351" step="2"/><V35/><F93/><W64/><G75/><T37/><D47/><U42/><E42/><V19/><F117/><W16/><G44/><T131/><D131/><U6/><E6/><V108/><F129/><W80/><G41/><T60/><D51/><U89/><E89/><N who="0" m="33801" /><D37/><U96/><E96/><V36/><F98/><W43/><G43/><T11/><D14/><U95/><E95/><V8/><F97/><W40/><G40/><T69/><D87/><U100/><E100/><V55/><F36/><W109/><G39/><T85/><D86/><U132/><E132/><V54/><F119/><W79/><G94/><T33/><D85/><U68/><E68/><V72/><F72/><W76/><G76/><T13/><D69/><U31/><E31/><V121/><F121/><RYUUKYOKU ba="0,1" sc="211,-10,178,30,250,-10,351,-10" hai1="15,20,27,29,32,46,48,52,62,67,70,114,115" /><INIT seed="3,1,1,1,4,109" ten="201,208,240,341" oya="3" hai0="79,53,59,116,16,122,124,57,85,34,68,64,100" hai1="77,96,61,95,27,105,126,30,46,102,36,118,111" hai2="1,35,24,4,21,22,5,127,74,104,128,33,92" hai3="55,7,101,69,99,26,133,66,6,18,13,47,83"/><W75/><G133/><T54/><D34/><N who="1" m="20831" /><E111/><V98/><F104/><W107/><G26/><T43/><D122/><U114/><E95/><V67/><F74/><W15/><G15/><T117/><D43/><N who="1" m="22887" /><E126/><V123/><F128/><W121/><G121/><T120/><D124/><U65/><E77/><V28/><F127/><W80/><G66/><T110/><D120/><U70/><E114/><V60/><F123/><W9/><G69/><T89/><D110/><U58/><E58/><N who="0" m="22025" /><D79/><U14/><E14/><V62/><F22/><W45/><G45/><T135/><D100/><U125/><E125/><V25/><F1/><W81/><G75/><T119/><D135/><U41/><E41/><V31/><F21/><W17/><G17/><T130/><D16/><U97/><E97/><V106/><F60/><W84/><G84/><T50/><D130/><U134/><E134/><V132/><F132/><W37/><G55/><N who="0" m="21003" /><D50/><U72/><E72/><V94/><F4/><W48/><G37/><T129/><D129/><U87/><E87/><V86/><F86/><W63/><G48/><T131/><D131/><U39/><E39/><V112/><F5/><W108/><G6/><T3/><D3/><U103/><E103/><N who="2" m="62839" /><F112/><W44/><G7/><T10/><D10/><U71/><E71/><AGARI ba="1,1" hai="24,25,28,31,33,35,62,67,71,92,94" m="62839" machi="71" ten="30,1000,0" yaku="25,1" doraHai="109" who="2" fromWho="1" sc="201,0,208,-13,240,23,341,0" owari="201,-19.9,195,-30.5,263,6.3,341,44.1" /></mjloggm>