<mjloggm ver="2.3"><GO type="225" lobby="0"/><UN n0="%E3%83%B4%E3%82%A3%E3%83%AF%E3%82%B3%E3%82%B0%E3%83%8B" n1="%E3%82%A2%E3%83%9E%E3%83%9D%EF%BD%9E%EF%BD%9E%E3%83%A9" n2="%E6%80%AA%E3%81%97%E3%81%99%E3%81%8E%E3%82%8B%E3%83%81%E3%83%BC" n3="%E3%81%95%E3%81%8D%E3%81%9F%E3%81%BE%E6%9E%97%E6%AA%8E" dan="17,17,16,16" rate="2241.60,2079.98,2062.06,2104.49" sx="M,M,M,M"/><TAIKYOKU oya="0"/><INIT seed="0,0,0,3,0,24" ten="250,250,250,250" oya="0" hai0="12,25,77,96,131,59,29,85,134,60,38,71,127" hai1="118,68,83,5,15,47,49,55,17,89,78,69,37" hai2="22,35,110,90,32,36,126,16,8,70,18,125,108" hai3="135,23,61,45,27,4,105,128,51,79,112,103,115"/><T64/><D134/><U41/><E118/><V26/><F36/><W67/><G135/><T74/><D131/><U46/><E5/><V87/><F70/><W2/><G128/><T20/><D127/><N who="2" m="48650" /><F8/><W39/><G39/><T119/><D119/><U107/><E107/><V117/><F117/><W9/><G79/><T92/><D38/><U84/><REACH who="1" step="1"/><E78/><REACH who="1" ten="250,240,250,250" step="2"/><V130/><F130/><W3/><G105/><T104/><D104/><U19/><E19/><V111/><F18/><W43/><G115/><T106/><D106/><U11/><AGARI ba="0,1" hai="11,15,17,37,41,46,47,49,55,68,69,83,84,89" machi="11" ten="20,8000,1" yaku="1,1,0,1,7,1,25,2,53,0" doraHai="24" doraHaiUra="116" who="1" fromWho="1" sc="250,-40,240,90,250,-20,250,-20" /><INIT seed="1,0,0,4,4,93" ten="210,330,230,230" oya="1" hai0="122,16,90,70,2,126,13,105,58,31,132,29,25" hai1="64,107,34,15,76,3,5,99,121,69,43,52,118" hai2="26,117,86,101,62,49,1,19,23,100,41,94,47" hai3="61,71,106,96,66,79,85,56,46,51,77,60,20"/><U65/><E118/><V12/><F1/><W28/><G28/><T72/><D70/><U40/><E3/><V98/><F117/><W35/><G35/><T10/><D105/><U88/><E34/><V42/><F42/><N who="1" m="15913" /><E107/><V108/><F108/><W33/><G33/><T124/><D72/><U48/><E76/><V95/><F26/><W114/><G114/><T7/><D90/><U22/><E69/><V6/><F6/><W75/><G75/><T38/><D38/><U27/><E15/><V81/><F62/><W68/><G20/><N who="0" m="13447" /><D58/><N who="1" m="33031" /><E5/><V119/><F119/><W120/><G120/><T67/><D67/><U9/><E9/><V111/><F111/><W63/><G71/><T74/><D74/><U18/><E121/><V11/><F11/><W8/><G106/><T104/><D104/><U21/><E21/><V14/><F14/><W30/><G8/><N who="0" m="2167" /><D122/><U131/><E131/><V59/><F12/><W130/><G130/><T116/><D116/><U92/><AGARI ba="0,0" hai="18,22,27,64,65,88,92,99" m="33031,15913" machi="92" ten="30,11700,0" yaku="8,1,52,1,54,2" doraHai="93" who="1" fromWho="1" sc="210,-39,330,117,230,-39,230,-39" /><INIT seed="1,1,0,2,2,14" ten="171,447,191,191" oya="1" hai0="89,30,55,32,87,101,78,62,134,112,81,12,79" hai1="96,40,132,15,75,34,106,57,11,65,86,131,67" hai2="104,36,64,82,21,23,74,113,45,129,54,94,68" hai3="24,25,92,0,133,114,102,73,42,109,100,115,128"/><U56/><E75/><V84/><F104/><W8/><G73/><T108/><D134/><U117/><E34/><V88/><F129/><W9/><G133/><T7/><D112/><U10/><E40/><V124/><F113/><W35/><G42/><T47/><D108/><U59/><E117/><V27/><F124/><W105/><G109/><T33/><D101/><U41/><E41/><V52/><F36/><W22/><G92/><T28/><D32/><U91/><E96/><V97/><F74/><W13/><G35/><T37/><D37/><U26/><E106/><V17/><F45/><W85/><G13/><T31/><D33/><U66/><E26/><N who="2" m="14639" /><F64/><W98/><G105/><T135/><D135/><U90/><E131/><V6/><F6/><W58/><G128/><T60/><D47/><U116/><E116/><V43/><F68/><W122/><G122/><T61/><REACH who="0" step="1"/><D55/><REACH who="0" ten="161,447,191,191" step="2"/><U123/><E132/><V2/><F43/><W83/><G115/><T49/><D49/><U80/><E123/><V119/><F119/><W44/><G114/><T110/><D110/><U70/><E56/><V38/><F38/><W29/><G58/><T130/><D130/><U20/><E59/><V99/><F2/><W121/><G44/><T77/><D77/><U72/><E57/><V5/><F5/><W48/><G0/><T4/><D4/><U126/><E70/><V127/><F127/><W69/><G121/><T125/><D125/><U51/><E126/><V3/><F3/><W118/><G69/><T111/><D111/><U63/><E51/><V120/><F120/><W53/><G118/><RYUUKYOKU ba="1,1" sc="161,30,447,-10,191,-10,191,-10" hai0="7,12,28,30,31,60,61,62,78,79,81,87,89" /><INIT seed="2,2,1,0,2,79" ten="191,437,181,181" oya="2" hai0="132,34,21,108,0,23,41,29,97,57,65,31,96" hai1="10,129,66,12,36,106,122,75,56,111,82,42,62" hai2="134,15,72,133,90,112,124,86,2,105,109,53,24" hai3="113,100,99,71,76,89,110,3,101,54,58,44,83"/><V22/><F2/><W98/><G71/><T80/><D0/><U1/><E106/><V32/><F112/><W43/><G3/><T74/><D108/><U78/><E129/><V19/><F72/><W20/><G110/><T119/><D34/><U49/><E111/><V94/><F109/><W48/><G113/><T123/><D123/><U38/><E1/><V52/><F105/><W104/><G20/><N who="0" m="7755" /><D74/><U7/><E122/><V28/><REACH who="2" step="1"/><F124/><REACH who="2" ten="191,437,171,181" step="2"/><W115/><G115/><T16/><D119/><U70/><E75/><V11/><F11/><W85/><G104/><T131/><D131/><U63/><E10/><V77/><F77/><W26/><G76/><T13/><D132/><AGARI ba="2,2" hai="15,19,22,24,28,32,52,53,86,90,94,132,133,134" machi="132" ten="40,12000,1" yaku="1,1,20,1,54,1,53,1" doraHai="79" doraHaiUra="88" who="2" fromWho="0" sc="191,-126,437,0,171,146,181,0" /><INIT seed="2,3,0,0,0,22" ten="65,437,317,181" oya="2" hai0="8,33,93,126,135,90,128,100,92,85,125,30,43" hai1="81,50,122,58,62,127,69,134,23,117,34,0,97" hai2="115,59,6,32,1,104,67,65,57,79,27,60,55" hai3="114,87,21,7,53,98,86,19,110,15,123,130,16"/><V120/><F120/><W52/><G110/><T72/><D43/><U109/><E34/><V74/><F115/><W13/><G123/><T3/><D3/><U111/><E117/><V108/><F104/><W47/><G114/><T39/><D39/><U129/><E127/><N who="0" m="48649" /><D8/><U37/><E129/><V132/><F132/><W83/><G130/><T66/><D66/><U71/><E37/><V116/><F116/><W94/><G7/><T38/><D38/><U61/><E0/><V40/><F40/><W112/><G112/><T88/><D128/><U45/><E97/><V24/><F79/><W99/><G99/><N who="0" m="59503" /><D30/><U31/><E31/><V25/><F74/><W91/><G47/><T14/><D14/><U105/><E23/><V113/><F113/><W64/><G64/><T49/><D49/><U51/><E122/><V42/><F42/><W131/><G131/><T118/><D33/><U124/><E51/><V68/><F108/><W54/><REACH who="3" step="1"/><G83/><REACH who="3" ten="65,437,317,171" step="2"/><N who="0" m="49215" /><D135/><U17/><E134/><V44/><F67/><W4/><G4/><T10/><D10/><AGARI ba="3,1" hai="10,13,15,16,19,21,52,53,54,86,87,91,94,98" machi="10" ten="40,8000,1" yaku="1,1,8,1,54,2,53,0" doraHai="22" doraHaiUra="78" who="3" fromWho="0" sc="65,-89,437,0,317,0,171,99" owari="-24,-52.4,437,53.7,317,11.7,270,-13.0" /></mjloggm>