<mjloggm ver="2.3"><GO type="225" lobby="0"/><UN n0="%E3%83%96%E3%83%83%E3%83%91%E3%82%AA%E3%83%96%E3%83%81%E3%82%AD%E3%83%B3" n1="%E6%98%93%E5%88%A9%E8%96%A9%E4%BC%AF" n2="%E3%82%AF%E3%82%A3%E3%82%A6" n3="%E5%8C%97%E6%AC%A7%E3%81%AE%E3%82%82%E3%81%93%E3%81%86" dan="16,17,16,16" rate="2128.45,2129.55,2090.42,2118.13" sx="M,F,M,M"/><TAIKYOKU oya="0"/><INIT seed="0,0,0,5,2,48" ten="250,250,250,250" oya="0" hai0="79,62,90,20,40,99,13,29,96,30,128,74,112" hai1="78,104,50,127,25,106,108,4,7,12,134,80,114" hai2="57,122,133,24,70,5,95,28,39,105,93,119,8" hai3="81,123,52,85,51,92,67,56,83,110,53,132,43"/><T116/><D112/><U33/><E108/><V3/><F105/><W117/><G117/><T135/><D116/><U71/><E71/><V68/><F119/><W54/><G110/><T21/><D128/><U124/><E134/><V75/><F122/><W113/><G113/><T86/><D135/><U35/><E114/><V46/><F133/><W103/><G132/><T16/><D74/><U65/><E65/><V64/><F46/><N who="3" m="26079" /><G123/><T109/><D79/><U91/><E91/><V11/><F39/><W88/><G103/><T14/><D40/><U87/><E25/><V37/><F37/><W26/><G26/><N who="0" m="16591" /><D109/><U22/><E22/><V34/><F11/><W69/><G69/><T38/><D38/><U76/><E12/><V89/><F75/><W61/><AGARI ba="0,0" hai="52,53,54,56,61,67,81,83,85,88,92" m="26079" machi="61" ten="30,12000,2" yaku="8,1,52,3,54,2" doraHai="48" who="3" fromWho="3" sc="250,-60,250,-30,250,-30,250,120" /><INIT seed="1,0,0,4,1,82" ten="190,220,220,370" oya="1" hai0="76,94,101,41,112,100,83,105,50,132,60,116,84" hai1="61,2,31,3,81,118,114,113,95,34,75,119,97" hai2="30,93,29,74,43,8,103,70,46,20,7,73,59" hai3="4,38,33,22,117,111,131,55,28,89,48,42,67"/><U102/><E61/><V125/><F70/><W135/><G33/><T13/><D112/><U47/><E47/><V86/><F125/><W52/><G4/><T16/><D116/><U51/><E51/><V128/><F128/><W72/><G72/><T14/><D132/><U62/><E119/><V11/><F59/><W121/><G121/><T56/><D105/><U69/><E118/><V98/><F11/><W58/><G131/><T108/><D94/><U77/><E114/><V36/><F20/><W10/><G10/><N who="0" m="6199" /><D108/><U109/><E109/><V65/><F65/><W104/><G55/><N who="0" m="33823" /><D14/><U17/><E17/><V127/><F127/><W63/><G104/><T44/><AGARI ba="0,0" hai="41,44,50,76,83,84,100,101" m="33823,6199" machi="44" ten="30,4000,0" yaku="8,1,52,1,54,1" doraHai="82" who="0" fromWho="0" sc="190,40,220,-20,220,-10,370,-10" /><INIT seed="2,0,0,3,3,122" ten="230,200,210,360" oya="2" hai0="91,133,128,94,114,80,42,34,130,116,108,41,77" hai1="83,104,123,6,5,18,66,39,61,37,29,111,53" hai2="126,112,38,127,82,28,85,56,9,103,27,22,121" hai3="124,70,117,132,79,135,102,21,40,119,31,23,33"/><V67/><F112/><W52/><G70/><T87/><D114/><U57/><E104/><V4/><F38/><W26/><G40/><T58/><D34/><U30/><E123/><V90/><F121/><W134/><G102/><T96/><D133/><U88/><E39/><V43/><F43/><W65/><G65/><T17/><D108/><U2/><E37/><V98/><F67/><W131/><G79/><T86/><D116/><N who="3" m="44617" /><G131/><N who="0" m="50219" /><D17/><U48/><E111/><V24/><F24/><W120/><G120/><T46/><D58/><N who="1" m="33063" /><E18/><V11/><F56/><W105/><G105/><T15/><D15/><U12/><E2/><V69/><F69/><W74/><G74/><N who="0" m="43063" /><D41/><U129/><E129/><V99/><F99/><W20/><G52/><T10/><D10/><N who="1" m="4175" /><E6/><V3/><REACH who="2" step="1"/><F9/><REACH who="2" ten="230,200,200,360" step="2"/><W44/><G44/><T73/><D73/><U64/><E66/><V71/><F71/><W32/><G134/><T60/><D46/><U36/><E36/><V16/><F16/><W54/><G135/><T113/><D113/><U84/><AGARI ba="0,1" hai="29,30,57,61,64,83,84,88" m="4175,33063" machi="84" ten="30,2000,0" yaku="8,1,54,1" doraHai="122" who="1" fromWho="1" sc="230,-5,200,30,200,-10,360,-5" /><INIT seed="3,0,0,2,3,115" ten="225,230,190,355" oya="3" hai0="111,108,1,96,103,99,104,107,5,105,120,78,81" hai1="70,85,22,129,79,125,15,68,87,57,117,4,40" hai2="33,75,35,20,114,76,102,106,94,132,10,74,98" hai3="119,116,63,41,44,83,95,39,128,46,113,65,77"/><W28/><G113/><T19/><D19/><U86/><E129/><V26/><F114/><W67/><G28/><T11/><D120/><U24/><E125/><V37/><F132/><W9/><G65/><T50/><D50/><U126/><E126/><V124/><F124/><W66/><G66/><T134/><D134/><U52/><E40/><V100/><F37/><W71/><G128/><T21/><D21/><U133/><E117/><V17/><F10/><W0/><G95/><T61/><D61/><U109/><E109/><N who="0" m="42057" /><D99/><U47/><E47/><V51/><F51/><W25/><G25/><T69/><D69/><U131/><E131/><V59/><F102/><W27/><G27/><T93/><D107/><U62/><E133/><V97/><F76/><W23/><G23/><T16/><D16/><N who="1" m="12359" /><E70/><V49/><F97/><W3/><G46/><T112/><D112/><U60/><E68/><V73/><REACH who="2" step="1"/><F106/><REACH who="2" ten="225,230,180,355" step="2"/><W118/><G9/><T2/><D2/><U90/><E79/><V54/><AGARI ba="0,1" hai="17,20,26,33,35,49,54,59,73,74,75,94,98,100" machi="54" ten="40,8000,1" yaku="1,1,2,1,0,1,53,2" doraHai="115" doraHaiUra="29" who="2" fromWho="2" sc="225,-20,230,-20,180,90,355,-40" owari="205,-29.5,210,-19.0,270,7.0,315,41.5" /></mjloggm>