<mjloggm ver="2.3"><GO type="225" lobby="0"/><UN n0="%E3%83%A9%E3%82%B9%E7%8E%87%EF%BC%93%E5%89%B2" n1="%72%69%6F%75%63%68%61%6E" n2="%E6%98%93%E5%88%A9%E8%96%A9%E4%BC%AF" n3="%6C%65%74%69%74%62%65" dan="16,16,17,16" rate="2186.94,2126.31,2190.20,2082.53" sx="F,M,F,M"/><TAIKYOKU oya="0"/><INIT seed="0,0,0,5,5,101" ten="250,250,250,250" oya="0" hai0="96,80,15,72,67,100,75,81,45,42,84,62,71" hai1="85,54,47,8,117,109,79,48,77,98,128,132,51" hai2="26,44,23,36,37,58,41,2,57,61,46,28,5" hai3="111,14,134,22,60,68,74,20,64,29,130,56,131"/><T52/><D15/><U87/><E109/><V83/><F2/><W19/><G111/><T120/><D120/><U55/><E128/><N who="3" m="49194" /><G74/><T123/><D123/><U0/><E132/><V65/><F5/><W30/><G134/><T43/><D81/><U116/><E98/><V126/><F126/><W7/><G7/><T9/><D9/><U49/><E8/><V97/><F83/><W13/><G68/><T12/><D12/><U25/><E25/><V70/><REACH who="2" step="1"/><F97/><REACH who="2" ten="250,250,240,250" step="2"/><W27/><G13/><T31/><D80/><U32/><E0/><V82/><F82/><W102/><G102/><T17/><D84/><U50/><E87/><V104/><F104/><W115/><G115/><T11/><D75/><U78/><E85/><V40/><AGARI ba="0,1" hai="23,26,28,36,37,40,41,44,46,57,58,61,65,70" machi="40" ten="30,4000,0" yaku="1,1,0,1,9,1,53,0" doraHai="101" doraHaiUra="135" who="2" fromWho="2" sc="250,-20,250,-10,240,50,250,-10" /><INIT seed="1,0,0,3,4,110" ten="230,240,290,240" oya="1" hai0="97,83,134,112,12,124,35,98,22,38,87,96,51" hai1="3,6,65,74,132,25,99,33,5,66,31,54,15" hai2="111,62,88,42,58,69,64,36,45,19,4,17,16" hai3="120,79,108,39,9,105,34,18,127,2,133,109,57"/><U95/><E132/><V78/><F111/><N who="3" m="42571" /><G120/><T26/><D38/><U128/><E128/><V82/><F4/><N who="3" m="1175" /><G105/><T47/><D35/><U116/><E116/><V90/><REACH who="2" step="1"/><F69/><REACH who="2" ten="230,240,280,240" step="2"/><W76/><G133/><T72/><D134/><U93/><E5/><V122/><F122/><W53/><G127/><T8/><D124/><U75/><E3/><V49/><F49/><W67/><G39/><T104/><D104/><U102/><E6/><V126/><F126/><W77/><G34/><T63/><D63/><U7/><E7/><V50/><F50/><N who="3" m="30903" /><G67/><T92/><D51/><U13/><E65/><V115/><F115/><W123/><G123/><T41/><D112/><U86/><E66/><V70/><F70/><W73/><G73/><AGARI ba="0,1" hai="16,17,19,36,42,45,58,62,64,73,78,82,88,90" machi="73" ten="40,5200,0" yaku="1,1,54,2,53,0" doraHai="110" doraHaiUra="44" who="2" fromWho="3" sc="230,0,240,0,280,62,240,-52" /><INIT seed="2,0,0,5,5,15" ten="230,240,342,188" oya="2" hai0="24,135,119,52,9,38,118,61,108,58,109,25,59" hai1="30,50,54,68,55,33,104,131,8,89,76,34,74" hai2="128,29,133,47,64,120,11,6,53,18,111,90,95" hai3="46,0,63,56,72,81,70,2,40,113,88,99,132"/><V114/><F120/><W134/><G70/><T41/><D9/><U71/><E104/><V75/><F114/><W103/><G113/><T77/><D77/><U66/><E131/><V65/><F75/><W80/><G81/><T43/><D135/><N who="3" m="51753" /><G72/><T107/><D107/><U45/><E30/><V112/><F29/><W100/><G0/><T106/><D106/><U129/><E129/><V86/><F112/><W125/><G2/><T26/><D59/><U94/><E54/><V31/><F31/><W82/><G82/><T79/><D79/><U123/><E123/><V7/><F111/><N who="0" m="42570" /><D38/><U17/><E66/><V36/><F128/><W5/><G5/><N who="2" m="1545" /><F36/><N who="3" m="21767" /><G125/><T12/><D12/><N who="1" m="7303" /><E68/><V13/><F133/><W130/><G130/><T1/><D1/><U121/><E71/><V39/><F39/><W22/><G22/><T97/><D97/><U122/><E33/><V57/><F47/><W124/><G124/><T19/><D19/><U85/><E34/><V51/><AGARI ba="0,0" hai="11,13,18,51,53,57,64,65,86,90,95" m="1545" machi="51" ten="30,3000,0" yaku="8,1,52,1" doraHai="15" who="2" fromWho="2" sc="230,-10,240,-10,342,30,188,-10" /><INIT seed="2,1,0,2,5,43" ten="220,230,372,178" oya="2" hai0="118,100,115,31,28,82,77,125,55,116,103,114,13" hai1="76,105,2,14,95,111,123,92,58,117,20,27,113" hai2="104,51,74,54,107,67,46,94,52,78,53,25,84" hai3="0,66,108,90,17,39,126,38,1,11,44,32,3"/><V110/><F74/><W29/><G108/><T122/><D13/><U112/><E117/><N who="0" m="45161" /><D55/><U18/><E105/><V5/><F110/><W119/><G119/><T10/><D10/><U9/><E111/><V91/><F78/><W98/><G66/><T124/><D31/><U132/><E132/><V79/><F79/><W57/><G57/><T40/><D40/><U33/><E123/><V4/><F107/><W34/><G126/><N who="0" m="48747" /><D28/><N who="1" m="19615" /><E76/><V6/><F104/><W93/><G29/><T120/><D82/><U87/><E58/><V72/><F67/><W106/><G106/><T41/><D41/><U21/><E21/><V83/><F25/><W12/><REACH who="3" step="1"/><G44/><REACH who="3" ten="220,230,372,168" step="2"/><T30/><D30/><U49/><E113/><N who="0" m="43017" /><D77/><U88/><E112/><V63/><F46/><W37/><AGARI ba="1,1" hai="0,1,3,11,12,17,32,34,37,38,39,90,93,98" machi="37" ten="40,2700,0" yaku="1,1,0,1,53,0" doraHai="43" doraHaiUra="101" who="3" fromWho="3" sc="220,-8,230,-8,372,-14,168,40" /><INIT seed="3,0,0,4,1,52" ten="212,222,358,208" oya="3" hai0="102,16,51,118,29,112,85,80,81,57,0,28,33" hai1="35,88,45,90,39,11,5,105,13,93,2,23,67" hai2="72,106,128,42,55,19,70,46,132,110,82,108,69" hai3="7,6,96,9,122,17,114,34,116,91,44,135,63"/><W120/><G34/><T24/><D0/><U37/><E105/><V31/><F55/><W53/><G114/><T78/><D118/><U73/><E73/><V68/><F132/><W8/><G116/><T20/><D112/><U127/><E127/><V86/><F128/><W38/><G135/><T10/><D102/><U101/><E35/><V89/><F106/><W115/><G115/><T59/><D51/><U4/><E67/><V27/><F19/><W83/><G120/><T54/><D54/><U79/><E79/><V41/><F72/><W25/><G122/><T126/><D126/><U14/><E45/><V75/><F75/><W84/><G96/><T21/><D81/><U49/><E49/><V125/><F125/><W64/><G38/><T98/><D98/><N who="1" m="59599" /><E39/><V109/><F46/><W66/><G44/><T32/><D32/><AGARI ba="0,0" hai="27,31,32,41,42,68,69,70,82,86,89,108,109,110" machi="32" ten="50,1600,0" yaku="14,1" doraHai="52" who="2" fromWho="0" sc="212,-16,222,0,358,16,208,0" owari="196,-30.4,222,2.2,374,47.4,208,-19.2" /></mjloggm>