<mjloggm ver="2.3"><GO type="225" lobby="0"/><UN n0="%E3%83%96%E3%83%83%E3%83%91%E3%82%AA%E3%83%96%E3%83%81%E3%82%AD%E3%83%B3" n1="%E3%83%B4%E3%83%A0%EF%BC%99%E3%81%A6" n2="%77%72%77%72%77%72%77%72" n3="%45%6C%79%73%69%75%6D" dan="16,16,17,16" rate="2222.69,2173.70,2148.41,2126.73" sx="M,M,M,M"/><TAIKYOKU oya="0"/><INIT seed="0,0,0,2,2,70" ten="250,250,250,250" oya="0" hai0="7,47,3,123,17,42,87,79,53,110,75,90,28" hai1="101,43,55,8,99,132,64,41,60,5,125,94,124" hai2="38,74,35,11,25,130,67,77,62,48,32,102,88" hai3="56,18,86,4,103,96,63,114,84,39,13,105,59"/><T128/><D123/><U107/><E132/><V6/><F130/><W80/><G114/><T1/><D128/><U104/><E55/><V95/><F102/><W98/><G98/><T40/><D28/><U133/><E133/><V29/><F38/><W2/><G2/><T69/><D69/><N who="1" m="42119" /><E41/><V117/><F117/><W30/><G30/><T116/><D116/><U119/><E43/><V66/><F48/><W51/><G4/><T26/><D53/><U24/><E24/><V108/><F108/><W9/><G80/><N who="0" m="45183" /><D42/><U126/><E119/><V85/><F32/><W16/><G39/><N who="0" m="21919" /><D1/><AGARI ba="0,0" hai="1,5,8,94,99,101,104,107,124,125,126" m="42119" machi="1" ten="30,1000,0" yaku="18,1" doraHai="70" who="1" fromWho="0" sc="250,-10,250,10,250,0,250,0" /><INIT seed="1,0,0,4,5,77" ten="240,260,250,250" oya="1" hai0="112,89,59,93,34,7,73,58,25,53,56,123,42" hai1="106,51,37,12,36,126,133,128,20,19,107,8,30" hai2="62,100,13,81,49,99,17,83,4,110,115,6,11" hai3="60,98,71,23,3,121,2,84,132,103,22,74,28"/><U127/><E133/><V67/><F110/><W41/><G74/><T82/><D112/><U0/><E128/><V85/><F115/><W70/><G132/><T69/><D69/><U15/><E0/><V90/><F49/><W129/><G129/><T104/><D104/><N who="1" m="39979" /><E51/><V44/><F44/><W9/><G121/><T117/><D117/><U26/><E15/><V24/><F24/><W95/><G41/><T96/><D123/><U66/><E66/><V120/><F120/><W55/><G70/><T94/><D42/><U114/><E114/><V113/><F113/><W10/><G2/><T38/><D38/><U32/><E32/><V64/><F64/><W80/><G3/><T1/><D94/><U43/><E43/><V65/><F65/><W118/><G118/><T68/><D68/><U109/><E109/><V131/><F131/><W35/><G35/><T48/><D1/><U108/><E108/><V76/><F100/><W135/><G135/><T125/><D125/><AGARI ba="0,0" hai="8,12,19,20,26,30,36,37,125,126,127" m="39979" machi="125" ten="30,1500,0" yaku="18,1" doraHai="77" who="1" fromWho="0" sc="240,-15,260,15,250,0,250,0" /><INIT seed="1,1,0,2,0,83" ten="225,275,250,250" oya="1" hai0="41,68,21,34,86,119,54,8,88,130,18,58,104" hai1="17,69,29,28,93,95,53,31,79,116,84,124,56" hai2="115,65,91,33,134,128,49,43,123,1,0,30,4" hai3="121,98,2,38,118,15,74,77,19,108,50,114,23"/><U7/><E116/><V45/><F123/><W10/><G121/><T37/><D130/><U112/><E112/><V9/><F128/><W111/><G114/><T82/><D119/><U109/><E69/><V14/><F115/><W78/><G118/><T51/><D34/><U99/><E124/><V132/><F65/><W73/><G38/><T67/><D104/><U75/><E75/><V110/><F110/><N who="3" m="42027" /><G98/><T20/><D8/><U125/><E125/><V16/><F91/><W63/><G63/><N who="0" m="40063" /><D18/><U127/><E109/><V35/><F0/><W24/><G2/><T105/><D105/><U27/><E7/><V55/><F43/><W107/><G107/><T11/><D11/><U42/><E42/><V71/><F71/><W36/><G36/><T100/><D100/><U66/><E66/><V22/><REACH who="2" step="1"/><F33/><REACH who="2" ten="225,275,240,250" step="2"/><W44/><G77/><T39/><D39/><U64/><E64/><V87/><F87/><W70/><G78/><T117/><D117/><U25/><E127/><V106/><F106/><W96/><G70/><T6/><D6/><U133/><E79/><V89/><F89/><W101/><G101/><T52/><D54/><U3/><E3/><V13/><F13/><W90/><G90/><T80/><D80/><U12/><E53/><V103/><F103/><W94/><G74/><T92/><D82/><U59/><E12/><V48/><F48/><W81/><G73/><T131/><D131/><U129/><E129/><V46/><F46/><AGARI ba="1,1" hai="20,21,37,41,46,51,52,58,86,88,92" m="40063" machi="46" ten="30,7700,0" yaku="24,1,52,1,54,2" doraHai="83" who="0" fromWho="2" sc="225,90,275,0,240,-80,250,0" /><INIT seed="2,0,0,5,2,4" ten="315,275,160,250" oya="2" hai0="45,87,68,44,61,65,110,118,32,108,72,111,122" hai1="96,57,40,5,125,55,3,121,126,34,23,19,30" hai2="91,114,56,134,80,2,119,69,9,82,124,101,94" hai3="58,64,0,104,43,46,112,70,17,127,117,115,62"/><V128/><F114/><N who="3" m="43563" /><G104/><T52/><D72/><U107/><E40/><V97/><F119/><W83/><G0/><T99/><D32/><U132/><E132/><V81/><F134/><W79/><G117/><T50/><D118/><U123/><E30/><V27/><F69/><W24/><G127/><N who="1" m="48650" /><E34/><V28/><F124/><W133/><G133/><T75/><D75/><U49/><E3/><V12/><F128/><W77/><G70/><T92/><D87/><U37/><E5/><V78/><F2/><W41/><G41/><T130/><D130/><U26/><E37/><V35/><F56/><W38/><G83/><T85/><D85/><U15/><E26/><V54/><F54/><W71/><G71/><T8/><D122/><U90/><E90/><V95/><F78/><W25/><G25/><T33/><D33/><U76/><E76/><V47/><F47/><W18/><G24/><T106/><D44/><U105/><E96/><V84/><REACH who="2" step="1"/><F80/><REACH who="2" ten="315,275,150,250" step="2"/><W36/><G79/><T102/><D110/><U1/><E1/><V7/><AGARI ba="0,1" hai="7,9,12,27,28,35,81,82,84,91,94,95,97,101" machi="7" ten="20,12000,1" yaku="1,1,2,1,0,1,7,1,52,1,53,0" doraHai="4" doraHaiUra="53" who="2" fromWho="2" sc="315,-40,275,-40,150,130,250,-40" /><INIT seed="2,1,0,3,0,88" ten="275,235,280,210" oya="2" hai0="26,27,111,101,69,64,0,55,68,8,45,32,127" hai1="71,1,61,95,65,99,126,130,89,9,18,56,102" hai2="118,57,66,92,3,108,58,28,123,110,90,12,41" hai3="85,39,62,122,105,47,40,67,103,2,63,104,50"/><V87/><F118/><W30/><G122/><T16/><D111/><N who="2" m="42538" /><F3/><W25/><G2/><T10/><D127/><U70/><E126/><V107/><F123/><W116/><G116/><T115/><D115/><U133/><E133/><V19/><F107/><W37/><G85/><T22/><D101/><U52/><E130/><V121/><F121/><W44/><G39/><T43/><D55/><U78/><E78/><V113/><F113/><W93/><G93/><T134/><D134/><U53/><E53/><V131/><F131/><W17/><G17/><T75/><D75/><U46/><E18/><V73/><F73/><W112/><G112/><T97/><D97/><U38/><E102/><V96/><F28/><W5/><G5/><N who="0" m="1063" /><D27/><U15/><E1/><V86/><F41/><W119/><G119/><T132/><D10/><U83/><E83/><V120/><F120/><W35/><G103/><T124/><D64/><U125/><E125/><V129/><F129/><W21/><G35/><T4/><D4/><U106/><E106/><V7/><F7/><W20/><G20/><T60/><D124/><U36/><E65/><V77/><F66/><W14/><G104/><T76/><D132/><U6/><REACH who="1" step="1"/><E36/><REACH who="1" ten="275,225,280,210" step="2"/><V31/><F31/><W74/><G105/><T80/><D16/><U100/><E100/><V81/><F77/><W24/><G67/><T79/><D79/><U48/><E48/><V34/><F81/><W117/><G117/><T59/><D76/><U72/><E72/><V109/><F109/><W128/><G74/><T13/><D80/><U84/><E84/><V114/><F86/><RYUUKYOKU ba="1,1" sc="275,-10,225,30,280,-10,210,-10" hai1="6,9,15,38,46,52,56,61,70,71,89,95,99" /><INIT seed="3,2,1,2,1,133" ten="265,255,270,200" oya="3" hai0="118,115,121,104,1,112,74,91,128,48,53,90,16" hai1="28,107,73,49,98,25,30,44,13,55,65,125,61" hai2="51,35,36,84,23,68,78,22,4,20,50,58,94" hai3="42,19,134,43,99,18,127,123,26,67,75,124,89"/><W131/><G134/><T47/><D118/><U92/><E73/><V120/><F68/><W41/><G123/><T110/><D121/><U111/><E111/><V93/><F120/><W7/><G75/><T81/><D110/><U101/><E125/><N who="3" m="48202" /><G131/><T83/><D104/><U76/><E76/><V135/><F36/><W79/><G79/><N who="0" m="44279" /><D1/><U34/><E28/><V63/><F35/><W38/><G7/><T15/><D128/><U106/><REACH who="1" step="1"/><E13/><REACH who="1" ten="265,245,270,200" step="2"/><V0/><F78/><W27/><G38/><T54/><D115/><U33/><E33/><V8/><F135/><W109/><G109/><T64/><D15/><U108/><E108/><V70/><F0/><W126/><G126/><T45/><D112/><U105/><E105/><V102/><F4/><W103/><G89/><T119/><D91/><U66/><E66/><V117/><F117/><W116/><G67/><T17/><D64/><U56/><AGARI ba="2,2" hai="25,30,34,44,49,55,56,61,65,92,98,101,106,107" machi="56" ten="20,5200,0" yaku="1,1,0,1,7,1,53,1" doraHai="133" doraHaiUra="97" who="1" fromWho="1" sc="265,-15,245,78,270,-15,200,-28" owari="250,-15.0,323,42.3,255,5.5,172,-32.8" /></mjloggm>