<mjloggm ver="2.3"><GO type="225" lobby="0"/><UN n0="%E3%81%95%E3%81%8D%E3%81%9F%E3%81%BE%E6%9E%97%E6%AA%8E" n1="%E4%B8%8B%E6%AE%B5%E3%83%81%E3%82%A7%E3%83%AA%E3%83%BC" n2="%E7%99%BD%E5%80%89%E5%AF%9B%E4%B9%8B" n3="%E6%A1%9C%E8%8A%B1%E9%96%83%E3%80%85" dan="16,16,16,17" rate="2081.13,2125.60,2162.86,2185.07" sx="M,M,M,M"/><TAIKYOKU oya="0"/><INIT seed="0,0,0,4,3,21" ten="250,250,250,250" oya="0" hai0="40,65,10,77,54,71,69,113,30,95,133,61,76" hai1="119,102,75,126,12,33,7,16,88,31,59,18,26" hai2="42,67,83,117,81,123,98,108,96,129,131,27,104" hai3="48,87,11,8,127,28,103,107,124,37,125,72,6"/><T132/><D113/><U101/><E119/><V51/><F117/><W90/><G37/><T121/><D121/><U19/><E75/><V56/><F123/><W46/><G72/><T58/><D40/><U1/><E126/><V97/><F104/><W120/><G120/><T45/><D10/><U130/><E130/><N who="2" m="49675" /><F108/><W47/><G28/><T92/><D30/><U86/><E1/><V2/><F2/><W68/><G68/><T34/><D34/><U122/><E122/><V13/><F13/><W66/><G66/><T41/><D95/><U79/><E79/><N who="0" m="30281" /><D92/><U9/><REACH who="1" step="1"/><E59/><REACH who="1" ten="250,240,250,250" step="2"/><V114/><F56/><W4/><G125/><T78/><D78/><U35/><E35/><V110/><F114/><W116/><G116/><T64/><D64/><U38/><E38/><V109/><F67/><W128/><G127/><T134/><D65/><U17/><N who="1" m="4096" /><DORA hai="73" /><U32/><E32/><V60/><F109/><W106/><G124/><T91/><D91/><U3/><E3/><V85/><F110/><W23/><G90/><T89/><D89/><U74/><E74/><V43/><F83/><AGARI ba="0,1" hai="7,9,12,26,31,33,83,86,88,101,102" m="4096" machi="83" ten="50,8000,1" yaku="1,1,52,1,54,2,53,1" doraHai="21,73" doraHaiUra="20,53" who="1" fromWho="2" sc="250,0,240,90,250,-80,250,0" /><INIT seed="1,0,0,3,1,53" ten="250,330,170,250" oya="1" hai0="18,15,130,131,57,39,11,34,67,58,16,89,79" hai1="27,77,105,51,23,35,111,120,109,37,26,3,122" hai2="65,69,87,85,43,95,56,70,28,25,90,96,106" hai3="103,8,114,30,13,54,6,132,14,32,41,108,110"/><U101/><E37/><V99/><F43/><W10/><G41/><T133/><D133/><U88/><E77/><V47/><F47/><W94/><G114/><T45/><D34/><U135/><E3/><V2/><F2/><W49/><G132/><T123/><D123/><U42/><E135/><V61/><F87/><W24/><G94/><T112/><D112/><U22/><E101/><V33/><REACH who="2" step="1"/><F106/><REACH who="2" ten="250,330,160,250" step="2"/><W55/><G108/><T107/><D107/><U82/><E105/><V72/><F72/><W73/><G110/><T113/><D113/><U80/><E42/><V9/><F9/><W84/><G73/><T100/><D45/><U36/><E36/><V81/><F81/><W124/><G84/><T115/><D115/><U93/><E93/><V92/><F92/><W4/><G10/><T119/><D39/><U63/><E111/><V50/><F50/><W74/><G8/><T17/><D11/><U98/><E109/><V78/><F78/><W118/><G49/><T21/><D79/><U76/><E51/><V5/><F5/><W128/><G4/><T44/><D44/><U97/><E76/><V66/><F66/><W104/><G6/><T60/><D67/><U62/><E122/><V71/><AGARI ba="0,1" hai="25,28,33,56,61,65,69,70,71,85,90,95,96,99" machi="71" ten="30,4000,0" yaku="1,1,0,1,52,1,53,0" doraHai="53" doraHaiUra="12" who="2" fromWho="2" sc="250,-10,330,-20,160,50,250,-10" /><INIT seed="2,0,0,4,4,117" ten="240,310,210,240" oya="2" hai0="133,98,23,103,38,81,64,0,112,105,51,46,28" hai1="69,8,44,135,41,55,125,34,116,33,30,32,93" hai2="9,49,82,94,43,63,14,7,48,134,26,108,96" hai3="79,20,97,2,1,60,68,72,57,104,12,113,62"/><V123/><F134/><W119/><G119/><T65/><D133/><U106/><E106/><V130/><F130/><W29/><G60/><T80/><D112/><U21/><E135/><V11/><F108/><W36/><G113/><T77/><D0/><U40/><E116/><V90/><F123/><W54/><G36/><T70/><D38/><U92/><E69/><V78/><F43/><W3/><G68/><T39/><D39/><U61/><E125/><V107/><F107/><W75/><G79/><T114/><D114/><U109/><E109/><V118/><F118/><W22/><G29/><T45/><D45/><U122/><E8/><V10/><F63/><W74/><REACH who="3" step="1"/><G12/><REACH who="3" ten="240,310,210,230" step="2"/><T53/><D70/><U89/><E61/><V111/><F111/><W129/><G129/><T13/><D28/><U85/><E40/><V35/><F49/><W42/><G42/><T132/><D132/><U15/><E15/><V124/><F124/><W120/><G120/><T84/><D13/><U110/><E122/><V73/><REACH who="2" step="1"/><F48/><REACH who="2" ten="240,310,200,230" step="2"/><W91/><G91/><T121/><D121/><U17/><E110/><V101/><F101/><AGARI ba="0,2" hai="1,2,3,20,22,54,57,62,72,74,75,97,101,104" machi="101" ten="50,1600,0" yaku="1,1,53,0" doraHai="117" doraHaiUra="86" who="3" fromWho="2" sc="240,0,310,0,200,-16,230,36" /><INIT seed="3,0,0,1,4,79" ten="240,310,184,266" oya="3" hai0="71,24,8,57,36,37,28,105,69,48,62,82,42" hai1="63,115,125,38,96,99,128,49,112,93,87,84,59" hai2="60,118,126,11,85,111,29,18,32,58,51,109,77" hai3="117,33,135,34,92,35,100,14,97,41,95,19,30"/><W106/><G117/><T25/><D105/><U15/><E38/><V98/><F118/><W54/><G135/><T130/><D130/><U91/><E128/><V45/><F126/><W94/><G41/><T31/><D48/><U104/><E104/><V70/><F70/><W50/><G30/><T64/><D8/><U113/><E125/><V22/><F98/><W101/><G101/><T75/><D57/><U26/><E49/><V72/><F72/><W74/><G74/><T66/><D42/><U119/><E119/><V131/><F131/><W110/><G110/><T56/><D56/><U20/><E15/><V124/><F124/><W116/><G116/><T127/><D127/><U78/><E99/><V73/><F73/><W6/><G6/><T17/><D75/><U123/><E123/><V90/><F77/><W67/><G67/><T103/><D17/><N who="1" m="12559" /><E78/><V7/><F29/><W114/><G114/><T39/><D39/><U12/><E12/><V120/><F32/><W23/><REACH who="3" step="1"/><G106/><REACH who="3" ten="240,310,184,256" step="2"/><T4/><D4/><U44/><E44/><AGARI ba="0,1" hai="14,19,23,33,34,35,44,50,54,92,94,95,97,100" machi="44" ten="40,12000,1" yaku="1,1,2,1,53,3" doraHai="79" doraHaiUra="88" who="3" fromWho="1" sc="240,0,310,-120,184,0,256,130" owari="240,4.0,190,-21.0,184,-31.6,386,48.6" /></mjloggm>