<mjloggm ver="2.3"><GO type="225" lobby="0"/><UN n0="%72%69%6F%75%63%68%61%6E" n1="%E3%81%BF%E3%81%BF%E3%81%9A" n2="%E3%83%A9%E3%82%A4%E3%83%B3%E3%81%AE%E8%99%8E" n3="%E6%98%A5%E3%81%AE%E3%81%8B%E3%81%91%E3%82%89" dan="16,18,16,16" rate="2121.74,2189.75,2145.80,2079.26" sx="M,M,M,F"/><TAIKYOKU oya="0"/><INIT seed="0,0,0,4,4,44" ten="250,250,250,250" oya="0" hai0="20,60,78,43,82,101,70,64,23,74,135,26,95" hai1="66,104,30,127,2,58,123,102,50,52,71,121,13" hai2="91,55,29,8,81,46,48,85,89,77,125,49,87" hai3="109,90,128,73,116,75,16,132,63,134,130,80,7"/><T107/><D135/><N who="3" m="51753" /><G7/><T92/><D43/><U38/><E2/><V14/><F125/><W11/><G116/><T18/><REACH who="0" step="1"/><D23/><REACH who="0" ten="240,250,250,250" step="2"/><U105/><E123/><V133/><F133/><W113/><G130/><T84/><D84/><U120/><E121/><V96/><F96/><AGARI ba="0,1" hai="18,20,26,60,64,70,74,78,82,92,95,96,101,107" machi="96" ten="40,3900,0" yaku="1,1,53,1" doraHai="44" doraHaiUra="65" who="0" fromWho="2" sc="240,49,250,0,250,-39,250,0" /><INIT seed="0,1,0,4,0,47" ten="289,250,211,250" oya="0" hai0="89,77,6,4,96,48,115,91,110,102,45,35,98" hai1="124,46,44,134,73,83,63,27,79,122,0,37,22" hai2="120,99,116,70,52,32,53,54,29,41,97,19,71" hai3="135,3,38,84,33,67,10,125,21,95,92,112,25"/><T26/><D115/><U106/><E122/><V113/><F120/><W49/><G38/><T72/><D110/><U93/><E106/><V130/><F113/><W58/><G112/><T127/><D127/><U132/><E0/><V61/><F130/><W119/><G119/><T30/><D77/><U100/><E124/><V85/><F116/><W66/><G33/><T69/><D69/><U43/><E63/><V24/><F41/><W126/><G126/><T1/><D72/><U90/><E100/><V28/><F28/><W62/><G135/><N who="1" m="51754" /><E37/><V40/><F40/><W82/><G67/><T36/><D36/><U68/><E68/><V114/><F114/><W107/><G107/><T108/><D108/><U75/><E73/><V12/><F71/><W123/><G123/><T64/><D64/><U80/><E83/><V78/><F70/><W74/><G74/><T2/><D2/><U104/><E104/><V129/><F61/><W20/><G125/><T60/><D60/><U88/><E90/><V76/><F129/><W86/><G3/><T65/><D65/><U81/><E81/><V103/><F85/><W133/><G86/><T121/><D121/><U105/><E43/><V118/><F118/><W13/><G133/><T117/><D117/><U101/><E101/><V31/><F103/><W23/><G84/><T109/><D109/><U51/><E105/><V17/><F31/><W5/><G82/><T14/><D1/><U50/><E46/><V111/><F111/><W57/><G25/><T9/><D102/><U34/><E75/><V55/><F24/><W16/><G5/><RYUUKYOKU ba="1,0" sc="289,-10,250,-10,211,-10,250,30" hai3="10,13,16,20,21,23,49,57,58,62,66,92,95" /><INIT seed="1,2,0,2,1,38" ten="279,240,201,280" oya="1" hai0="85,115,3,52,91,55,125,43,69,28,62,35,112" hai1="124,60,4,53,8,61,2,134,42,109,81,135,130" hai2="106,17,92,48,24,87,46,70,107,65,119,33,133" hai3="13,93,5,110,34,86,10,128,40,31,63,72,47"/><U58/><E124/><V74/><F74/><W11/><G72/><T7/><D125/><U101/><E130/><V103/><F119/><W39/><G128/><T19/><D43/><U127/><E127/><V41/><F133/><N who="1" m="50697" /><E109/><V80/><F70/><W95/><G110/><T116/><D116/><U15/><E101/><V57/><F92/><W89/><G63/><T37/><D37/><U20/><E81/><V100/><F106/><W18/><G93/><T98/><D98/><U108/><E108/><V123/><F123/><W14/><G31/><T68/><D19/><N who="1" m="10367" /><E42/><V9/><F107/><W0/><REACH who="3" step="1"/><G34/><REACH who="3" ten="279,240,201,270" step="2"/><T102/><D35/><U59/><E59/><V71/><F33/><W96/><G96/><T44/><D69/><U67/><E61/><N who="2" m="38063" /><F71/><W94/><G94/><N who="0" m="54639" /><D68/><U113/><E113/><V56/><F56/><W114/><G114/><T88/><D62/><U36/><E36/><V97/><F97/><W29/><G29/><T49/><D28/><U64/><AGARI ba="2,1" hai="2,4,8,53,58,60,64,67" m="10367,50697" machi="64" ten="30,1500,0" yaku="20,1" doraHai="38" who="1" fromWho="1" sc="279,-7,240,31,201,-7,270,-7" /><INIT seed="1,3,0,1,5,97" ten="272,271,194,263" oya="1" hai0="56,111,85,44,53,54,98,17,90,75,135,25,87" hai1="128,24,110,61,35,37,89,29,9,59,123,117,27" hai2="52,129,114,125,15,120,28,26,57,121,6,116,124" hai3="71,131,16,86,83,101,72,22,70,48,10,62,69"/><U60/><E117/><V132/><F116/><W65/><G131/><T112/><D111/><U31/><E123/><V45/><F129/><W82/><G72/><T13/><D135/><U119/><E128/><V130/><F130/><W18/><G10/><T94/><D75/><U5/><E119/><V106/><F132/><W113/><G113/><T133/><D133/><U81/><E110/><V46/><F106/><W4/><G4/><T115/><D25/><U122/><E37/><V79/><F79/><W43/><G101/><T78/><D44/><N who="2" m="17002" /><F15/><W50/><G82/><N who="0" m="47319" /><D115/><U3/><E122/><N who="2" m="47211" /><F6/><W33/><G33/><T80/><D56/><U84/><REACH who="1" step="1"/><E59/><REACH who="1" ten="272,261,194,263" step="2"/><V88/><F114/><W34/><G70/><T66/><D112/><U32/><AGARI ba="3,1" hai="3,5,9,24,27,29,31,32,35,60,61,81,84,89" machi="32" ten="20,12000,1" yaku="1,1,2,1,0,1,7,1,9,1,53,0" doraHai="97" doraHaiUra="39" who="1" fromWho="1" sc="272,-43,261,139,194,-43,263,-43" /><INIT seed="1,4,0,0,2,90" ten="229,400,151,220" oya="1" hai0="6,39,127,133,57,130,70,49,111,18,83,47,26" hai1="16,45,19,55,82,31,68,121,110,2,75,100,7" hai2="36,132,87,107,11,13,51,93,23,78,46,134,126" hai3="32,79,38,48,21,42,103,54,50,96,44,105,135"/><U61/><E121/><V122/><F107/><W84/><G32/><T25/><D70/><U98/><E31/><V1/><F122/><W65/><G135/><N who="2" m="51753" /><F36/><W40/><G65/><T112/><D112/><U128/><E128/><V59/><F126/><W66/><G66/><T15/><D133/><U102/><E110/><V117/><F117/><W97/><G40/><T115/><D115/><U104/><E102/><V9/><F59/><W116/><G116/><T131/><D111/><U20/><E68/><V71/><F1/><W63/><G21/><T58/><D127/><U106/><E106/><V64/><F64/><W94/><G84/><T8/><D39/><U124/><E124/><V125/><F71/><W72/><G63/><T62/><D83/><U95/><E104/><V30/><F78/><W3/><G3/><T81/><D81/><U123/><E123/><V86/><F86/><W60/><G60/><T33/><D58/><U77/><E20/><V69/><F69/><W28/><G28/><T67/><D33/><U22/><E22/><V37/><F37/><W101/><G54/><N who="0" m="30015" /><D6/><U17/><E45/><V41/><F125/><W14/><G14/><T74/><D74/><U99/><E99/><V129/><F129/><AGARI ba="4,0" hai="8,15,18,25,26,57,62,67,129,130,131" m="30015" machi="129" ten="30,1000,0" yaku="19,1" doraHai="90" who="0" fromWho="2" sc="229,22,400,0,151,-22,220,0" /><INIT seed="2,0,0,3,1,83" ten="251,400,129,220" oya="2" hai0="124,58,17,24,115,110,68,53,102,19,34,50,42" hai1="133,74,120,30,104,41,94,12,64,89,29,131,47" hai2="59,4,57,37,101,77,45,92,67,135,61,90,119" hai3="73,107,27,0,1,65,18,10,117,7,91,81,52"/><V125/><F119/><W32/><G117/><T54/><D115/><U21/><E74/><V132/><F77/><W123/><G123/><T95/><D110/><U87/><E104/><V80/><F125/><W93/><G107/><T11/><D124/><U79/><E120/><V56/><F4/><W15/><G65/><T31/><D68/><U40/><E131/><V129/><F80/><W62/><G73/><T69/><D69/><U70/><E79/><V130/><F101/><W82/><G32/><T2/><D42/><U76/><E64/><V38/><F90/><W55/><G27/><T105/><D105/><U96/><E70/><N who="2" m="42351" /><F92/><W48/><G62/><T66/><D66/><U134/><E76/><V6/><F6/><W106/><G55/><T72/><D72/><U60/><E60/><V49/><F37/><W33/><G33/><T88/><D102/><U97/><E133/><N who="2" m="51275" /><F38/><W8/><G0/><T22/><D34/><U108/><E134/><V13/><F13/><W100/><G100/><T36/><D36/><U84/><E97/><V23/><F23/><W25/><G25/><T122/><D122/><U63/><E12/><V86/><F86/><W35/><G35/><T20/><D22/><U26/><E29/><V111/><F111/><W51/><G106/><T112/><D11/><U78/><E108/><V43/><AGARI ba="0,0" hai="43,45,49,56,57,59,129,130" m="51275,42351" machi="43" ten="40,7800,0" yaku="20,1,34,2" doraHai="83" who="2" fromWho="2" sc="251,-26,400,-26,129,78,220,-26" /><INIT seed="2,1,0,4,0,82" ten="225,374,207,194" oya="2" hai0="83,19,86,115,24,73,31,89,125,11,32,91,7" hai1="16,37,105,29,45,116,104,68,0,88,46,63,25" hai2="84,41,127,42,107,92,27,52,26,128,47,126,101" hai3="53,12,106,67,81,102,117,64,93,111,109,30,110"/><V118/><F118/><W96/><G117/><T35/><D115/><U22/><E0/><V44/><F107/><W98/><G30/><T21/><D125/><N who="2" m="47626" /><F128/><W38/><G38/><T1/><D73/><U120/><E116/><V48/><F101/><W61/><G12/><N who="0" m="9447" /><D32/><U28/><E120/><V60/><F60/><W74/><G53/><T69/><D69/><U18/><E105/><V79/><F42/><W43/><G43/><T13/><D13/><U95/><E104/><V14/><F14/><W55/><G55/><T6/><D7/><U119/><E119/><V85/><F79/><AGARI ba="1,0" hai="1,6,11,24,31,35,79,83,86,89,91" m="9447" machi="79" ten="30,2000,0" yaku="24,1,52,1" doraHai="82" who="0" fromWho="2" sc="225,23,374,0,207,-23,194,0" /><INIT seed="3,0,0,5,2,58" ten="248,374,184,194" oya="3" hai0="0,20,10,103,19,35,45,75,64,82,99,73,29" hai1="65,44,115,50,127,129,38,18,97,57,46,80,93" hai2="16,83,123,72,21,36,37,117,132,119,22,74,43" hai3="40,39,112,98,26,68,4,106,126,92,121,87,7"/><W56/><G68/><T134/><D134/><U88/><E115/><V41/><F83/><W11/><G112/><T81/><D64/><U3/><E57/><V5/><F5/><W113/><G113/><T61/><D61/><U48/><E65/><V49/><F49/><W128/><G121/><T31/><D45/><U101/><E97/><V12/><F12/><W71/><G71/><T86/><D82/><U14/><E101/><V77/><F16/><W111/><G128/><T34/><D35/><U42/><E93/><V51/><F51/><W15/><G126/><T102/><D34/><U107/><E107/><V105/><F105/><W52/><G111/><T118/><D118/><U32/><E3/><V27/><F27/><W6/><G106/><T66/><D66/><U47/><E32/><V53/><F53/><W85/><G26/><N who="0" m="14623" /><D0/><U76/><E127/><V90/><F90/><N who="3" m="55575" /><G40/><T104/><D73/><U122/><E88/><V17/><F77/><W33/><G39/><T120/><D75/><U23/><E122/><V135/><F17/><N who="3" m="8447" /><G33/><T9/><D120/><AGARI ba="0,0" hai="21,22,36,37,41,43,72,74,117,119,120,123,132,135" machi="120" ten="25,1600,0" yaku="22,2" doraHai="58" who="2" fromWho="0" sc="248,-16,374,0,184,16,194,0" owari="232,3.2,374,47.4,200,-20.0,194,-30.6" /></mjloggm>