<mjloggm ver="2.3"><GO type="225" lobby="0"/><UN n0="%E3%83%81%E3%83%83%E3%82%BF%E3%82%BD%E3%83%BC" n1="%E6%9D%B1%E9%A2%A8%E3%81%AE%E3%81%8D%E3%82%83%E3%81%B7%E3%81%95%E3%82%93" n2="%E3%81%BF%E3%81%BF%E3%81%9A" n3="%E6%98%93%E5%88%A9%E8%96%A9%E4%BC%AF" dan="16,16,17,17" rate="2192.22,2184.40,2209.92,2112.79" sx="F,M,M,F"/><TAIKYOKU oya="0"/><INIT seed="0,0,0,5,0,76" ten="250,250,250,250" oya="0" hai0="36,58,99,98,102,23,60,13,16,88,68,9,6" hai1="107,80,97,1,45,90,64,114,82,103,120,56,121" hai2="24,65,32,100,53,96,20,48,70,105,73,125,104" hai3="89,0,63,18,50,17,27,110,101,87,119,31,44"/><T42/><D68/><U115/><E1/><V55/><F73/><W133/><G110/><T117/><D117/><U40/><E56/><V49/><F125/><W122/><G119/><T92/><D36/><U78/><E64/><V43/><F105/><W4/><G133/><T30/><D42/><U14/><E14/><V19/><F43/><W39/><G39/><T79/><D79/><U38/><E90/><V130/><F130/><W51/><G101/><T135/><D135/><U35/><E35/><V108/><F108/><W94/><G63/><T59/><D30/><U15/><E15/><V91/><F32/><W33/><G51/><T77/><D77/><U127/><E127/><V93/><F48/><W118/><G122/><T62/><D60/><U28/><E28/><V126/><F126/><W113/><G113/><N who="1" m="43018" /><E78/><V10/><F65/><W116/><G116/><T57/><D62/><U112/><N who="1" m="43026" /><U85/><DORA hai="7" /><E85/><V134/><F70/><W132/><G132/><T83/><D83/><AGARI ba="0,0" hai="38,40,45,80,82,83,97,103,107,120,121" m="43026" machi="83" ten="40,8000,1" yaku="11,1,52,3" doraHai="76,7" who="1" fromWho="0" sc="250,-80,250,80,250,0,250,0" /><INIT seed="1,0,0,1,3,110" ten="170,330,250,250" oya="1" hai0="52,32,128,15,99,76,75,121,9,78,131,28,124" hai1="56,50,67,71,42,26,92,79,130,5,132,109,117" hai2="54,4,20,16,17,14,61,72,25,49,74,108,87" hai3="134,106,22,44,102,133,8,37,24,13,57,21,85"/><U7/><E71/><V45/><F108/><W86/><G57/><T70/><D121/><U73/><E92/><V91/><F4/><W60/><G60/><T95/><D70/><U62/><E117/><V48/><F48/><W29/><G22/><T53/><D124/><U55/><E109/><V30/><F61/><W38/><G102/><T98/><D28/><U19/><E132/><N who="3" m="50794" /><G106/><T96/><D95/><U89/><E130/><N who="0" m="49705" /><D32/><U46/><E89/><V23/><REACH who="2" step="1"/><F30/><REACH who="2" ten="170,330,240,250" step="2"/><W66/><G66/><T0/><D0/><U120/><E120/><V105/><F105/><W126/><G126/><T31/><D31/><U35/><E7/><V40/><F40/><N who="3" m="22543" /><G38/><T33/><D33/><U107/><E5/><AGARI ba="0,1" hai="5,8,13,21,24,29,85,86" m="22543,50794" machi="5" ten="30,1000,0" yaku="20,1" doraHai="110" who="3" fromWho="1" sc="170,0,330,-10,240,0,250,20" /><INIT seed="2,0,0,0,1,106" ten="170,320,240,270" oya="2" hai0="76,59,42,93,24,29,98,125,122,39,46,107,47" hai1="124,118,85,67,56,84,134,51,9,36,28,99,3" hai2="53,21,35,71,86,77,69,18,83,121,8,128,55" hai3="130,75,4,112,57,64,27,95,132,90,43,66,74"/><V11/><F121/><W103/><G103/><T58/><D125/><U15/><E36/><V110/><F35/><W50/><G4/><T37/><D122/><U5/><E124/><V6/><F128/><W1/><G1/><T25/><D76/><U16/><E118/><V45/><F110/><W62/><G132/><T123/><D107/><U100/><E28/><V10/><F6/><W19/><G66/><T80/><D80/><U70/><E70/><V96/><F96/><W63/><G63/><T60/><D123/><U97/><E134/><V26/><REACH who="2" step="1"/><F45/><REACH who="2" ten="170,320,230,270" step="2"/><W32/><G130/><T20/><D47/><U91/><E97/><V0/><F0/><W38/><G32/><T135/><D135/><U102/><E3/><V113/><F113/><W115/><G115/><T34/><D37/><U116/><E5/><V82/><F82/><W52/><G112/><T23/><D34/><U127/><E116/><V133/><F133/><W126/><G126/><T89/><REACH who="0" step="1"/><D60/><REACH who="0" ten="160,320,230,270" step="2"/><N who="1" m="38279" /><E127/><V54/><AGARI ba="0,2" hai="8,10,11,18,21,26,53,54,55,69,71,77,83,86" machi="54" ten="30,3000,0" yaku="1,1,0,1,53,0" doraHai="106" doraHaiUra="120" who="2" fromWho="2" sc="160,-10,320,-10,230,50,270,-10" /><INIT seed="2,1,0,2,1,128" ten="150,310,280,260" oya="2" hai0="81,52,89,87,27,104,70,135,92,93,48,14,129" hai1="34,84,21,35,121,58,97,131,109,25,38,66,88" hai2="15,11,19,41,110,43,76,23,105,96,71,46,64" hai3="7,16,17,85,30,59,13,57,79,100,98,111,113"/><V102/><F110/><W54/><G111/><T61/><D129/><U3/><E38/><V80/><F71/><W126/><G126/><T117/><D104/><U77/><E3/><V72/><F64/><W6/><G30/><T22/><D117/><U50/><E131/><V56/><F56/><W53/><G113/><T2/><D2/><U123/><E109/><V124/><F124/><W112/><G112/><T103/><D14/><U63/><E50/><V60/><F60/><W101/><G85/><T51/><D51/><U119/><E97/><V26/><REACH who="2" step="1"/><F46/><REACH who="2" ten="150,310,270,260" step="2"/><W125/><G125/><T42/><D61/><U116/><E58/><V130/><F130/><W107/><G59/><T49/><D70/><U18/><E63/><V114/><F114/><W75/><G57/><N who="0" m="32903" /><D49/><U127/><E66/><V9/><F9/><W118/><G54/><T86/><D42/><U44/><E127/><V73/><F73/><W90/><G53/><T67/><D67/><U91/><E44/><V39/><F39/><W69/><G75/><T78/><D135/><U134/><E134/><V94/><F94/><W74/><G74/><T62/><D62/><U29/><E116/><V95/><F95/><W40/><G40/><T82/><D103/><U108/><E119/><V68/><F68/><W8/><G69/><T122/><D122/><U4/><E108/><V133/><F133/><W24/><G101/><T20/><D20/><U32/><E123/><V99/><F99/><W10/><G118/><T1/><D1/><U132/><E132/><V36/><F36/><W120/><G100/><T12/><D12/><RYUUKYOKU ba="1,1" sc="150,15,310,-15,270,15,260,-15" hai0="22,27,78,81,82,86,87,89,92,93" hai2="11,15,19,23,26,41,43,72,76,80,96,102,105" /><INIT seed="2,2,1,4,0,37" ten="165,295,285,245" oya="2" hai0="50,23,135,2,69,15,123,129,133,4,113,21,118" hai1="131,7,62,24,63,71,12,127,65,39,86,126,85" hai2="120,60,91,130,44,26,88,93,75,55,111,28,106" hai3="43,112,80,19,125,33,3,32,79,35,107,34,42"/><V89/><F120/><W97/><N who="3" m="8192" /><DORA hai="67" /><W41/><G3/><T18/><D69/><N who="1" m="42167" /><E24/><V6/><F106/><W52/><G125/><N who="1" m="47626" /><E39/><V122/><F75/><W36/><G112/><T31/><D123/><U74/><E74/><V58/><F122/><W47/><G19/><N who="0" m="10495" /><D50/><U84/><E12/><V8/><F130/><W51/><G107/><T30/><D113/><U10/><E131/><V90/><F111/><W110/><G97/><T83/><D83/><U77/><E77/><V61/><F44/><W53/><G110/><T5/><D129/><U104/><E104/><V78/><F78/><W124/><G124/><T98/><D98/><U117/><E117/><V72/><F72/><W48/><G36/><T38/><D38/><U134/><E134/><N who="0" m="51209" /><D118/><U99/><E99/><V1/><F61/><W94/><G94/><T101/><D101/><U103/><E103/><V40/><F26/><W132/><G132/><T9/><D4/><U0/><E63/><V128/><F128/><W54/><REACH who="3" step="1"/><G47/><REACH who="3" ten="165,295,285,235" step="2"/><T27/><AGARI ba="2,2" hai="2,5,9,18,23,27,30,31" m="51209,10495" machi="27" ten="30,4000,0" yaku="20,1,34,2" doraHai="37,67" who="0" fromWho="0" sc="165,66,295,-12,285,-22,235,-12" /><INIT seed="3,0,0,1,4,133" ten="231,283,263,223" oya="3" hai0="63,100,98,83,38,28,26,78,36,73,13,45,105" hai1="80,4,35,55,66,9,39,53,76,1,134,104,65" hai2="109,32,101,19,85,20,43,89,22,126,130,44,17" hai3="118,68,131,84,2,71,99,14,47,114,12,69,3"/><W7/><G114/><T94/><D13/><U60/><E104/><V116/><F32/><W106/><G118/><T82/><D82/><U5/><E35/><V132/><F116/><W50/><G131/><T41/><D63/><U54/><E134/><V72/><F72/><W23/><G84/><T120/><D94/><U0/><E39/><V57/><F132/><W135/><G135/><T119/><D119/><U42/><E42/><V37/><F130/><W62/><G62/><T124/><D120/><U108/><E108/><V115/><F115/><W18/><G12/><T129/><D129/><U103/><E103/><V61/><F101/><W86/><G86/><T79/><D79/><U93/><E93/><V128/><F109/><W15/><G106/><T49/><D124/><U8/><REACH who="1" step="1"/><E60/><REACH who="1" ten="231,273,263,223" step="2"/><V52/><F128/><W91/><G99/><T48/><D36/><U40/><E40/><V33/><F33/><AGARI ba="0,1" hai="26,28,33,38,41,45,48,49,73,78,83,98,100,105" machi="33" ten="30,1000,0" yaku="7,1" doraHai="133" who="0" fromWho="2" sc="231,20,273,0,263,-10,223,0" /><INIT seed="4,0,0,1,3,135" ten="251,273,253,223" oya="0" hai0="6,90,31,14,32,62,73,23,124,2,125,47,96" hai1="70,86,10,24,109,101,67,15,112,76,134,48,98" hai2="36,91,18,118,71,39,9,133,80,128,87,121,40" hai3="93,83,123,108,69,17,60,34,52,30,42,13,28"/><T50/><D73/><U111/><E134/><V55/><F133/><W65/><G108/><T88/><D62/><U82/><E112/><V81/><F121/><W68/><G123/><T53/><D32/><U104/><E48/><V21/><F71/><W35/><G42/><T7/><D2/><U78/><E78/><V56/><F128/><W58/><G35/><T116/><D116/><U44/><E44/><V126/><F9/><W84/><G93/><T5/><D96/><U122/><E24/><V26/><F40/><W100/><G100/><T129/><D129/><U106/><E106/><V0/><F0/><W54/><G69/><T63/><D63/><U94/><E122/><V29/><F118/><W131/><G131/><T59/><D47/><U115/><E115/><V19/><F81/><W77/><G34/><T120/><D120/><U41/><E41/><V105/><F105/><W43/><G43/><T113/><D113/><U114/><E114/><V74/><F74/><W12/><G12/><T103/><D103/><U16/><REACH who="1" step="1"/><E104/><REACH who="1" ten="251,263,253,223" step="2"/><V85/><F36/><W8/><REACH who="3" step="1"/><G68/><REACH who="3" ten="251,263,253,213" step="2"/><T27/><REACH who="0" step="1"/><D14/><REACH who="0" ten="241,263,253,213" step="2"/><U92/><E92/><V20/><F39/><W38/><G38/><T97/><D97/><U107/><E107/><V11/><F80/><W72/><G72/><T110/><D110/><U102/><E102/><V33/><F85/><W46/><G46/><T132/><D132/><U25/><E25/><V61/><F26/><W79/><G79/><T95/><D95/><U66/><E66/><V75/><F75/><W117/><G117/><T3/><D3/><U99/><E99/><RYUUKYOKU ba="0,3" sc="241,10,263,10,253,-30,213,10" hai0="5,6,7,23,27,31,50,53,59,88,90,124,125" hai1="10,15,16,67,70,76,82,86,94,98,101,109,111" hai3="8,13,17,28,30,52,54,58,60,65,77,83,84" /><INIT seed="4,1,3,5,5,126" ten="251,273,223,223" oya="0" hai0="1,51,83,88,37,82,23,135,100,10,70,45,66" hai1="59,84,105,56,131,32,0,130,9,85,38,6,19" hai2="52,16,15,111,17,79,39,124,46,41,114,123,27" hai3="122,116,117,77,8,26,78,54,68,103,93,102,61"/><T125/><D125/><U74/><E74/><V108/><F124/><W64/><G122/><T104/><D135/><U110/><E105/><V7/><F123/><W4/><G26/><T119/><D119/><U31/><E38/><V71/><F71/><W11/><G11/><T90/><D37/><U91/><E110/><V48/><F79/><W133/><G133/><T44/><D23/><U75/><E75/><V63/><F114/><W67/><G67/><T128/><D66/><U97/><E19/><V65/><F7/><W132/><G132/><T120/><D70/><U87/><E31/><V109/><F27/><W95/><G117/><T57/><D120/><U69/><E69/><N who="2" m="42175" /><F15/><W112/><G112/><T53/><D104/><U127/><E32/><V33/><F33/><W58/><G116/><T12/><D1/><U29/><E29/><V42/><F42/><W92/><G64/><T106/><D106/><U129/><E127/><V134/><F134/><W60/><G60/><T55/><D100/><N who="3" m="38441" /><G68/><T25/><D25/><U22/><E22/><V98/><F98/><W81/><G81/><N who="0" m="30731" /><D12/><AGARI ba="1,3" hai="4,8,12,54,58,61,77,78,92,93,95" m="38441" machi="12" ten="30,1000,0" yaku="8,1" doraHai="126" who="3" fromWho="0" sc="251,-13,273,0,223,0,223,43" /><INIT seed="5,0,0,4,3,102" ten="238,273,223,266" oya="1" hai0="105,62,59,127,38,126,121,52,117,92,119,70,40" hai1="135,120,111,79,23,34,46,101,90,82,132,129,43" hai2="88,26,1,27,103,60,97,15,47,87,124,94,56" hai3="99,35,58,77,4,63,11,113,0,108,61,21,39"/><U31/><E90/><V19/><F124/><N who="0" m="47658" /><D92/><U12/><E120/><V42/><F1/><W53/><G35/><T2/><D2/><U73/><E129/><V7/><F7/><W64/><G108/><T54/><D105/><U95/><E34/><V9/><F47/><W107/><G39/><T50/><D121/><U130/><E130/><V68/><F42/><W29/><G77/><T48/><D70/><U69/><E69/><V80/><REACH who="2" step="1"/><F68/><REACH who="2" ten="238,273,213,266" step="2"/><W33/><G4/><T3/><D3/><U125/><E125/><V98/><F98/><W36/><G99/><T32/><D32/><U89/><E111/><V17/><F17/><W109/><G0/><T122/><D122/><U74/><E46/><V25/><F25/><W13/><G109/><T128/><D128/><U106/><E43/><V6/><F6/><W8/><G33/><T96/><D96/><N who="1" m="61735" /><E73/><V18/><F18/><W118/><G29/><T14/><D14/><U22/><E12/><V55/><AGARI ba="0,1" hai="9,15,19,26,27,55,56,60,80,87,88,94,97,103" machi="55" ten="20,8000,1" yaku="1,1,0,1,7,1,8,1,54,1,53,0" doraHai="102" doraHaiUra="16" who="2" fromWho="2" sc="238,-20,273,-40,213,90,266,-20" owari="218,-28.2,233,-16.7,303,40.3,246,4.6" /></mjloggm>