<mjloggm ver="2.3"><GO type="225" lobby="0"/><UN n0="%E3%83%96%E3%83%83%E3%83%91%E3%82%AA%E3%83%96%E3%83%81%E3%82%AD%E3%83%B3" n1="%E7%99%BD%E5%80%89%E5%AF%9B%E4%B9%8B" n2="%E3%81%BF%E3%81%BF%E3%81%9A" n3="%73%74%61%72%E6%98%9F%E8%BE%B0" dan="16,16,18,16" rate="2222.88,2114.29,2253.61,2120.18" sx="M,M,M,M"/><TAIKYOKU oya="0"/><INIT seed="0,0,0,1,2,135" ten="250,250,250,250" oya="0" hai0="65,100,96,26,60,30,103,33,23,132,71,75,87" hai1="17,102,42,48,125,41,68,78,76,131,119,108,105" hai2="31,122,93,117,8,121,109,7,2,113,16,114,86" hai3="126,47,55,57,134,69,112,18,94,34,0,50,104"/><T35/><D132/><U24/><E68/><V1/><F86/><W81/><G104/><T116/><D116/><U92/><E119/><V21/><F93/><W22/><G134/><T88/><D75/><U56/><E105/><V54/><F54/><W15/><G69/><T6/><D6/><U58/><E108/><V98/><F98/><W36/><G112/><N who="2" m="43113" /><F117/><W82/><G34/><T44/><D44/><N who="1" m="25615" /><E131/><V28/><F1/><W89/><G0/><T45/><D45/><U52/><E42/><V63/><F63/><W123/><G123/><N who="2" m="47113" /><F109/><W37/><G37/><T111/><D111/><U99/><E58/><V46/><F46/><W19/><G36/><T38/><D38/><U90/><E102/><V130/><F130/><W12/><G47/><T53/><D53/><U11/><E78/><V95/><F95/><W40/><G40/><T115/><D115/><U83/><E76/><V27/><AGARI ba="0,0" hai="2,7,8,16,21,27,28,31" m="47113,43113" machi="27" ten="30,4000,0" yaku="34,2,54,1" doraHai="135" who="2" fromWho="2" sc="250,-20,250,-10,250,40,250,-10" /><INIT seed="1,0,0,4,3,37" ten="230,240,290,240" oya="1" hai0="13,122,78,111,127,117,100,47,8,83,1,130,66" hai1="49,56,102,6,32,21,95,74,54,30,84,115,94" hai2="113,46,2,80,22,105,132,103,85,51,27,92,69" hai3="97,118,29,120,36,101,7,133,57,12,67,50,35"/><U41/><E74/><V34/><F2/><W107/><G120/><T88/><D117/><U23/><E115/><V71/><F34/><W17/><G36/><T25/><D122/><U109/><E109/><V10/><F105/><W131/><G118/><T61/><D111/><U134/><E134/><V119/><F119/><W63/><G133/><T24/><D127/><U77/><E32/><V75/><F75/><W93/><G131/><T42/><D130/><U31/><E6/><V44/><F132/><W72/><G72/><T19/><D100/><U55/><E55/><V81/><F46/><W45/><G7/><T58/><D78/><U108/><E108/><V86/><F113/><W16/><G107/><T110/><D1/><U48/><E77/><V0/><F10/><W73/><G73/><T53/><D66/><U65/><E65/><V62/><F62/><W112/><G112/><T106/><D106/><U121/><E121/><V104/><F104/><W40/><REACH who="3" step="1"/><G12/><REACH who="3" ten="230,240,290,230" step="2"/><T38/><REACH who="0" step="1"/><D110/><REACH who="0" ten="220,240,290,230" step="2"/><U135/><E135/><V89/><F0/><W60/><G60/><T59/><D59/><U82/><E56/><V124/><F69/><W43/><G43/><T125/><D125/><U28/><E41/><N who="2" m="24975" /><F71/><W99/><G99/><T90/><D90/><U3/><E3/><V91/><F124/><W126/><G126/><T98/><D98/><U39/><E102/><V96/><F103/><W123/><G123/><T79/><D79/><U20/><E84/><AGARI ba="0,2" hai="8,13,19,24,25,38,42,47,53,58,61,83,84,88" machi="84" ten="40,5200,0" yaku="1,1,52,1,54,1,53,0" doraHai="37" doraHaiUra="18" who="0" fromWho="1" sc="220,72,240,-52,290,0,230,0" /><INIT seed="2,0,0,4,3,51" ten="292,188,290,230" oya="2" hai0="73,121,105,93,94,112,67,120,127,1,117,23,45" hai1="37,48,76,131,81,47,100,9,107,34,46,33,128" hai2="38,15,57,108,11,113,29,62,0,90,89,88,22" hai3="78,12,123,10,14,82,53,40,119,106,83,102,80"/><V132/><F113/><W114/><G119/><T118/><D1/><U2/><E47/><V21/><F38/><W5/><G123/><N who="0" m="47179" /><D67/><U18/><E18/><V85/><F0/><W59/><G114/><T116/><D112/><U122/><E122/><V70/><F70/><W4/><G40/><T7/><D127/><U56/><E56/><V3/><F3/><W58/><G106/><T30/><D7/><N who="3" m="2633" /><G102/><T28/><D105/><U66/><E66/><V27/><F22/><W130/><G130/><N who="1" m="49706" /><E37/><V24/><F24/><W60/><G78/><T55/><D73/><N who="1" m="43151" /><E9/><V64/><F132/><W43/><G43/><T97/><D23/><U135/><E2/><V84/><F108/><W104/><G104/><T133/><D94/><U101/><E135/><V86/><F11/><W13/><G58/><T72/><D72/><U124/><E124/><V50/><F50/><W92/><G92/><T96/><D133/><U111/><E111/><V126/><F126/><W87/><G87/><T39/><D39/><U95/><E107/><V69/><F69/><W16/><AGARI ba="0,0" hai="10,12,13,14,16,53,59,60,80,82,83" m="2633" machi="16" ten="30,4000,0" yaku="8,1,52,1,54,1" doraHai="51" who="3" fromWho="3" sc="292,-10,188,-10,290,-20,230,40" /><INIT seed="3,0,0,0,3,7" ten="282,178,270,270" oya="3" hai0="22,89,29,110,42,44,99,62,79,74,106,103,45" hai1="8,59,75,37,0,113,70,53,10,66,47,61,117" hai2="134,84,105,130,93,16,81,82,33,21,77,58,40" hai3="129,98,80,55,124,17,6,65,69,64,28,88,2"/><W35/><G35/><T85/><D110/><U27/><E0/><V102/><F33/><W67/><G28/><T90/><D62/><U11/><E113/><V46/><F130/><W20/><G69/><T126/><D126/><U123/><E123/><V3/><F3/><W78/><G129/><T104/><D42/><N who="1" m="22991" /><E75/><V5/><F134/><W128/><G128/><T4/><D4/><U15/><E27/><V135/><F135/><W50/><G124/><T91/><D22/><U94/><E94/><V36/><F5/><W118/><G118/><T72/><D45/><U25/><E25/><V32/><F32/><W122/><G122/><T86/><D44/><U63/><E117/><V1/><F1/><W116/><G116/><T101/><D29/><U57/><E15/><V39/><F105/><W30/><G30/><T112/><D112/><U109/><E109/><V9/><F9/><W119/><G119/><T24/><D24/><U31/><E31/><V92/><F39/><W38/><G38/><T131/><D131/><U68/><E68/><V73/><F58/><N who="3" m="33143" /><G6/><T34/><D34/><U41/><E41/><V18/><F102/><W114/><G2/><T125/><D125/><U127/><E127/><V95/><REACH who="2" step="1"/><F21/><REACH who="2" ten="282,178,260,270" step="2"/><W56/><G114/><T97/><D72/><U87/><E59/><V100/><F100/><W13/><G56/><T60/><D60/><N who="1" m="40263" /><E87/><V76/><AGARI ba="0,1" hai="16,18,36,40,46,73,76,77,81,82,84,92,93,95" machi="76" ten="30,4000,0" yaku="1,1,0,1,54,1,53,0" doraHai="7" doraHaiUra="132" who="2" fromWho="2" sc="282,-10,178,-10,260,50,270,-20" owari="272,7.2,168,-33.2,310,41.0,250,-15.0" /></mjloggm>