<mjloggm ver="2.3"><GO type="225" lobby="0"/><UN n0="%E6%A1%9C%E8%8A%B1%E9%96%83%E3%80%85" n1="%E5%91%A8%E6%9D%B1" n2="%E6%81%A5%E6%99%92%E3%81%97" n3="%E6%9D%BE%E6%9C%AC%E5%81%A5%E7%94%B7" dan="16,17,16,17" rate="2160.38,2185.14,2067.93,2231.41" sx="M,M,M,M"/><TAIKYOKU oya="0"/><INIT seed="0,0,0,1,5,88" ten="250,250,250,250" oya="0" hai0="131,52,66,38,108,109,128,44,14,56,90,5,94" hai1="24,75,58,110,95,112,80,26,10,93,71,47,36" hai2="105,18,57,69,28,19,92,60,50,89,97,40,107" hai3="74,114,16,73,103,11,15,62,87,3,12,23,68"/><T2/><D2/><U70/><E110/><N who="0" m="42601" /><D5/><U96/><E112/><V83/><F28/><W77/><G114/><T6/><D14/><U72/><E58/><V124/><F124/><W132/><G3/><T45/><D6/><U30/><E10/><V13/><F69/><W31/><G132/><T65/><D65/><U119/><E96/><V123/><F123/><W4/><G103/><T46/><D66/><U20/><E80/><V9/><F83/><W84/><G68/><T78/><D78/><U39/><E47/><N who="2" m="25959" /><F105/><W106/><G62/><N who="0" m="36103" /><D38/><U34/><E34/><V120/><F120/><W117/><G117/><T59/><D59/><U33/><E33/><V113/><F107/><W133/><G133/><T99/><AGARI ba="0,0" hai="44,45,46,90,94,99,128,131" m="36103,42601" machi="99" ten="40,12000,1" yaku="14,1,10,1,52,1,54,1" doraHai="88" who="0" fromWho="0" sc="250,120,250,-40,250,-40,250,-40" /><INIT seed="0,1,0,1,0,71" ten="370,210,210,210" oya="0" hai0="120,11,1,97,2,36,93,127,6,96,113,39,83" hai1="128,25,135,10,48,79,4,122,28,95,72,46,78" hai2="23,38,34,117,105,17,41,112,65,22,29,64,15" hai3="5,80,56,103,47,81,115,75,33,59,77,88,111"/><T57/><D113/><U126/><E122/><V69/><F112/><W92/><G115/><T16/><D120/><U66/><E126/><V90/><F105/><W89/><G111/><T133/><D127/><U100/><E128/><V123/><F123/><W37/><G33/><T104/><D133/><U94/><E135/><V24/><F117/><W101/><G5/><T27/><D1/><U26/><E66/><V102/><F102/><W62/><G62/><T12/><D104/><U19/><E19/><V13/><F69/><W76/><G47/><T32/><D83/><U86/><E72/><V7/><F90/><W9/><G9/><T52/><D96/><U60/><E60/><V61/><F61/><W74/><G37/><T109/><D109/><U87/><E100/><V21/><F34/><W63/><G63/><N who="0" m="36263" /><D93/><AGARI ba="1,0" hai="56,59,74,75,76,77,80,81,88,89,92,93,101,103" machi="93" ten="25,3200,0" yaku="22,2,54,1" doraHai="71" who="3" fromWho="0" sc="370,-35,210,0,210,0,210,35" /><INIT seed="1,0,0,2,1,5" ten="335,210,210,245" oya="1" hai0="16,74,117,85,68,89,95,83,94,2,118,31,121" hai1="124,55,75,28,26,111,90,102,120,110,21,87,126" hai2="99,69,12,113,81,109,51,62,43,134,44,10,135" hai3="130,52,96,97,39,107,58,34,33,41,0,29,108"/><U38/><E38/><V71/><F109/><N who="1" m="41481" /><E75/><V35/><F35/><W67/><G108/><T4/><D68/><U92/><E120/><V91/><F113/><W103/><G130/><T14/><D31/><U105/><E55/><V80/><F80/><W20/><G0/><T40/><D40/><U3/><E3/><V123/><F123/><W119/><G67/><T9/><D121/><U100/><E105/><V86/><F99/><W82/><G119/><T133/><D133/><N who="2" m="50698" /><F62/><W25/><G96/><T115/><D115/><U7/><E7/><AGARI ba="0,0" hai="7,10,12,43,44,51,69,71,81,86,91" m="50698" machi="7" ten="30,2000,0" yaku="20,1,52,1" doraHai="5" who="2" fromWho="1" sc="335,0,210,-20,210,20,245,0" /><INIT seed="2,0,0,4,2,55" ten="335,190,230,245" oya="2" hai0="111,113,86,135,52,15,99,85,122,78,88,63,127" hai1="101,34,1,8,81,53,54,118,20,134,80,64,128" hai2="9,0,92,120,42,73,43,132,45,39,7,114,13" hai3="47,32,77,116,91,58,124,38,48,37,12,94,14"/><V4/><F114/><W17/><G116/><T126/><D113/><U27/><E118/><V125/><F120/><W46/><G124/><T49/><D111/><U79/><E34/><V30/><F125/><W50/><G32/><T18/><D122/><U89/><E134/><V26/><F132/><W93/><G77/><T21/><D135/><U96/><E128/><V110/><F110/><W36/><G12/><T56/><D126/><U82/><E79/><V129/><F129/><W121/><G121/><T60/><D127/><U71/><E89/><V16/><F73/><W40/><G58/><T35/><D35/><U41/><E41/><V103/><F0/><W98/><G93/><N who="0" m="56743" /><D86/><U67/><E71/><V107/><F107/><W51/><REACH who="3" step="1"/><G40/><REACH who="3" ten="335,190,230,235" step="2"/><T76/><D78/><U5/><E101/><V106/><F43/><W65/><G65/><T130/><D130/><U10/><E67/><V117/><F117/><W6/><G6/><T31/><D31/><U102/><E64/><V97/><F106/><W104/><G104/><T61/><D61/><U87/><E5/><V59/><F59/><W115/><G115/><T84/><D84/><U108/><E87/><V28/><F4/><W75/><G75/><T29/><D29/><N who="1" m="17639" /><E108/><V23/><AGARI ba="0,1" hai="7,9,13,16,23,26,28,30,39,42,45,92,97,103" machi="23" ten="30,3000,0" yaku="0,1,54,1" doraHai="55" who="2" fromWho="2" sc="335,-10,190,-10,230,40,235,-10" /><INIT seed="2,1,0,0,4,91" ten="325,180,270,225" oya="2" hai0="53,46,102,135,93,24,33,88,126,104,62,27,67" hai1="96,12,74,6,30,90,10,50,123,115,72,107,132" hai2="112,118,131,121,95,13,92,120,52,1,125,86,94" hai3="124,119,7,58,89,127,19,78,17,34,51,47,14"/><V85/><F1/><W9/><G34/><T111/><D111/><U49/><E115/><V56/><F112/><W73/><G119/><T79/><D126/><U54/><E123/><V113/><F113/><W66/><G78/><T110/><D110/><U77/><E132/><V48/><F118/><W130/><G73/><T80/><D104/><U16/><E30/><V41/><F125/><W4/><G130/><T71/><D102/><U129/><E129/><V28/><F131/><W64/><G124/><T128/><D33/><U43/><E77/><V15/><F28/><W44/><G44/><T20/><D20/><U5/><E74/><V31/><F31/><W38/><G38/><T3/><D3/><U11/><E72/><V116/><F116/><W117/><G117/><T21/><D21/><U39/><E39/><V42/><F120/><W35/><G35/><T45/><D45/><N who="1" m="25791" /><E11/><V59/><F59/><W2/><G127/><T82/><D82/><U40/><E40/><N who="2" m="15467" /><F121/><W60/><G66/><T32/><D32/><U109/><E107/><V0/><F0/><W65/><G65/><T114/><D114/><U99/><E109/><V75/><F75/><W122/><G122/><T8/><D8/><U133/><E133/><V87/><AGARI ba="1,0" hai="13,15,48,52,56,85,86,87,92,94,95" m="15467" machi="87" ten="40,12000,1" yaku="8,1,52,3,54,1" doraHai="91" who="2" fromWho="2" sc="325,-41,180,-41,270,123,225,-41" /><INIT seed="2,2,0,4,0,68" ten="284,139,393,184" oya="2" hai0="37,49,67,76,75,58,25,108,43,71,74,134,15" hai1="79,118,10,99,27,14,30,33,77,39,88,83,50" hai2="73,131,130,119,123,92,127,9,19,55,100,72,62" hai3="87,107,94,8,48,20,3,26,40,97,45,85,91"/><V86/><F119/><W32/><G32/><T52/><D108/><U96/><E118/><V38/><F123/><W126/><G126/><T11/><D134/><U111/><E111/><V80/><F55/><W66/><G66/><T70/><D25/><U120/><E120/><V5/><F19/><W117/><G117/><T46/><D76/><U35/><E35/><V7/><F62/><W34/><G34/><T90/><D90/><U122/><E122/><V53/><F53/><W17/><G107/><T101/><D101/><U125/><E125/><V31/><F31/><W124/><G124/><T13/><D13/><U113/><E113/><V51/><F51/><W41/><G41/><T115/><D115/><U22/><E39/><V121/><F38/><W84/><G3/><T129/><D129/><U132/><E33/><V89/><F121/><W61/><G61/><N who="0" m="40303" /><D71/><U42/><E132/><V106/><F127/><W98/><G98/><T110/><D110/><U102/><E102/><V135/><F135/><W64/><G64/><T57/><D58/><U128/><E128/><V93/><F72/><W24/><G8/><T47/><D47/><N who="1" m="25975" /><E99/><V23/><F100/><N who="3" m="60471" /><G26/><T4/><AGARI ba="2,0" hai="4,11,15,37,43,46,49,52,57,74,75" m="40303" machi="4" ten="30,4000,0" yaku="24,1,52,1,54,1" doraHai="68" who="0" fromWho="0" sc="284,46,139,-12,393,-22,184,-12" /><INIT seed="3,0,0,5,1,107" ten="330,127,371,172" oya="3" hai0="81,113,59,127,7,60,54,31,10,15,91,125,78" hai1="118,22,94,103,79,44,86,134,121,98,74,93,20" hai2="38,34,123,77,12,46,131,42,36,24,58,80,40" hai3="65,73,101,120,49,19,106,109,32,25,14,51,0"/><W122/><G0/><T35/><D113/><U95/><E121/><V18/><F123/><W117/><G117/><T26/><REACH who="0" step="1"/><D91/><REACH who="0" ten="320,127,371,172" step="2"/><U111/><E118/><V45/><F131/><W115/><G115/><T23/><D23/><U96/><E111/><V48/><F34/><W41/><G122/><T8/><D8/><U63/><E134/><V1/><F36/><W102/><G120/><T64/><D64/><U37/><E37/><V52/><F38/><W6/><G109/><T33/><D33/><U82/><E44/><V71/><F46/><W110/><G110/><T116/><D116/><U129/><E129/><V126/><F45/><W56/><G32/><T132/><D132/><U72/><E63/><V29/><F40/><W68/><G65/><T3/><D3/><U75/><REACH who="1" step="1"/><E94/><REACH who="1" ten="320,117,371,172" step="2"/><V2/><F42/><W130/><G130/><T13/><D13/><U39/><E39/><V124/><F12/><W85/><G41/><T27/><D27/><U9/><E9/><V87/><F1/><W66/><G14/><T128/><D128/><U105/><E105/><V5/><F2/><W84/><G106/><T89/><D89/><AGARI ba="0,2" hai="20,22,72,74,75,79,82,86,89,93,95,96,98,103" machi="89" ten="40,8000,1" yaku="1,1,52,3,53,1" doraHai="107" doraHaiUra="83" who="1" fromWho="0" sc="320,-80,117,100,371,0,172,0" owari="240,4.0,217,-18.3,371,47.1,172,-32.8" /></mjloggm>