<mjloggm ver="2.3"><GO type="225" lobby="0"/><UN n0="%72%65%6E%6B%75%6E" n1="%E3%81%8B%E3%82%8F%E3%81%A1%E3%82%83%E3%82%93%35%38" n2="%E3%81%95%E3%82%88%E3%81%AA%E3%82%89%E3%83%9A%E3%81%BA%E3%83%9A" n3="%E5%91%A8%E6%9D%B1" dan="17,16,16,17" rate="2219.43,2129.29,2132.24,2143.40" sx="M,M,F,M"/><TAIKYOKU oya="0"/><INIT seed="0,0,0,1,0,94" ten="250,250,250,250" oya="0" hai0="102,69,30,17,130,97,4,133,88,1,24,47,20" hai1="128,38,6,3,15,13,61,132,11,60,73,111,21" hai2="101,82,67,116,37,7,10,79,87,34,124,93,122" hai3="89,8,45,107,48,41,65,18,33,26,68,71,105"/><T50/><D130/><U104/><E73/><V119/><F122/><W91/><G107/><T55/><D133/><U123/><E38/><V56/><F37/><W120/><G120/><T76/><D69/><U95/><E104/><V135/><F34/><W74/><G74/><T112/><D112/><U49/><E123/><V126/><F135/><W57/><G105/><T100/><D76/><U109/><E132/><V72/><F67/><W63/><G71/><T113/><D113/><U59/><E128/><V25/><F56/><W110/><G110/><N who="1" m="41994" /><E95/><V29/><F29/><W64/><G64/><T96/><D1/><U127/><E127/><N who="2" m="48683" /><F25/><W83/><G33/><T16/><D4/><U44/><E21/><V0/><F72/><W134/><G134/><T117/><D117/><U103/><E103/><N who="0" m="39465" /><D88/><U106/><E106/><V125/><N who="2" m="48691" /><V118/><DORA hai="9" /><F101/><W108/><G108/><T98/><AGARI ba="0,0" hai="16,17,20,24,30,47,50,55,96,97,98" m="39465" machi="98" ten="30,12000,1" yaku="8,1,52,3,54,1" doraHai="94,9" who="0" fromWho="0" sc="250,120,250,-40,250,-40,250,-40" /><INIT seed="0,1,0,1,1,18" ten="370,210,210,210" oya="0" hai0="97,38,66,0,46,116,49,58,6,33,57,100,88" hai1="44,130,70,26,134,40,19,85,45,121,113,55,16" hai2="68,60,117,90,106,102,59,110,32,13,123,53,64" hai3="37,94,127,69,95,54,80,36,111,62,103,67,105"/><T29/><D116/><U15/><E121/><V108/><F117/><W51/><G105/><T120/><D38/><U112/><E70/><V91/><F123/><W1/><G1/><T98/><D120/><U83/><E134/><V52/><F32/><W50/><G127/><T128/><D128/><U77/><E130/><V2/><F2/><W4/><G4/><T119/><D119/><U5/><E5/><V30/><F30/><W12/><G111/><N who="2" m="42537" /><F13/><W22/><G80/><T11/><D66/><U27/><E55/><N who="2" m="21067" /><F68/><W17/><G51/><T56/><D100/><U71/><E71/><V122/><F122/><W81/><G81/><T20/><D33/><U96/><E19/><V92/><F106/><W79/><G79/><T34/><D34/><U10/><E96/><AGARI ba="1,0" hai="59,60,64,90,91,92,96,102" m="21067,42537" machi="96" ten="30,2000,0" yaku="14,1,54,1" doraHai="18" who="2" fromWho="1" sc="370,0,210,-23,210,23,210,0" /><INIT seed="1,0,0,5,3,130" ten="370,187,233,210" oya="1" hai0="114,81,70,66,51,46,44,28,124,7,76,79,27" hai1="52,84,82,133,65,74,104,116,49,30,106,77,9" hai2="87,127,115,41,59,53,71,24,11,19,15,92,111" hai3="107,21,3,55,90,72,134,40,50,91,95,38,18"/><U45/><E116/><V34/><F115/><W1/><G107/><T0/><D114/><U132/><E65/><V60/><F111/><W35/><G35/><T39/><D124/><U16/><E30/><V33/><F127/><W63/><G72/><T25/><D66/><U12/><REACH who="1" step="1"/><E74/><REACH who="1" ten="370,177,233,210" step="2"/><V94/><F71/><W88/><G134/><AGARI ba="0,1" hai="9,12,16,45,49,52,77,82,84,104,106,132,133,134" machi="134" ten="40,24000,3" yaku="1,1,2,1,20,1,52,3,54,2,53,0" doraHai="130" doraHaiUra="123" who="1" fromWho="3" sc="370,0,177,250,233,0,210,-240" owari="370,17.0,427,52.7,233,-16.7,-30,-53.0" /></mjloggm>