<mjloggm ver="2.3"><GO type="225" lobby="0"/><UN n0="%E7%8D%85%E5%AD%90%E5%BA%A7%E3%81%8B%E3%81%A3%E3%81%B4%E3%83%BC" n1="%E3%83%B4%E3%83%A0%EF%BC%99%E3%81%A6" n2="%72%69%6F%75%63%68%61%6E" n3="%E3%81%AF%E3%82%88%E3%81%8A%E3%81%98%E3%81%95%E3%82%93" dan="16,17,16,17" rate="2142.33,2159.40,2126.65,2242.50" sx="M,M,M,M"/><TAIKYOKU oya="0"/><INIT seed="0,0,0,3,3,72" ten="250,250,250,250" oya="0" hai0="114,82,69,92,78,18,57,90,73,24,115,97,108" hai1="75,26,0,84,47,99,118,10,15,52,34,22,130" hai2="39,3,16,122,117,134,41,89,40,106,94,91,68" hai3="21,81,127,5,62,37,110,103,132,85,98,101,107"/><T112/><D69/><U2/><E75/><V17/><F122/><W28/><G37/><T8/><D57/><U4/><E118/><V120/><F120/><W60/><G110/><T36/><D36/><U119/><E119/><V135/><F117/><W126/><G132/><N who="2" m="50729" /><F106/><W30/><G5/><T12/><D24/><U100/><E130/><V23/><F3/><W86/><G81/><T123/><REACH who="0" step="1"/><D123/><REACH who="0" ten="240,250,250,250" step="2"/><U50/><E34/><V102/><F68/><W20/><G107/><T9/><D9/><U95/><REACH who="1" step="1"/><E84/><REACH who="1" ten="240,240,250,250" step="2"/><V19/><F23/><W55/><G20/><T109/><AGARI ba="0,2" hai="8,12,18,73,78,82,90,92,97,108,109,112,114,115" machi="109" ten="40,7800,0" yaku="1,1,0,1,52,1,53,0" doraHai="72" doraHaiUra="56" who="0" fromWho="0" sc="240,98,240,-26,250,-26,250,-26" /><INIT seed="0,1,0,2,4,121" ten="338,214,224,224" oya="0" hai0="70,125,115,114,27,64,123,42,109,85,29,134,73" hai1="78,11,67,53,32,63,2,54,66,34,91,117,75" hai2="90,107,46,68,48,116,87,14,86,62,131,39,0" hai3="88,133,31,15,74,98,111,19,16,18,113,92,51"/><T1/><D85/><U119/><E117/><V58/><F131/><W5/><G113/><T6/><D42/><U30/><E119/><V52/><F116/><W132/><G74/><T129/><D64/><U41/><E91/><V43/><F0/><W130/><G130/><T127/><D73/><U4/><E66/><N who="2" m="41047" /><F107/><W104/><G111/><T20/><D70/><U38/><E53/><V110/><F110/><W122/><G122/><T77/><D77/><U94/><E94/><V79/><F79/><W84/><G31/><T108/><D123/><U106/><E54/><V23/><F90/><W89/><G51/><T37/><D37/><U97/><E97/><V71/><F71/><W120/><G120/><T102/><D102/><U96/><E96/><V82/><F82/><W99/><G104/><T28/><D129/><U3/><E3/><V22/><F22/><W81/><G98/><T72/><D72/><U100/><E100/><V12/><F12/><W8/><AGARI ba="1,0" hai="5,8,15,16,18,19,81,84,88,89,92,99,132,133" machi="8" ten="30,4000,0" yaku="0,1,54,2" doraHai="121" who="3" fromWho="3" sc="338,-21,214,-11,224,-11,224,43" /><INIT seed="1,0,0,0,5,114" ten="317,203,213,267" oya="1" hai0="74,68,42,29,73,46,58,67,128,129,35,72,121" hai1="109,22,103,134,93,106,88,32,95,59,133,18,118" hai2="27,82,104,47,108,44,117,52,70,102,98,116,0" hai3="94,120,124,39,53,48,69,25,125,15,50,45,30"/><U16/><E32/><V65/><F0/><W5/><G39/><N who="0" m="21855" /><D58/><U31/><E109/><V101/><F108/><W83/><G69/><T6/><D6/><U9/><E118/><V92/><F82/><W62/><G120/><T38/><D38/><U110/><E110/><V77/><F77/><W130/><G130/><N who="0" m="50283" /><D121/><U112/><E112/><V87/><F27/><W7/><G62/><N who="0" m="40055" /><D29/><U2/><E59/><V4/><F4/><W10/><G5/><T60/><D60/><U36/><E36/><V34/><F65/><W122/><G122/><T80/><D35/><U49/><E49/><V40/><F70/><W79/><G94/><T63/><D63/><U81/><E2/><V17/><F34/><W12/><G12/><T41/><D41/><U78/><E93/><V24/><F40/><W57/><G25/><T123/><D123/><U33/><E33/><V127/><F44/><W28/><G50/><T3/><D3/><U90/><E31/><V113/><F113/><W119/><G57/><T23/><D23/><U54/><E54/><V55/><F55/><W96/><G30/><T66/><D66/><U51/><E51/><V64/><F64/><W105/><G28/><T107/><D107/><U115/><E115/><V26/><F52/><W126/><G105/><T14/><D14/><N who="1" m="7247" /><E95/><V85/><F47/><W1/><G1/><T20/><D20/><U21/><E21/><N who="2" m="13359" /><F26/><W131/><G131/><T84/><D84/><N who="2" m="32330" /><F104/><W91/><G79/><AGARI ba="0,0" hai="72,73,74,79,80" m="40055,50283,21855" machi="79" ten="30,2000,0" yaku="19,1,23,1" doraHai="114" who="0" fromWho="3" sc="317,20,203,0,213,0,267,-20" /><INIT seed="2,0,0,2,1,28" ten="337,203,213,247" oya="2" hai0="88,62,39,130,5,71,81,30,119,45,103,43,32" hai1="105,65,93,85,68,111,3,51,67,112,94,16,106" hai2="18,33,49,52,7,87,20,15,22,26,120,91,1" hai3="0,47,96,79,78,110,37,21,117,72,17,38,56"/><V31/><F120/><W50/><G117/><T134/><D5/><U14/><E112/><V55/><F20/><W66/><G0/><T11/><D11/><U135/><E3/><V12/><F12/><W23/><G23/><T75/><D119/><U115/><E115/><V116/><F116/><W24/><G110/><T64/><D130/><U25/><E25/><V41/><F41/><W80/><G78/><N who="0" m="44255" /><D88/><U108/><E51/><V97/><F97/><W4/><G4/><T40/><D40/><U19/><E68/><V114/><F114/><W6/><G6/><T13/><D13/><U83/><E14/><V109/><F109/><W36/><G96/><T27/><D103/><U98/><E98/><V124/><F124/><W9/><G9/><T70/><D70/><U90/><E90/><V118/><F118/><W122/><G122/><T53/><D53/><U46/><E83/><N who="2" m="49663" /><F49/><W61/><G38/><T102/><D102/><U133/><REACH who="1" step="1"/><E85/><REACH who="1" ten="337,193,213,247" step="2"/><V8/><AGARI ba="0,1" hai="1,7,8,15,18,22,26,31,33,52,55" m="49663" machi="8" ten="30,6000,0" yaku="24,1,52,1,54,1" doraHai="28" who="2" fromWho="2" sc="337,-20,193,-20,213,70,247,-20" /><INIT seed="2,1,0,1,3,4" ten="317,173,283,227" oya="2" hai0="73,118,29,83,47,22,127,87,112,79,32,11,91" hai1="77,39,50,62,48,10,100,123,126,116,85,68,106" hai2="90,54,125,113,23,107,8,2,122,109,0,6,3" hai3="40,37,71,12,69,64,124,20,56,60,38,89,88"/><V21/><F113/><W34/><G34/><T13/><D118/><U117/><E39/><V102/><F122/><W81/><G124/><T36/><D127/><U84/><E126/><V132/><F125/><W128/><G128/><T44/><D112/><U99/><E123/><V33/><F33/><W61/><G40/><T27/><D32/><U9/><E116/><V134/><F109/><W131/><G131/><T103/><D103/><U104/><E117/><V26/><F90/><W129/><G129/><T130/><D130/><U93/><E77/><V57/><F102/><W101/><G101/><T18/><REACH who="0" step="1"/><D36/><REACH who="0" ten="307,173,283,227" step="2"/><U121/><E121/><V55/><F107/><W52/><G38/><T16/><D16/><U43/><E104/><V98/><F134/><W66/><G37/><T14/><D14/><U111/><E111/><V65/><F132/><W75/><G12/><T114/><D114/><U53/><E106/><V1/><F1/><W7/><G7/><T120/><D120/><U41/><E68/><V15/><F26/><W76/><G20/><T49/><D49/><AGARI ba="1,1" hai="49,52,56,60,61,64,66,69,71,75,76,81,88,89" machi="49" ten="30,7700,0" yaku="7,1,9,1,54,2" doraHai="4" who="3" fromWho="0" sc="307,-80,173,0,283,0,227,90" /><INIT seed="3,0,0,5,3,115" ten="227,173,283,317" oya="3" hai0="20,36,5,76,74,22,93,92,82,84,105,118,42" hai1="58,90,75,71,48,116,37,29,3,113,23,77,13" hai2="100,1,24,110,103,61,2,49,65,50,53,126,132" hai3="6,130,101,39,55,111,4,91,119,47,70,94,99"/><W43/><G119/><T89/><D5/><U28/><E113/><V32/><F110/><W52/><G70/><T44/><D118/><U34/><E37/><V112/><F112/><W83/><G111/><T85/><D105/><U96/><E71/><V54/><F32/><W124/><G124/><T88/><AGARI ba="0,0" hai="20,22,36,42,44,74,76,82,84,85,88,89,92,93" machi="88" ten="30,4000,0" yaku="0,1,9,1,54,1" doraHai="115" who="0" fromWho="0" sc="227,40,173,-10,283,-10,317,-20" /><INIT seed="4,0,0,0,4,4" ten="267,163,273,297" oya="0" hai0="46,92,115,104,63,30,51,113,127,98,50,103,55" hai1="16,111,79,61,96,57,62,32,13,87,100,108,83" hai2="41,69,81,85,1,97,59,109,18,114,134,10,74" hai3="93,52,28,125,128,45,11,118,121,122,86,19,44"/><T49/><D127/><U39/><E39/><V110/><F69/><W42/><G125/><T15/><D30/><U20/><E32/><V34/><F34/><W21/><G118/><T77/><D77/><U123/><E123/><N who="3" m="47114" /><G128/><T112/><D104/><U47/><E47/><V14/><F114/><W60/><G28/><T24/><D24/><U76/><E76/><V88/><F134/><W22/><G11/><T43/><D15/><U106/><REACH who="1" step="1"/><E62/><REACH who="1" ten="267,153,273,297" step="2"/><V25/><F110/><W90/><G45/><T101/><D101/><U95/><E95/><V132/><F109/><W120/><G120/><T40/><D40/><U65/><AGARI ba="0,1" hai="13,16,20,57,61,65,79,83,87,96,100,106,108,111" machi="65" ten="20,5200,0" yaku="1,1,0,1,7,1,54,1,53,0" doraHai="4" doraHaiUra="5" who="1" fromWho="1" sc="267,-26,153,62,273,-13,297,-13" /><INIT seed="5,0,0,4,2,92" ten="241,215,260,284" oya="1" hai0="27,114,4,80,133,44,118,20,83,5,61,39,74" hai1="67,84,70,76,117,65,87,75,81,93,48,45,109" hai2="128,121,56,46,8,42,127,50,7,26,1,43,111" hai3="103,78,25,17,88,106,52,47,54,24,64,94,59"/><U11/><E117/><V115/><F111/><W96/><G78/><T130/><D118/><U95/><E109/><V53/><F121/><W107/><G107/><T99/><D130/><U100/><E70/><V62/><F128/><W89/><G106/><T13/><D133/><U79/><E11/><V91/><F127/><W15/><G64/><T101/><D114/><U125/><E125/><V30/><F115/><W40/><G40/><T12/><D39/><U32/><E32/><V123/><F123/><W69/><G69/><T85/><D74/><U77/><E75/><V35/><REACH who="2" step="1"/><F91/><REACH who="2" ten="241,215,250,284" step="2"/><N who="3" m="34891" /><G47/><T41/><D44/><U97/><E93/><V31/><F31/><W21/><G54/><AGARI ba="0,1" hai="1,7,8,26,30,35,42,43,46,50,53,54,56,62" machi="54" ten="30,2000,0" yaku="1,1,7,1,53,0" doraHai="92" doraHaiUra="72" who="2" fromWho="3" sc="241,0,215,0,250,30,284,-20" /><INIT seed="6,0,0,1,1,63" ten="241,215,280,264" oya="2" hai0="25,34,44,77,38,57,30,41,111,22,93,72,128" hai1="27,135,48,102,125,71,36,35,43,109,28,82,0" hai2="52,105,68,23,61,60,127,98,115,13,90,8,131" hai3="120,110,5,4,55,24,95,58,17,108,31,126,47"/><V40/><F115/><W16/><G47/><T29/><D111/><N who="3" m="42537" /><G58/><T49/><D128/><U19/><E109/><V83/><F127/><W45/><G55/><T113/><D113/><U80/><E125/><V117/><F131/><W96/><G45/><T119/><D119/><U37/><E0/><V59/><F117/><W118/><G118/><T20/><D77/><U89/><E135/><V78/><F40/><W91/><G91/><T15/><D72/><U133/><E133/><V112/><F112/><W32/><G95/><T103/><D38/><U50/><E102/><V14/><F68/><W53/><G96/><N who="0" m="59791" /><D34/><U87/><E71/><V101/><F90/><W18/><G53/><T21/><D25/><U107/><E107/><V70/><F70/><W97/><G97/><T11/><D57/><U75/><E19/><AGARI ba="0,0" hai="11,15,19,20,21,22,29,30,41,44,49" m="59791" machi="19" ten="30,1000,0" yaku="8,1" doraHai="63" who="0" fromWho="1" sc="241,10,215,-10,280,0,264,0" /><INIT seed="7,0,0,3,4,40" ten="251,205,280,264" oya="3" hai0="68,31,76,98,107,103,88,33,28,106,100,126,47" hai1="93,77,4,0,99,20,128,52,91,90,62,24,60" hai2="82,5,96,70,132,23,105,114,127,1,124,18,26" hai3="63,117,64,42,12,66,84,27,49,89,61,25,120"/><W111/><G117/><T113/><D76/><U19/><E128/><V112/><F132/><W36/><G120/><T104/><D68/><U37/><E37/><V69/><F82/><W6/><G36/><T51/><D126/><N who="2" m="48170" /><F5/><W16/><G111/><T38/><D38/><U121/><E121/><V94/><F105/><W95/><G6/><T134/><D134/><U10/><E77/><V75/><F1/><W11/><G61/><T14/><D113/><N who="2" m="43626" /><F75/><W72/><G72/><T115/><D115/><U57/><REACH who="1" step="1"/><E60/><REACH who="1" ten="251,195,280,264" step="2"/><V118/><F118/><W79/><G79/><T55/><D33/><U65/><E65/><N who="3" m="25194" /><G63/><T9/><D106/><U71/><E71/><V3/><F3/><W109/><G109/><T58/><D107/><U46/><E46/><AGARI ba="0,1" hai="11,12,16,25,27,42,46,49,84,89,95" m="25194" machi="46" ten="30,5800,0" yaku="8,1,52,1,54,1" doraHai="40" who="3" fromWho="1" sc="251,0,195,-58,280,0,264,68" owari="251,-14.9,137,-36.3,280,8.0,332,43.2" /></mjloggm>