<mjloggm ver="2.3"><GO type="225" lobby="0"/><UN n0="%E3%81%82%E3%81%84%E3%81%82%E3%81%8A%E3%81%84" n1="%E6%81%A5%E6%99%92%E3%81%97" n2="%E5%B0%8F%E9%B3%A5%E9%81%8A%E7%B7%B4%E7%84%A1%32%31%E6%AD%B3" n3="%E9%A6%AC%E5%BC%95%E7%81%AB%33" dan="18,16,16,16" rate="2225.39,2069.61,2182.28,2145.72" sx="M,M,F,M"/><TAIKYOKU oya="0"/><INIT seed="0,0,0,0,0,33" ten="250,250,250,250" oya="0" hai0="58,92,15,135,110,85,86,48,49,97,12,55,101" hai1="19,122,80,17,61,54,50,4,23,24,68,83,21" hai2="87,133,6,105,109,126,53,59,73,7,124,79,114" hai3="108,34,2,95,132,1,127,116,113,47,31,103,51"/><T62/><D135/><U130/><E130/><V16/><F114/><W81/><G113/><T35/><D35/><U41/><E122/><V89/><F105/><W0/><G116/><T112/><D112/><U84/><E41/><V13/><F133/><W100/><G132/><T119/><D119/><U52/><E4/><V98/><F98/><W9/><G9/><T91/><D110/><U45/><E84/><V65/><F65/><W10/><G10/><T75/><D75/><U46/><E68/><V90/><F79/><W43/><G108/><T14/><REACH who="0" step="1"/><D86/><REACH who="0" ten="240,250,250,250" step="2"/><U67/><E67/><V82/><F73/><W26/><G127/><T38/><D38/><U115/><E115/><V8/><F109/><W74/><REACH who="3" step="1"/><G95/><AGARI ba="0,1" hai="12,14,15,48,49,55,58,62,85,91,92,95,97,101" machi="95" ten="40,3900,0" yaku="1,1,8,1,53,0" doraHai="33" doraHaiUra="18" who="0" fromWho="3" sc="240,49,250,0,250,0,250,-39" /><INIT seed="0,1,0,1,1,90" ten="289,250,250,211" oya="0" hai0="26,36,110,51,89,53,119,55,121,6,84,85,104" hai1="124,126,43,99,63,0,94,30,40,130,34,38,79" hai2="24,35,78,42,17,70,3,115,21,52,120,46,45" hai3="71,7,16,14,2,19,9,20,29,25,31,116,122"/><T57/><D119/><U54/><E0/><V48/><F115/><W32/><G71/><T118/><D118/><U23/><E34/><V41/><F120/><W100/><G100/><T131/><D121/><U11/><E130/><V60/><F3/><W44/><G44/><T117/><D117/><U88/><E11/><V112/><F112/><W49/><G49/><T113/><D36/><U73/><E73/><V108/><F108/><W61/><G61/><T92/><D104/><U58/><E79/><V81/><F35/><W1/><G116/><T13/><D113/><U132/><E132/><V125/><F125/><N who="1" m="48233" /><E38/><V76/><F81/><W12/><G122/><T67/><D67/><U129/><E129/><V106/><F106/><W28/><G1/><T65/><D65/><U10/><E10/><AGARI ba="1,0" hai="2,7,9,10,12,14,16,19,20,25,28,29,31,32" machi="10" ten="30,16000,3" yaku="7,1,24,2,35,6,54,1" doraHai="90" who="3" fromWho="1" sc="289,0,250,-163,250,0,211,163" /><INIT seed="1,0,0,3,2,127" ten="289,87,250,374" oya="1" hai0="108,97,29,91,27,15,99,124,120,61,100,63,107" hai1="129,9,110,51,102,74,135,28,20,83,70,125,19" hai2="72,30,23,46,77,14,94,22,40,123,111,66,103" hai3="52,24,114,34,132,56,11,49,16,2,128,36,78"/><U134/><E125/><V50/><F123/><W112/><G36/><T88/><D124/><U31/><E70/><V76/><F111/><W126/><G126/><T64/><D108/><U43/><E110/><V71/><F72/><W93/><G132/><N who="1" m="50730" /><E102/><V13/><F66/><W59/><G78/><N who="2" m="30313" /><F71/><W98/><G128/><T53/><D120/><U85/><E74/><V4/><F4/><W87/><G87/><T82/><D82/><U75/><E75/><V37/><F37/><W18/><G2/><T73/><D73/><U54/><E43/><V109/><F109/><W58/><G34/><T33/><D99/><U57/><E9/><V7/><F30/><W45/><G112/><T131/><D131/><U96/><E96/><N who="2" m="59799" /><F7/><W32/><G32/><T67/><D53/><U42/><E42/><V105/><F105/><W60/><G114/><T47/><D47/><U10/><E10/><V65/><F65/><N who="3" m="39047" /><G11/><T25/><D25/><N who="1" m="14495" /><E129/><V8/><F8/><W118/><G118/><T101/><D101/><U1/><E1/><V90/><F90/><AGARI ba="0,0" hai="28,31,51,54,57,83,85,90" m="14495,50730" machi="90" ten="30,1500,0" yaku="20,1" doraHai="127" who="1" fromWho="2" sc="289,0,87,15,250,-15,374,0" /><INIT seed="1,1,0,0,4,15" ten="289,102,235,374" oya="1" hai0="56,86,126,114,119,96,81,113,84,9,20,93,68" hai1="29,103,89,128,110,111,134,117,1,87,102,107,121" hai2="25,11,88,26,48,53,35,40,24,94,49,4,98" hai3="62,90,108,38,22,118,17,97,91,6,27,66,79"/><U80/><E1/><V77/><F35/><W37/><G79/><T135/><D68/><U47/><E29/><V39/><F39/><W55/><G108/><N who="1" m="41514" /><E47/><N who="2" m="25703" /><F77/><W65/><G118/><T30/><D119/><U10/><E117/><V41/><F41/><W116/><G116/><T52/><D126/><U64/><E64/><V16/><F4/><W23/><G6/><T18/><D30/><U58/><E121/><V122/><F122/><W42/><G42/><T123/><D123/><U34/><E34/><V33/><F33/><W44/><G44/><T13/><D135/><U51/><E134/><V82/><F82/><W69/><G69/><T99/><D9/><U95/><E107/><V7/><F7/><W70/><G37/><T60/><D113/><U19/><E128/><V46/><F11/><W21/><G38/><T14/><D114/><U12/><E80/><V109/><F109/><W31/><G70/><T92/><D81/><U50/><E50/><V5/><F5/><W127/><G62/><T133/><D133/><U100/><E51/><V2/><F2/><W106/><G106/><T120/><D120/><U74/><E74/><V83/><F83/><W54/><G127/><T78/><D78/><U130/><E130/><V32/><F32/><W45/><G45/><T124/><D124/><U63/><E103/><V36/><F36/><W101/><G101/><T76/><D76/><U131/><E131/><V71/><F71/><W132/><G132/><T105/><D105/><U59/><E59/><V73/><F73/><W72/><G72/><T129/><D129/><U67/><AGARI ba="1,0" hai="10,12,19,58,63,67,87,89,95,100,102" m="41514" machi="67" ten="30,11700,0" yaku="5,1,14,1,10,1,52,1" doraHai="15" who="1" fromWho="1" sc="289,-40,102,120,235,-40,374,-40" /><INIT seed="1,2,0,1,0,89" ten="249,222,195,334" oya="1" hai0="3,59,10,18,41,88,33,122,121,100,79,21,2" hai1="113,76,96,52,92,58,87,124,53,125,61,37,49" hai2="130,22,68,102,51,43,55,85,42,23,78,40,47" hai3="6,12,75,8,71,48,77,35,69,84,70,63,24"/><U86/><E113/><V39/><F130/><W95/><G75/><T56/><D33/><U74/><E37/><V38/><F68/><W36/><G36/><T82/><D100/><N who="1" m="60423" /><E74/><V32/><F32/><W132/><G132/><T11/><D41/><U120/><E120/><N who="0" m="46185" /><D88/><U114/><E114/><V81/><F38/><W111/><G48/><T109/><D109/><U28/><E28/><V99/><REACH who="2" step="1"/><F39/><REACH who="2" ten="249,222,185,334" step="2"/><W127/><G71/><T97/><D2/><U110/><E110/><V117/><F117/><W26/><G69/><T73/><D3/><U105/><E105/><AGARI ba="2,1" hai="22,23,40,42,43,47,51,55,78,81,85,99,102,105" machi="105" ten="40,1300,0" yaku="1,1,53,0" doraHai="89" doraHaiUra="126" who="2" fromWho="1" sc="249,0,222,-19,185,29,334,0" /><INIT seed="2,0,0,0,2,93" ten="249,203,214,334" oya="2" hai0="101,127,18,25,120,96,10,102,19,70,107,98,21" hai1="121,92,48,45,78,6,88,50,134,79,22,123,35" hai2="82,55,42,4,129,3,77,80,66,7,60,113,28" hai3="99,90,86,132,41,15,128,73,34,30,116,47,56"/><V74/><F113/><W122/><G73/><T33/><D120/><N who="1" m="46155" /><E35/><V8/><F129/><W63/><G15/><T65/><D127/><U39/><E6/><V103/><F4/><W95/><G116/><T68/><D33/><U100/><E100/><V87/><F28/><W59/><G132/><T13/><REACH who="0" step="1"/><D65/><REACH who="0" ten="239,203,214,334" step="2"/><U75/><E134/><V23/><F66/><W9/><G34/><T110/><D110/><U105/><E105/><AGARI ba="0,1" hai="10,13,18,19,21,25,68,70,96,98,101,102,105,107" machi="105" ten="30,12000,2" yaku="1,1,7,1,9,1,52,2,53,2" doraHai="93" doraHaiUra="94" who="0" fromWho="1" sc="239,130,203,-120,214,0,334,0" /><INIT seed="3,0,0,1,0,46" ten="369,83,214,334" oya="3" hai0="14,117,30,34,96,72,100,79,17,16,120,103,22" hai1="107,85,130,105,41,50,83,25,129,13,125,47,110" hai2="92,40,114,39,5,95,15,45,116,89,18,135,99" hai3="60,131,33,76,94,3,124,133,78,111,80,32,119"/><W126/><G119/><T36/><D117/><U97/><E110/><V68/><F116/><W122/><G122/><T66/><D120/><U82/><E125/><N who="3" m="48234" /><G3/><T64/><D36/><U9/><E25/><V93/><F114/><W61/><G133/><T11/><D103/><U26/><E26/><V51/><F135/><W104/><G104/><T123/><D123/><U24/><E24/><V49/><F68/><W127/><N who="3" m="48242" /><W1/><DORA hai="19" /><G1/><T7/><D34/><N who="3" m="13417" /><G131/><T48/><D30/><U23/><E83/><V67/><F5/><W74/><G78/><T69/><D69/><U134/><E134/><V112/><F67/><W70/><G70/><T132/><D132/><U21/><E107/><V6/><F6/><W42/><G42/><T81/><D48/><U63/><E63/><N who="3" m="24138" /><G94/><T2/><D17/><U55/><E129/><V52/><F39/><W128/><G128/><T35/><D35/><U73/><E130/><V59/><REACH who="2" step="1"/><F112/><REACH who="2" ten="369,83,204,334" step="2"/><W58/><G58/><T27/><D2/><U90/><E73/><V20/><AGARI ba="0,1" hai="15,18,20,40,45,49,51,52,59,89,92,93,95,99" machi="20" ten="20,16000,3" yaku="1,1,2,1,0,1,7,1,8,1,52,3,54,1,53,1" doraHai="46,19" doraHaiUra="87,121" who="2" fromWho="2" sc="369,-40,83,-40,204,170,334,-80" owari="329,12.9,43,-45.7,374,47.4,254,-14.6" /></mjloggm>