<mjloggm ver="2.3"><GO type="225" lobby="0"/><UN n0="%E3%82%8A%E3%81%93%E3%82%8A%E3%82%93%E3%81%94" n1="%E6%B7%91%E5%A5%B3%E3%81%AE%E5%97%9C%E3%81%BF" n2="%6E%69%63%6F%6E%74%6F" n3="%E3%83%A9%E3%82%A4%E3%83%B3%E3%81%AE%E8%99%8E" dan="17,16,16,16" rate="2196.28,2086.46,2144.07,2126.00" sx="M,M,M,M"/><TAIKYOKU oya="0"/><INIT seed="0,0,0,5,0,102" ten="250,250,250,250" oya="0" hai0="48,82,71,19,125,94,3,98,81,86,39,58,122" hai1="23,2,93,112,31,127,8,22,57,133,53,118,66" hai2="7,33,49,131,83,124,24,35,79,107,34,30,87" hai3="73,37,104,77,13,29,21,88,120,119,12,38,62"/><T68/><D122/><U111/><E118/><V84/><F131/><W130/><G119/><T114/><D114/><U18/><E111/><V51/><F124/><W128/><G120/><T129/><D39/><U123/><E123/><V126/><F126/><W28/><G62/><T55/><D3/><U36/><E127/><V97/><F7/><W32/><G21/><T6/><D125/><U78/><E36/><V99/><F87/><W96/><G96/><T80/><D6/><U106/><E133/><V61/><F99/><W117/><G117/><T9/><D86/><U100/><E66/><V72/><F84/><W47/><G47/><T103/><REACH who="0" step="1"/><D129/><REACH who="0" ten="240,250,250,250" step="2"/><U14/><E2/><V59/><F35/><W52/><G32/><T56/><D56/><U43/><E57/><V109/><F34/><W63/><G38/><T44/><D44/><U90/><E112/><V85/><F85/><W89/><G37/><T110/><D110/><U60/><E23/><V108/><F108/><W20/><G20/><T11/><D11/><U113/><E22/><V65/><REACH who="2" step="1"/><F109/><REACH who="2" ten="240,250,240,250" step="2"/><W42/><G128/><T45/><D45/><U74/><E113/><V116/><F116/><W67/><G130/><T1/><D1/><U75/><E75/><V91/><F91/><W132/><G88/><T135/><D135/><U69/><E90/><V25/><F25/><W4/><G89/><T17/><D17/><U101/><E18/><V105/><F105/><W40/><G104/><T46/><D46/><U50/><E106/><V5/><F5/><W10/><G132/><T41/><D41/><U76/><E43/><RYUUKYOKU ba="0,2" sc="240,15,250,-15,240,15,250,-15" hai0="9,19,48,55,58,68,71,80,81,82,94,98,103" hai2="24,30,33,49,51,59,61,65,72,79,83,97,107" /><INIT seed="0,1,2,2,0,42" ten="255,235,255,235" oya="0" hai0="81,53,77,10,18,54,129,14,6,116,0,45,84" hai1="24,105,47,32,13,128,51,25,33,23,60,103,59" hai2="133,7,134,72,12,119,39,79,26,1,108,89,63" hai3="97,87,130,74,3,92,57,40,85,126,4,82,67"/><T9/><D116/><U34/><E128/><V35/><F39/><W28/><G130/><T112/><D112/><U64/><E105/><V8/><F119/><W80/><G126/><T94/><D129/><U78/><E103/><V70/><F108/><W37/><G28/><T109/><D109/><U38/><E78/><V2/><F89/><W96/><G67/><T41/><REACH who="0" step="1"/><D94/><REACH who="0" ten="245,235,255,235" step="2"/><U76/><E38/><AGARI ba="1,3" hai="0,6,9,10,14,18,38,41,45,53,54,77,81,84" machi="38" ten="30,11600,0" yaku="1,1,2,1,7,1,52,1,53,0" doraHai="42" doraHaiUra="110" who="0" fromWho="1" sc="245,149,235,-119,255,0,235,0" /><INIT seed="0,2,0,4,3,42" ten="394,116,255,235" oya="0" hai0="14,73,102,0,88,12,90,93,52,29,92,68,122" hai1="111,32,101,59,78,11,57,98,74,28,44,62,123" hai2="21,63,114,56,128,126,43,46,25,61,54,112,72" hai3="135,94,105,119,103,7,109,31,16,38,108,127,79"/><T97/><D122/><U51/><E123/><V48/><F128/><W67/><G119/><T2/><D68/><U19/><E111/><V37/><F72/><W47/><G105/><T33/><D73/><U70/><E70/><V13/><F13/><W130/><G31/><T91/><D93/><U71/><E71/><V49/><F126/><W69/><G7/><T133/><D133/><U106/><E32/><V10/><F10/><W129/><G79/><T4/><D33/><U35/><E35/><V58/><F25/><W64/><G16/><T1/><D29/><U36/><E28/><V41/><F21/><W66/><G69/><T82/><D4/><U83/><E36/><V87/><F87/><W3/><G3/><T134/><D134/><U131/><E131/><N who="3" m="50186" /><G135/><T107/><D107/><U96/><E11/><V121/><F121/><W23/><G23/><T53/><REACH who="0" step="1"/><D82/><REACH who="0" ten="384,116,255,235" step="2"/><U26/><E19/><V20/><F114/><W15/><G109/><T80/><D80/><U34/><E106/><V60/><F112/><W132/><G132/><T45/><D45/><U75/><E75/><V77/><F46/><W116/><G108/><T100/><D100/><U110/><E101/><V117/><F117/><W9/><G116/><T89/><N who="0" m="22528" /><DORA hai="125" /><T24/><D24/><U86/><E74/><V85/><F77/><W65/><G127/><T55/><AGARI ba="2,1" hai="0,1,2,12,14,52,53,55,92,97,102" m="22528" machi="55" ten="50,18000,2" yaku="1,1,0,1,29,2,54,2,53,0" doraHai="42,125" doraHaiUra="39,22" who="0" fromWho="0" sc="384,196,116,-62,255,-62,235,-62" /><INIT seed="0,3,0,4,4,87" ten="580,54,193,173" oya="0" hai0="73,19,65,25,106,14,31,1,17,47,15,61,84" hai1="107,59,26,101,13,88,78,97,108,105,56,23,117" hai2="58,93,115,11,35,120,41,29,133,70,83,112,81" hai3="55,7,0,32,34,86,12,39,131,85,77,2,38"/><T22/><D73/><U60/><E117/><V66/><F120/><W45/><G131/><T33/><D1/><U99/><E108/><V134/><F41/><W42/><G39/><T121/><D121/><U124/><E124/><V111/><F111/><W27/><G55/><T103/><D47/><U54/><E78/><V20/><F35/><W113/><G113/><N who="2" m="43593" /><F11/><W118/><G118/><T89/><D103/><U129/><E129/><V16/><F29/><W48/><G38/><T24/><D106/><U82/><E13/><N who="2" m="9231" /><F70/><W128/><G128/><T109/><D19/><U51/><E105/><V95/><F58/><W64/><G85/><T92/><REACH who="0" step="1"/><D109/><REACH who="0" ten="570,54,193,173" step="2"/><U53/><E107/><V127/><F127/><W30/><G45/><T37/><D37/><U114/><E101/><V40/><F40/><W21/><G42/><T52/><D52/><U90/><E114/><V75/><F75/><W79/><G0/><T9/><D9/><U10/><E10/><V80/><F66/><W57/><G2/><T62/><D62/><U102/><E102/><V119/><F119/><W43/><G64/><T74/><D74/><U125/><E125/><V68/><F68/><AGARI ba="3,1" hai="14,15,17,22,24,25,31,33,61,65,68,84,89,92" machi="68" ten="30,5800,0" yaku="1,1,7,1,52,1,53,0" doraHai="87" doraHaiUra="94" who="0" fromWho="2" sc="570,77,54,0,193,-67,173,0" /><INIT seed="0,4,0,2,2,21" ten="647,54,126,173" oya="0" hai0="41,100,3,88,116,93,42,91,13,69,29,70,40" hai1="121,110,2,71,104,28,134,73,105,18,120,53,46" hai2="115,107,97,34,133,0,82,86,16,38,51,33,131" hai3="90,84,126,127,67,27,52,5,108,4,8,99,56"/><T57/><D116/><U64/><E53/><V79/><F115/><W129/><G108/><T85/><D3/><U43/><E18/><V24/><F38/><W78/><G67/><T103/><D29/><U25/><E110/><V55/><F0/><W101/><G78/><T74/><D74/><U113/><E134/><V109/><F109/><W7/><G129/><T75/><D75/><U37/><E113/><V30/><F133/><W15/><G27/><T135/><D135/><U58/><E58/><V132/><F132/><W35/><G35/><T26/><D26/><U95/><E95/><V31/><F131/><W39/><G39/><T130/><D130/><U92/><E92/><V122/><F122/><N who="1" m="47209" /><E73/><V47/><F34/><W89/><G4/><T12/><D57/><U87/><E87/><V32/><F32/><W65/><G5/><T83/><D70/><U59/><E59/><V118/><F118/><W81/><G65/><T10/><D69/><U62/><E2/><V98/><F107/><W72/><G72/><T61/><D61/><U123/><N who="1" m="47217" /><U9/><DORA hai="111" /><E9/><V102/><F102/><N who="0" m="38954" /><D10/><U125/><E125/><V77/><F77/><W50/><REACH who="3" step="1"/><G90/><REACH who="3" ten="647,54,126,163" step="2"/><T117/><D117/><U80/><E64/><V112/><F112/><W60/><G60/><T36/><D36/><U11/><E62/><V124/><F124/><W76/><G76/><T114/><D114/><U23/><E37/><V44/><F33/><W14/><G14/><T63/><D63/><U19/><E71/><V20/><F79/><W1/><G1/><T66/><D66/><U106/><E25/><RYUUKYOKU ba="4,1" sc="647,15,54,-15,126,-15,163,15" hai0="12,13,40,41,42,83,85,88,91,93" hai3="7,8,15,50,52,56,81,84,89,99,101,126,127" /><INIT seed="0,5,1,1,2,124" ten="662,39,111,178" oya="0" hai0="99,112,53,35,14,132,48,83,95,105,119,34,96" hai1="121,88,80,49,103,51,117,29,125,97,27,17,107" hai2="116,102,6,135,92,70,18,76,30,56,106,79,100" hai3="41,115,133,120,21,55,118,54,94,66,130,32,61"/><T39/><D112/><U126/><E117/><V104/><F70/><W33/><G115/><T25/><D119/><U57/><E121/><V37/><F37/><W23/><G118/><T3/><D3/><U5/><E5/><V123/><F30/><W19/><G120/><T12/><D39/><U15/><E125/><V114/><F18/><W89/><G41/><T90/><D132/><U111/><E111/><V72/><F56/><W7/><G7/><T85/><D105/><U129/><E129/><V128/><F6/><W134/><G130/><T122/><D99/><U127/><E127/><V60/><F60/><W91/><G66/><T75/><D75/><U71/><E71/><V50/><F50/><W40/><G40/><T69/><D69/><U4/><E57/><V38/><F38/><W59/><G55/><T67/><D67/><U131/><E4/><V43/><F43/><W9/><G9/><T42/><D42/><U110/><E110/><V108/><F108/><W46/><G46/><T26/><D34/><N who="3" m="13417" /><G94/><T44/><D122/><U16/><E131/><V93/><F114/><W10/><G10/><T77/><REACH who="0" step="1"/><D35/><REACH who="0" ten="652,39,111,178" step="2"/><N who="1" m="20927" /><E126/><V22/><F128/><W24/><G133/><T82/><D82/><U62/><E80/><V8/><F135/><W63/><G134/><T52/><D52/><U73/><E73/><V11/><F72/><W87/><G54/><T78/><D78/><U58/><E107/><V113/><F116/><W45/><G87/><T101/><D101/><U84/><E84/><V64/><F113/><W2/><G2/><T0/><D0/><U47/><E103/><RYUUKYOKU ba="5,2" sc="652,30,39,-10,111,-10,178,-10" hai0="12,14,25,26,44,48,53,77,83,85,90,95,96" /><INIT seed="0,6,2,0,4,22" ten="682,29,101,168" oya="0" hai0="60,133,89,71,23,91,59,90,32,9,115,19,42" hai1="4,72,30,57,108,38,2,106,113,94,26,12,39" hai2="65,132,49,134,16,111,98,66,85,107,14,36,47" hai3="131,48,11,21,127,35,104,40,46,17,31,76,75"/><T81/><D115/><U109/><E106/><V29/><F111/><N who="1" m="42569" /><E113/><V83/><F36/><N who="1" m="13865" /><E72/><V41/><F29/><W56/><G104/><T100/><D71/><U93/><E2/><V130/><F130/><W120/><G131/><T129/><D32/><N who="1" m="20567" /><E57/><V7/><F7/><W58/><G120/><T44/><D129/><U96/><E96/><V122/><F122/><W102/><G75/><T64/><D133/><N who="2" m="51306" /><F98/><W20/><G58/><T10/><D100/><U53/><E53/><V50/><F50/><W116/><G56/><T63/><D63/><U67/><E67/><V68/><F68/><W8/><G102/><T79/><D42/><U87/><E87/><V105/><F105/><W82/><G48/><T3/><D3/><U51/><E51/><V92/><F107/><W61/><G40/><T18/><D44/><U125/><E125/><V28/><F66/><W135/><G127/><T24/><REACH who="0" step="1"/><D19/><REACH who="0" ten="672,29,101,168" step="2"/><U110/><N who="1" m="42577" /><U99/><DORA hai="126" /><E99/><V62/><F16/><W78/><G17/><T80/><D80/><U103/><E103/><V45/><F83/><W128/><G82/><T119/><D119/><U54/><E54/><V101/><F47/><W70/><G46/><T69/><D69/><U88/><E88/><V84/><F45/><W33/><G70/><T121/><D121/><U13/><E4/><V114/><F101/><W34/><G116/><T124/><D124/><U52/><E52/><V27/><F114/><W123/><G135/><T15/><D15/><AGARI ba="6,3" hai="12,13,15,93,94" m="20567,13865,42577" machi="15" ten="50,3200,0" yaku="14,1,52,1" doraHai="22,126" who="1" fromWho="0" sc="672,-50,29,80,101,0,168,0" /><INIT seed="1,0,0,1,1,47" ten="622,109,101,168" oya="1" hai0="32,128,39,3,85,0,76,81,113,21,40,20,43" hai1="78,110,104,15,56,18,114,1,55,100,62,22,50" hai2="54,8,19,96,111,24,44,118,51,117,26,35,12" hai3="73,36,74,127,59,29,101,103,9,4,87,49,33"/><U13/><E114/><V53/><F111/><W42/><G36/><T97/><D32/><U88/><E1/><V46/><F96/><W41/><G127/><T67/><D128/><U115/><E115/><V89/><F89/><W58/><G33/><T119/><D119/><U31/><E110/><V70/><F70/><W68/><G68/><T92/><D67/><U91/><E31/><V130/><F130/><W65/><G29/><T122/><D122/><U37/><E37/><V84/><F84/><W112/><G112/><T120/><D120/><U10/><E78/><V14/><F35/><W71/><G71/><T124/><D124/><U95/><E104/><V82/><F82/><W30/><G30/><T108/><D108/><U38/><E38/><V125/><F125/><W27/><G27/><T25/><D21/><U28/><E62/><V132/><F132/><W109/><G87/><T83/><D83/><U48/><E48/><V86/><F86/><W94/><G49/><T63/><D63/><U45/><E45/><V34/><F34/><W105/><G105/><T69/><D69/><U72/><E72/><V79/><F79/><W99/><G103/><T11/><D39/><U64/><E64/><V126/><F126/><W75/><G109/><T90/><D113/><U66/><E66/><V133/><F133/><W131/><G131/><T121/><D121/><U80/><E80/><V77/><F77/><W107/><G107/><T52/><D76/><U5/><REACH who="1" step="1"/><E28/><REACH who="1" ten="622,99,101,168" step="2"/><V7/><F118/><W16/><G65/><T102/><D81/><U93/><E93/><V6/><F117/><RYUUKYOKU ba="0,1" sc="622,-10,99,30,101,-10,168,-10" hai1="5,10,13,15,18,22,50,55,56,88,91,95,100" /><INIT seed="1,1,1,3,3,62" ten="612,129,91,158" oya="1" hai0="58,94,33,82,71,9,75,42,107,40,100,52,2" hai1="8,18,81,86,114,23,29,118,101,57,111,129,27" hai2="36,132,67,63,115,53,73,98,14,116,69,16,104" hai3="128,109,124,120,13,92,117,46,7,56,4,20,93"/><U28/><E114/><V0/><F116/><W30/><G120/><T87/><D71/><U88/><E118/><V19/><F132/><W68/><G68/><T60/><D33/><U54/><E129/><V97/><F73/><W26/><G117/><T113/><D113/><U51/><E111/><V125/><F0/><W96/><G109/><T50/><D107/><U17/><E101/><V5/><F115/><W90/><G124/><T6/><D75/><U105/><E105/><V15/><F36/><W80/><G80/><T70/><D100/><U72/><E72/><V39/><F39/><W49/><G128/><T121/><D94/><U59/><E59/><V91/><F125/><W44/><G93/><T76/><D121/><U122/><E122/><V106/><F91/><W108/><G108/><T110/><D110/><U119/><E119/><V38/><F38/><W48/><G56/><T84/><D84/><U131/><E131/><V127/><F127/><W64/><G64/><T103/><D103/><U77/><E77/><V41/><F41/><N who="3" m="24591" /><G13/><AGARI ba="1,1" hai="8,13,17,18,23,27,28,29,51,54,57,81,86,88" machi="13" ten="40,3900,0" yaku="8,1,54,1" doraHai="62" who="1" fromWho="3" sc="612,0,129,52,91,0,158,-42" /><INIT seed="1,2,0,0,0,28" ten="612,181,91,116" oya="1" hai0="43,41,117,0,16,77,66,132,75,125,58,128,40" hai1="64,67,111,51,6,113,65,88,37,55,52,30,133" hai2="4,26,93,134,32,109,7,79,83,74,47,68,31" hai3="92,46,11,118,29,101,127,99,17,54,105,95,33"/><U73/><E113/><V18/><F109/><W123/><G123/><T81/><D117/><U87/><E37/><V108/><F108/><W110/><G110/><T60/><D0/><U90/><E73/><V71/><F134/><W115/><G115/><T100/><D132/><U53/><E111/><V116/><F116/><W131/><G118/><T42/><D128/><U20/><E133/><V121/><F121/><W45/><G131/><T130/><D130/><U104/><E104/><V10/><F93/><W5/><G17/><T120/><D125/><U56/><E6/><V49/><F18/><W78/><G78/><T97/><D120/><U23/><E90/><V112/><F112/><W135/><G127/><T126/><D126/><U63/><E30/><V69/><REACH who="2" step="1"/><F10/><REACH who="2" ten="612,181,81,116" step="2"/><W1/><G135/><T62/><D16/><U14/><E14/><V91/><F91/><W70/><G92/><T9/><D9/><U57/><REACH who="1" step="1"/><E55/><AGARI ba="2,1" hai="4,7,26,31,32,47,49,55,68,69,71,74,79,83" machi="55" ten="40,2600,0" yaku="1,1,52,1,53,0" doraHai="28" doraHaiUra="36" who="2" fromWho="1" sc="612,0,181,-32,81,42,116,0" /><INIT seed="2,0,0,5,0,8" ten="612,149,123,116" oya="2" hai0="133,28,107,25,89,16,41,127,38,51,94,29,17" hai1="44,92,103,66,0,112,33,114,19,95,90,53,49" hai2="116,126,37,115,5,40,88,131,82,65,106,124,77" hai3="46,122,14,72,84,108,111,62,31,79,13,26,118"/><V85/><F115/><W96/><G72/><T36/><D107/><U7/><E33/><V135/><F116/><W56/><G118/><T9/><D127/><N who="2" m="48682" /><F65/><N who="3" m="39111" /><G122/><T83/><D83/><U2/><E66/><V87/><F5/><W60/><G60/><T61/><D61/><U119/><E119/><V129/><F40/><W34/><G46/><T55/><D29/><U110/><E7/><V22/><F37/><W104/><G79/><T130/><D41/><U39/><E39/><V78/><F106/><W27/><G27/><T59/><D130/><N who="2" m="49674" /><F22/><W134/><G84/><T81/><D38/><U109/><E112/><V101/><F101/><N who="3" m="62503" /><G134/><T73/><D36/><U123/><E103/><V80/><F135/><W125/><G125/><T18/><D133/><U24/><E114/><V57/><F57/><W93/><G93/><T12/><D94/><U21/><E95/><V120/><F120/><W132/><G132/><T100/><D100/><U75/><E123/><V10/><F10/><W20/><G20/><T91/><D59/><U105/><E105/><V63/><F63/><W98/><G98/><T1/><D9/><U58/><E58/><V102/><F102/><W71/><G71/><T113/><D113/><U45/><E45/><V30/><F30/><W69/><G69/><T67/><D28/><U121/><E121/><V4/><F4/><W86/><G86/><T68/><D67/><U128/><E128/><V64/><F64/><W99/><G99/><T42/><D68/><U97/><E75/><V35/><F35/><W23/><G34/><T50/><D73/><U76/><E19/><RYUUKYOKU ba="0,0" sc="612,-15,149,-15,123,15,116,15" hai2="77,78,80,82,85,87,88" hai3="13,14,23,26,31,108,111" /><INIT seed="2,1,0,0,2,117" ten="597,134,138,131" oya="2" hai0="124,109,72,0,6,106,53,48,28,1,82,90,99" hai1="38,61,92,134,78,27,39,2,116,10,24,133,60" hai2="81,132,59,51,105,23,8,131,121,47,49,108,80" hai3="20,62,15,40,5,57,120,129,29,7,93,52,19"/><V25/><F121/><W68/><G129/><T31/><D109/><U104/><E104/><V32/><F105/><W66/><G120/><T122/><D122/><U12/><E116/><V74/><F131/><W11/><G40/><T26/><D124/><U36/><E2/><V30/><F108/><W37/><G37/><T65/><D65/><U41/><E78/><V101/><F132/><N who="1" m="50793" /><E92/><V35/><F101/><W95/><G29/><T73/><D53/><U3/><E3/><V46/><F8/><W55/><G5/><T85/><D90/><U34/><E41/><V118/><F118/><W130/><G130/><T126/><D48/><U96/><E96/><V111/><F59/><W128/><G128/><T50/><D26/><N who="1" m="9771" /><E34/><V87/><F111/><W56/><G68/><T114/><D85/><U45/><E45/><V86/><F74/><W18/><G18/><AGARI ba="1,0" hai="10,12,18,36,38,39,60,61" m="9771,50793" machi="18" ten="40,1300,0" yaku="20,1" doraHai="117" who="1" fromWho="3" sc="597,0,134,16,138,0,131,-16" /><INIT seed="3,0,0,4,5,10" ten="597,150,138,115" oya="3" hai0="20,74,66,28,111,30,85,31,19,70,81,69,43" hai1="99,15,33,101,55,98,42,13,5,100,105,22,59" hai2="17,24,75,113,91,76,1,134,115,56,47,2,132" hai3="46,133,37,64,107,119,135,125,11,92,27,23,94"/><W86/><G119/><T40/><D74/><U118/><E33/><V4/><F56/><W73/><G73/><T60/><D70/><U8/><E118/><V103/><F103/><W116/><G116/><T78/><REACH who="0" step="1"/><D111/><REACH who="0" ten="587,150,138,115" step="2"/><U131/><E131/><V6/><F75/><W14/><G107/><T128/><D128/><U12/><E105/><V41/><F115/><W18/><G125/><T123/><D123/><U25/><E5/><V67/><F6/><W79/><G64/><T102/><D102/><U50/><E100/><V57/><F4/><N who="3" m="3431" /><G37/><T53/><D53/><U65/><E101/><V0/><F67/><W48/><G133/><T130/><D130/><U9/><E65/><V88/><F113/><W106/><G106/><T36/><D36/><U97/><E42/><V58/><F134/><W89/><G135/><T35/><D35/><U117/><E117/><V80/><F132/><W72/><G72/><T63/><D63/><U104/><E104/><V82/><F41/><N who="3" m="24655" /><G79/><T54/><D54/><U62/><E62/><V61/><F76/><W90/><G90/><T95/><D95/><AGARI ba="0,1" hai="18,23,27,86,89,92,94,95" m="24655,3431" machi="95" ten="30,2900,0" yaku="8,1,52,1" doraHai="10" who="3" fromWho="0" sc="587,-29,150,0,138,0,115,39" /><INIT seed="3,1,0,4,2,63" ten="558,150,138,154" oya="3" hai0="132,135,16,75,104,54,88,134,57,46,68,25,14" hai1="81,107,119,60,22,96,115,18,131,37,27,40,32" hai2="78,33,6,69,118,112,100,105,83,98,124,17,77" hai3="3,76,28,19,23,49,52,130,79,21,8,117,55"/><W103/><G117/><T73/><D68/><U123/><E115/><V109/><F112/><W108/><G130/><T65/><D104/><U35/><E123/><V48/><F118/><W5/><G103/><T44/><D25/><U82/><E119/><V50/><F69/><W111/><G28/><T66/><D88/><U1/><E1/><V110/><F33/><W11/><G11/><N who="0" m="6239" /><D46/><U121/><E96/><V90/><F6/><W70/><G70/><T4/><D4/><U53/><E27/><V120/><F120/><W116/><G116/><T91/><D91/><U26/><E131/><V129/><F129/><W2/><G2/><T7/><D44/><U20/><E107/><V58/><F17/><W125/><G125/><T74/><D7/><U64/><E26/><V0/><F0/><W93/><G93/><T114/><D114/><U34/><E18/><V89/><F124/><W45/><G55/><T10/><D10/><U24/><E24/><V42/><F50/><AGARI ba="1,0" hai="50,54,57,65,66,73,74,75,132,134,135" m="6239" machi="50" ten="40,8000,1" yaku="20,1,52,2,54,1" doraHai="63" who="0" fromWho="2" sc="558,83,150,0,138,-83,154,0" owari="641,74.1,150,-25.0,55,-44.5,154,-4.6" /></mjloggm>