<mjloggm ver="2.3"><GO type="225" lobby="0"/><UN n0="%6E%69%63%6F%6E%74%6F" n1="%70%6F%69%73%6F%6E%30%32" n2="%E6%A1%9C%E8%8A%B1%E9%96%83%E3%80%85" n3="%E3%81%8B%E3%82%8F%E3%81%A1%E3%82%83%E3%82%93%35%38" dan="16,16,16,16" rate="2150.45,2116.63,2207.80,2105.73" sx="M,M,M,M"/><TAIKYOKU oya="0"/><INIT seed="0,0,0,0,2,133" ten="250,250,250,250" oya="0" hai0="113,102,81,53,28,73,121,49,119,27,61,26,108" hai1="112,128,83,91,64,66,131,12,56,116,21,11,23" hai2="67,82,8,95,87,96,41,39,16,40,101,135,4" hai3="15,105,123,59,24,43,111,77,1,94,99,58,115"/><T60/><D121/><U118/><E112/><V129/><F135/><W37/><G1/><T35/><D113/><U93/><E83/><V122/><F122/><W34/><G115/><T130/><D119/><U52/><E23/><V50/><F39/><W88/><G123/><T90/><D130/><N who="1" m="49707" /><E21/><V125/><F125/><W72/><G111/><T54/><D108/><U98/><E66/><V25/><F67/><W104/><G72/><T134/><D134/><U120/><E64/><V29/><F50/><W44/><G77/><T19/><D102/><U78/><E78/><V109/><F109/><W79/><G79/><T17/><D73/><U20/><E20/><N who="2" m="13447" /><F29/><W114/><G15/><T22/><D54/><U42/><E42/><V106/><F106/><W13/><G13/><T84/><REACH who="0" step="1"/><D19/><REACH who="0" ten="240,250,250,250" step="2"/><N who="1" m="8607" /><E120/><V124/><F129/><W32/><G114/><T117/><D117/><U51/><AGARI ba="0,1" hai="51,52,56,91,93,98,116,118" m="8607,49707" machi="51" ten="30,2000,0" yaku="19,1,54,1" doraHai="133" who="1" fromWho="1" sc="240,-10,250,30,250,-5,250,-5" /><INIT seed="1,0,0,4,1,18" ten="230,280,245,245" oya="1" hai0="3,66,127,106,109,51,124,20,13,98,120,89,72" hai1="56,75,32,95,71,24,115,16,114,10,38,26,63" hai2="49,1,125,14,128,126,82,129,41,11,29,7,58" hai3="78,64,37,94,84,43,12,83,23,4,123,110,2"/><U101/><E38/><V36/><F36/><W70/><G123/><T73/><D3/><U76/><E71/><V116/><F82/><W131/><G110/><T15/><D120/><U0/><E76/><V96/><F96/><W62/><G131/><N who="2" m="50249" /><F41/><W35/><G35/><T112/><D112/><U68/><E75/><N who="0" m="28745" /><D109/><U30/><E68/><V28/><F49/><W55/><G2/><T100/><D66/><U91/><E101/><V27/><F58/><W133/><G133/><T21/><D51/><U33/><E33/><N who="2" m="20639" /><F116/><W5/><G94/><T88/><D15/><U132/><E132/><V57/><F57/><W107/><G107/><T52/><D13/><U17/><E0/><V86/><F86/><W19/><REACH who="3" step="1"/><G55/><REACH who="3" ten="230,280,245,235" step="2"/><T121/><D52/><N who="1" m="34183" /><E32/><V134/><F134/><W103/><G103/><T45/><D121/><U102/><E102/><V31/><F1/><W90/><G90/><N who="0" m="34923" /><D45/><AGARI ba="0,1" hai="4,5,12,19,23,37,43,45,62,64,70,78,83,84" machi="45" ten="40,5200,0" yaku="1,1,52,1,53,1" doraHai="18" doraHaiUra="74" who="3" fromWho="0" sc="230,-52,280,0,245,0,235,62" /><INIT seed="2,0,0,4,0,126" ten="178,280,245,297" oya="2" hai0="65,1,105,70,93,23,21,129,121,53,83,52,36" hai1="90,67,85,18,84,28,0,107,125,32,124,37,78" hai2="81,77,99,51,19,122,76,40,15,133,73,35,16" hai3="134,26,61,82,135,2,62,66,79,108,30,56,111"/><V39/><F122/><W74/><G61/><T96/><D121/><U8/><E107/><V47/><F133/><N who="3" m="50699" /><G2/><T31/><D1/><U92/><E37/><V6/><F35/><AGARI ba="0,0" hai="26,30,35,56,62,66,74,79,82,108,111" m="50699" machi="35" ten="30,1000,0" yaku="20,1" doraHai="126" who="3" fromWho="2" sc="178,0,280,0,245,-10,297,10" /><INIT seed="3,0,0,5,3,62" ten="178,280,235,307" oya="3" hai0="14,25,57,69,130,77,67,59,117,53,47,54,36" hai1="83,133,23,43,34,121,86,52,111,7,103,93,61" hai2="119,50,29,100,82,102,45,124,96,108,39,46,112" hai3="64,16,101,114,51,89,10,127,84,107,19,15,49"/><W98/><G114/><T95/><D117/><U12/><E121/><V92/><F112/><W132/><G132/><T66/><D130/><U70/><E34/><V87/><F119/><W109/><G64/><N who="0" m="24619" /><D69/><U22/><E111/><V17/><F108/><W94/><G109/><T42/><D77/><U110/><E43/><N who="2" m="24927" /><F39/><W6/><G127/><T68/><D68/><U60/><E133/><V115/><F115/><W55/><G51/><N who="0" m="27127" /><D25/><U18/><E61/><V3/><F29/><W35/><G35/><T13/><D95/><U31/><E70/><V104/><F3/><W1/><G1/><T106/><D106/><U123/><E123/><V97/><F104/><W128/><G128/><T129/><D129/><U134/><E134/><V26/><F124/><W4/><G4/><T72/><D72/><U91/><E110/><V122/><F122/><W125/><G125/><T80/><D80/><U126/><E7/><V131/><F131/><W58/><AGARI ba="0,0" hai="6,10,15,16,19,49,55,58,84,89,94,98,101,107" machi="58" ten="20,3900,0" yaku="0,1,7,1,54,1" doraHai="62" who="3" fromWho="3" sc="178,-13,280,-13,235,-13,307,39" owari="165,-33.5,267,6.7,222,-17.8,346,44.6" /></mjloggm>