<mjloggm ver="2.3"><GO type="225" lobby="0"/><UN n0="%E7%99%BD%E5%80%89%E5%AF%9B%E4%B9%8B" n1="%E3%80%90%E8%92%BC%E7%90%89%E3%80%91" n2="%E9%A6%AC%E5%BC%95%E7%81%AB%33" n3="%E5%A4%8F%E9%88%B4%E9%88%B4%E5%A4%8F" dan="16,16,16,16" rate="2173.46,2181.98,2110.81,2099.49" sx="M,F,M,F"/><TAIKYOKU oya="0"/><INIT seed="0,0,0,3,0,124" ten="250,250,250,250" oya="0" hai0="29,93,125,92,33,114,26,59,0,127,71,22,94" hai1="77,119,97,120,123,8,42,108,111,20,48,78,70" hai2="57,56,60,110,116,107,38,50,25,54,113,86,32" hai3="79,35,4,91,64,132,1,12,37,130,2,81,40"/><T61/><D0/><U58/><E70/><V101/><F113/><W89/><G64/><T19/><D71/><U23/><E119/><V62/><F38/><W72/><G35/><T118/><D118/><U10/><E97/><V73/><F73/><W83/><G132/><T18/><D114/><U134/><E48/><V133/><F116/><W85/><G12/><T68/><D68/><U5/><E58/><V65/><F133/><W122/><G1/><T3/><D3/><U52/><E134/><V98/><F110/><W109/><G109/><T131/><D131/><U55/><REACH who="1" step="1"/><E5/><REACH who="1" ten="250,240,250,250" step="2"/><V75/><F50/><W39/><G39/><T69/><D69/><U128/><E128/><V129/><F129/><W45/><G130/><T76/><D76/><U16/><E16/><V88/><F98/><W96/><G96/><T34/><D18/><U7/><E7/><V135/><F57/><W47/><G122/><T15/><REACH who="0" step="1"/><D34/><REACH who="0" ten="240,240,250,250" step="2"/><U44/><E44/><V121/><F32/><W13/><G47/><T95/><N who="0" m="23552" /><DORA hai="14" /><T30/><D30/><U100/><E100/><V17/><F135/><W84/><G79/><T74/><D74/><U9/><E9/><V27/><F75/><W66/><G72/><T31/><D31/><U36/><E36/><V41/><F17/><W103/><G45/><T105/><D105/><U21/><E21/><V11/><F107/><W67/><G37/><T82/><D82/><U63/><E63/><V49/><F62/><W28/><G103/><T6/><D6/><U115/><E115/><V104/><F101/><W102/><G102/><T112/><D112/><RYUUKYOKU ba="0,2" sc="240,15,240,15,250,-15,250,-15" hai0="15,19,22,26,29,33,59,61,125,127" hai1="8,10,20,23,42,52,55,77,78,108,111,120,123" /><INIT seed="0,1,2,3,1,34" ten="255,255,235,235" oya="0" hai0="112,110,27,121,131,21,46,99,115,120,14,117,105" hai1="132,8,82,24,133,134,93,124,61,107,122,53,129" hai2="23,38,113,103,10,109,30,84,57,106,78,37,69" hai3="26,98,66,35,76,127,65,32,17,18,128,118,91"/><T75/><D46/><U12/><E107/><V104/><F113/><N who="0" m="43594" /><D75/><U94/><E122/><N who="0" m="47209" /><D99/><U22/><E129/><V74/><F10/><W0/><G118/><T29/><D105/><N who="2" m="40554" /><F23/><W119/><G119/><T1/><D117/><U41/><E124/><V67/><F57/><W36/><G36/><T33/><D131/><U56/><E82/><V50/><F50/><W92/><G76/><T9/><D110/><U59/><E59/><V52/><F52/><W135/><G127/><T28/><D1/><U95/><E41/><V47/><F84/><W43/><G0/><T60/><D60/><U125/><E125/><V48/><F48/><W68/><G43/><T102/><D102/><U40/><E40/><V25/><F103/><W55/><G65/><T116/><D116/><U4/><REACH who="1" step="1"/><E134/><REACH who="1" ten="255,245,235,235" step="2"/><V85/><F47/><W15/><G135/><T80/><D80/><U123/><E123/><V45/><F45/><W90/><G128/><T13/><D9/><U5/><E5/><V89/><F69/><W130/><G68/><T97/><D97/><U64/><E64/><V72/><F67/><W49/><G98/><T108/><D108/><U63/><E63/><V83/><F109/><W101/><G66/><T81/><D81/><U88/><E88/><V2/><F89/><W6/><G90/><T77/><D77/><U31/><AGARI ba="1,3" hai="4,8,12,22,24,31,53,56,61,93,94,95,132,133" machi="31" ten="30,2000,0" yaku="1,1,0,1,53,0" doraHai="34" doraHaiUra="71" who="1" fromWho="1" sc="255,-11,245,53,235,-6,235,-6" /><INIT seed="1,0,0,1,1,131" ten="244,298,229,229" oya="1" hai0="66,50,124,6,133,75,16,0,74,64,72,21,95" hai1="73,102,123,85,62,49,135,107,100,46,81,119,53" hai2="134,113,59,9,127,67,97,5,33,70,29,110,22" hai3="8,115,36,26,104,130,52,42,109,28,96,41,89"/><U88/><E119/><V40/><F70/><W45/><G115/><T32/><D32/><U117/><E123/><V132/><F33/><W58/><G109/><T68/><D124/><U118/><E73/><V15/><F110/><W55/><G130/><T37/><D37/><U3/><E3/><V20/><F127/><W114/><G114/><T48/><D6/><U91/><E107/><V44/><F113/><W80/><G8/><T54/><D0/><U106/><E106/><V7/><F7/><W111/><G111/><T125/><D125/><U94/><E117/><V87/><F97/><W83/><G42/><T69/><D95/><U38/><E38/><V31/><F87/><W61/><G55/><T35/><D35/><U101/><E118/><V82/><F82/><W63/><G61/><T11/><D11/><U30/><E135/><N who="2" m="51755" /><F59/><W4/><G4/><T86/><D133/><U128/><E128/><V78/><F78/><W76/><G76/><T129/><D86/><N who="1" m="52503" /><E30/><N who="2" m="11275" /><F67/><W112/><G112/><T19/><D129/><U60/><AGARI ba="0,0" hai="46,49,53,60,62,81,85,91,100,101,102" m="52503" machi="60" ten="30,3000,0" yaku="8,1,54,1" doraHai="131" who="1" fromWho="1" sc="244,-10,298,30,229,-10,229,-10" /><INIT seed="1,1,0,3,4,83" ten="234,328,219,219" oya="1" hai0="70,14,77,105,51,117,64,42,113,135,110,32,87" hai1="44,92,76,116,58,8,106,22,66,130,114,129,102" hai2="104,9,81,31,52,23,84,50,12,95,69,63,67" hai3="86,19,98,78,115,47,120,125,109,53,5,107,41"/><U72/><E114/><V93/><F104/><W2/><G120/><T20/><D105/><U4/><E116/><V39/><F39/><W101/><G109/><T11/><D32/><U40/><E106/><V45/><F31/><W62/><G115/><T100/><D100/><U112/><E112/><V85/><F23/><W79/><G125/><T97/><D97/><U34/><E34/><V111/><F111/><W88/><G19/><T108/><D135/><U25/><E92/><V36/><F36/><W124/><G124/><T133/><D133/><U68/><E102/><V132/><F84/><W119/><G5/><N who="0" m="3439" /><D20/><U90/><E90/><V74/><F74/><W127/><G2/><T57/><D57/><U99/><E99/><V121/><F121/><W18/><G18/><T59/><D59/><U54/><E66/><V15/><F15/><W30/><G30/><T94/><D94/><U61/><E68/><V13/><F13/><W103/><G103/><T60/><D117/><U1/><E22/><V37/><F37/><N who="3" m="21935" /><G119/><T6/><D6/><U10/><E25/><V24/><F24/><W96/><G98/><T118/><D118/><U48/><REACH who="1" step="1"/><E10/><REACH who="1" ten="234,318,219,219" step="2"/><V128/><F132/><W56/><G127/><T26/><D26/><U126/><E126/><V55/><F95/><N who="3" m="54679" /><G101/><T17/><D113/><U3/><E3/><V16/><F93/><W65/><G65/><T43/><D110/><U71/><E71/><V27/><F27/><W29/><G29/><T0/><D108/><U28/><E28/><V131/><F55/><W89/><G107/><T122/><D0/><U80/><AGARI ba="1,1" hai="1,4,8,40,44,48,54,58,61,72,76,80,129,130" machi="80" ten="30,11700,0" yaku="1,1,5,1,0,1,53,1" doraHai="83" doraHaiUra="75" who="1" fromWho="1" sc="234,-40,318,130,219,-40,219,-40" /><INIT seed="1,2,0,5,4,34" ten="194,448,179,179" oya="1" hai0="4,89,41,121,132,117,50,78,87,48,7,127,105" hai1="44,74,91,52,97,35,107,9,14,128,21,5,100" hai2="12,108,46,38,126,16,2,63,11,112,20,114,76" hai3="60,77,73,98,54,85,124,65,109,134,115,81,64"/><U27/><E74/><V23/><F108/><W71/><G115/><N who="2" m="44073" /><F126/><W80/><G109/><T113/><D105/><U123/><E128/><V96/><F76/><W84/><G124/><T15/><D127/><U31/><E123/><V40/><F63/><W28/><G134/><T95/><D121/><U106/><E91/><V39/><F39/><W17/><G28/><T49/><D117/><U75/><E75/><V125/><F125/><W133/><G133/><T43/><D132/><U25/><E107/><V56/><F56/><W111/><G111/><T10/><D113/><U102/><E102/><V70/><F70/><W131/><G131/><T79/><D4/><U29/><REACH who="1" step="1"/><E44/><REACH who="1" ten="194,438,179,179" step="2"/><V110/><F110/><W130/><G73/><T1/><D78/><U67/><E67/><V53/><F96/><W83/><G98/><T47/><D79/><U66/><E66/><V6/><F53/><AGARI ba="2,1" hai="5,9,14,21,25,27,29,31,35,52,53,97,100,106" machi="53" ten="40,3900,0" yaku="1,1,54,1,53,0" doraHai="34" doraHaiUra="61" who="1" fromWho="2" sc="194,0,438,55,179,-45,179,0" /><INIT seed="1,3,0,0,0,114" ten="194,493,134,179" oya="1" hai0="9,96,1,66,116,27,3,113,38,57,95,32,88" hai1="35,91,65,93,117,36,19,119,94,62,29,7,59" hai2="89,78,108,13,104,24,30,90,79,53,48,103,61" hai3="87,45,17,83,28,124,128,121,54,52,129,112,0"/><U125/><E36/><V21/><F108/><W15/><G121/><T56/><D38/><U26/><E125/><V127/><F127/><W102/><G112/><T132/><D113/><U133/><E133/><V69/><F104/><W130/><G124/><T63/><D132/><U101/><E7/><V84/><F103/><W105/><G0/><T77/><D116/><U99/><REACH who="1" step="1"/><E19/><REACH who="1" ten="194,483,134,179" step="2"/><V109/><F109/><W14/><G17/><T23/><D1/><U39/><E39/><V126/><F126/><W74/><G129/><T50/><D3/><U100/><E100/><V123/><F123/><W81/><G102/><T22/><D9/><U70/><E70/><V111/><F111/><W10/><G10/><T58/><D32/><U5/><E5/><V85/><F13/><W80/><G14/><T16/><D23/><U46/><E46/><N who="2" m="27799" /><F69/><W40/><G15/><T135/><D135/><U34/><E34/><V98/><F98/><AGARI ba="3,1" hai="26,29,35,59,62,65,91,93,94,98,99,101,117,119" machi="98" ten="30,18000,2" yaku="1,1,7,1,52,2,53,2" doraHai="114" doraHaiUra="92" who="1" fromWho="2" sc="194,0,483,199,134,-189,179,0" owari="194,-0.6,682,78.2,-55,-55.5,179,-22.1" /></mjloggm>