<mjloggm ver="2.3"><GO type="225" lobby="0"/><UN n0="%E3%82%BC%E3%83%AB%E3%83%80%E3%81%AE%E4%BC%9D%E8%AA%AC" n1="%E5%B6%BA%E4%B8%8A%E5%92%B2" n2="%E7%99%BD%E5%80%89%E5%AF%9B%E4%B9%8B" n3="%E5%8F%AF%E5%85%90%E9%82%A3%E7%94%B1%E5%A4%9A" dan="17,16,16,16" rate="2147.84,2181.46,2150.59,2089.63" sx="M,F,M,F"/><TAIKYOKU oya="0"/><INIT seed="0,0,0,3,0,95" ten="250,250,250,250" oya="0" hai0="46,108,88,26,41,119,100,134,7,132,110,124,77" hai1="80,15,50,98,107,25,97,84,123,11,89,51,57" hai2="44,129,92,30,120,56,101,109,63,37,103,24,12" hai3="62,4,86,60,117,73,66,127,47,13,96,35,14"/><T58/><D119/><U22/><E123/><V118/><F120/><W27/><G117/><T130/><D124/><U114/><E114/><V48/><F118/><W20/><G73/><T85/><D130/><U3/><E3/><V10/><F37/><W6/><G35/><T33/><D77/><U90/><E107/><V52/><F109/><N who="0" m="42090" /><D7/><N who="3" m="2601" /><G127/><T111/><N who="0" m="42098" /><T18/><DORA hai="64" /><D100/><U9/><E89/><V76/><F76/><W131/><G131/><T32/><D58/><U93/><E80/><V106/><F106/><W121/><G121/><T2/><D2/><U125/><E125/><V36/><F36/><W16/><G86/><T49/><D18/><N who="1" m="8575" /><E9/><V55/><F129/><W38/><G38/><T99/><D99/><N who="1" m="37899" /><E57/><V135/><F92/><W72/><G72/><T112/><D112/><U29/><AGARI ba="0,0" hai="22,25,29,50,51,84,90,93" m="37899,8575" machi="29" ten="30,7900,0" yaku="8,1,52,3" doraHai="95,64" who="1" fromWho="1" sc="250,-39,250,79,250,-20,250,-20" /><INIT seed="1,0,0,4,0,62" ten="211,329,230,230" oya="1" hai0="76,95,42,13,54,108,7,75,58,92,46,25,20" hai1="17,91,90,129,107,66,18,5,68,69,70,84,133" hai2="36,106,24,38,6,87,8,39,2,48,119,94,22" hai3="121,117,105,78,37,72,123,101,122,10,45,114,96"/><U64/><E107/><V3/><F106/><W128/><G114/><T73/><D108/><U102/><E102/><V57/><F119/><W1/><G128/><T86/><D75/><U126/><E129/><V77/><F2/><W81/><G117/><T40/><D73/><U131/><E131/><V28/><F94/><W112/><G112/><T71/><D71/><U79/><E133/><V19/><F48/><W50/><G50/><T83/><D7/><U49/><E126/><V100/><F100/><W29/><G29/><T35/><D13/><U135/><E135/><V113/><F113/><W97/><G97/><T80/><D80/><U53/><E5/><V109/><F109/><W89/><G89/><T130/><D35/><U31/><E31/><V110/><F110/><W115/><G115/><T51/><D130/><U98/><E98/><V26/><F57/><W103/><G103/><T60/><REACH who="0" step="1"/><D42/><REACH who="0" ten="201,329,230,230" step="2"/><U99/><E69/><V118/><F118/><W65/><G122/><T120/><D120/><U44/><E70/><V32/><F6/><N who="3" m="1359" /><G65/><N who="1" m="25194" /><E68/><V125/><F3/><W9/><G9/><T12/><D12/><U52/><E53/><V74/><F8/><W4/><G4/><T93/><D93/><N who="1" m="56767" /><E79/><V43/><F74/><W55/><G55/><T27/><D27/><U61/><E61/><V16/><F43/><AGARI ba="0,1" hai="37,43,45,72,78,81,96,101,105,121,123" m="1359" machi="43" ten="30,2000,0" yaku="25,1,23,1" doraHai="62" who="3" fromWho="2" sc="201,0,329,0,230,-20,230,30" /><INIT seed="2,0,0,0,3,33" ten="201,329,210,260" oya="2" hai0="108,88,29,67,118,71,133,43,130,64,113,124,1" hai1="80,128,9,32,51,72,123,54,60,5,126,86,122" hai2="50,21,110,87,45,7,16,39,2,131,55,112,35" hai3="59,93,84,77,63,65,26,98,105,36,121,44,6"/><V57/><F35/><W48/><G121/><N who="1" m="46090" /><E32/><V117/><F112/><W40/><G105/><T70/><D29/><U81/><E128/><V8/><F117/><W92/><G36/><T11/><D113/><U94/><E126/><V61/><F131/><W19/><G6/><N who="0" m="1487" /><D130/><U134/><E134/><V78/><F110/><W10/><G98/><T62/><D88/><N who="1" m="53527" /><E60/><V100/><F100/><W41/><G41/><T132/><D124/><U24/><E24/><V37/><F87/><W90/><G77/><T75/><D43/><U82/><E72/><V56/><F78/><W109/><G109/><T53/><D108/><U125/><E125/><V58/><REACH who="2" step="1"/><F61/><REACH who="2" ten="201,329,200,260" step="2"/><W66/><G84/><T104/><D75/><U69/><E81/><V115/><F115/><W116/><G63/><N who="0" m="40223" /><D118/><U106/><E80/><V17/><F17/><W83/><G19/><T127/><D127/><U73/><E82/><V30/><F30/><W68/><G116/><T95/><D95/><U135/><E73/><V25/><AGARI ba="0,1" hai="2,7,8,16,21,25,37,39,45,50,55,56,57,58" machi="25" ten="30,18000,2" yaku="1,1,0,1,52,1,54,1,53,3" doraHai="33" doraHaiUra="52" who="2" fromWho="2" sc="201,-60,329,-60,200,190,260,-60" /><INIT seed="2,1,0,5,1,125" ten="141,269,390,200" oya="2" hai0="132,66,28,14,33,131,77,110,26,91,87,6,40" hai1="24,50,102,70,108,0,45,68,113,116,83,85,117" hai2="124,13,46,31,79,121,96,80,55,129,47,109,78" hai3="135,76,61,69,114,95,39,130,23,11,25,42,49"/><V74/><F121/><W54/><G135/><T81/><D132/><U99/><E0/><V16/><F124/><W123/><G123/><T58/><D110/><U134/><E113/><V51/><F109/><W65/><G114/><T119/><D119/><U107/><E134/><V5/><F79/><W36/><G76/><T94/><D40/><U115/><E115/><V37/><F31/><W21/><G130/><T8/><D66/><U60/><E108/><V126/><F129/><W3/><G42/><T56/><REACH who="0" step="1"/><D131/><REACH who="0" ten="131,269,390,200" step="2"/><U112/><E116/><V4/><F126/><W1/><G65/><T120/><D120/><U29/><E117/><V43/><F96/><AGARI ba="1,1" hai="6,8,14,26,28,33,56,58,77,81,87,91,94,96" machi="96" ten="30,2000,0" yaku="1,1,7,1,53,0" doraHai="125" doraHaiUra="18" who="0" fromWho="2" sc="131,33,269,0,390,-23,200,0" /><INIT seed="3,0,0,2,2,67" ten="164,269,367,200" oya="3" hai0="11,117,38,123,98,82,18,99,33,1,52,14,0" hai1="46,37,64,40,68,21,84,77,72,10,6,23,31" hai2="70,62,65,57,97,13,129,66,104,110,121,76,4" hai3="111,35,105,106,36,26,88,92,39,22,133,134,56"/><W107/><G35/><T25/><D117/><U28/><E84/><V19/><F4/><W16/><G111/><T43/><D123/><U12/><E23/><V29/><F110/><W124/><G124/><T122/><D122/><U75/><E21/><V119/><F29/><W80/><G80/><T45/><D82/><U120/><E120/><V32/><F32/><W85/><REACH who="3" step="1"/><G56/><REACH who="3" ten="164,269,367,190" step="2"/><T100/><D99/><U131/><E131/><V89/><F97/><W95/><G95/><T126/><D126/><U86/><E72/><V112/><F57/><W103/><G103/><T27/><D52/><U130/><E75/><V54/><F54/><W108/><G108/><T61/><D61/><U87/><E130/><V102/><F62/><W34/><G34/><T115/><D115/><U93/><E93/><V125/><F102/><W55/><G55/><T50/><D38/><AGARI ba="0,1" hai="16,22,26,36,38,39,85,88,92,105,106,107,133,134" machi="38" ten="50,9600,0" yaku="1,1,54,2,53,0" doraHai="67" doraHaiUra="109" who="3" fromWho="0" sc="164,-96,269,0,367,0,190,106" /><INIT seed="3,1,0,0,1,120" ten="68,269,367,296" oya="3" hai0="28,82,81,65,90,110,13,25,19,7,29,78,48" hai1="97,106,6,112,60,8,71,16,67,134,52,88,1" hai2="130,51,121,41,102,93,46,127,47,69,57,10,3" hai3="37,109,50,104,5,44,86,59,49,117,11,101,99"/><W20/><G117/><T80/><D65/><U14/><E112/><V124/><F69/><W42/><G109/><T92/><D7/><U53/><E134/><V85/><F121/><W9/><G20/><T18/><D78/><U96/><E106/><V45/><F130/><W123/><G123/><T103/><D103/><U94/><REACH who="1" step="1"/><E97/><REACH who="1" ten="68,259,367,296" step="2"/><N who="2" m="59695" /><F127/><W98/><G98/><T100/><D100/><U77/><E77/><V64/><F124/><W66/><G86/><T114/><D114/><U79/><E79/><V35/><F85/><W27/><G27/><T133/><D133/><U73/><E73/><V63/><F3/><W83/><G83/><T119/><D119/><U68/><E68/><V36/><F36/><W75/><G75/><T105/><D105/><U21/><AGARI ba="1,1" hai="1,6,8,14,16,21,52,53,60,67,71,88,94,96" machi="21" ten="20,12000,2" yaku="1,1,0,1,7,1,54,3,53,0" doraHai="120" doraHaiUra="54" who="1" fromWho="1" sc="68,-31,259,133,367,-31,296,-61" owari="37,-46.3,392,49.2,336,13.6,235,-16.5" /></mjloggm>