<mjloggm ver="2.3"><GO type="225" lobby="0"/><UN n0="%E3%81%AF%E3%82%88%E3%81%8A%E3%81%98%E3%81%95%E3%82%93" n1="%73%69%67%65%6E%6F%72%69" n2="%E3%81%BD%E3%81%A1%E3%81%9F%E3%81%93%E3%82%84" n3="%73%61%6B%6F%EF%BC%A0%E6%9C%80" dan="17,18,17,17" rate="2133.89,2259.76,2174.37,2154.48" sx="M,M,M,M"/><TAIKYOKU oya="0"/><INIT seed="0,0,0,1,5,38" ten="250,250,250,250" oya="0" hai0="2,108,21,75,1,12,24,41,97,72,118,86,27" hai1="71,44,26,77,16,93,96,133,78,0,115,10,127" hai2="69,65,124,80,53,46,88,74,82,64,83,30,15" hai3="67,99,50,128,55,110,113,131,48,28,111,134,49"/><T114/><D114/><U54/><E71/><V132/><F132/><W5/><G5/><T70/><D118/><U106/><E106/><V68/><F124/><W34/><G28/><T101/><D70/><U58/><E127/><V57/><F74/><W45/><G34/><T73/><D108/><N who="3" m="41513" /><G99/><T61/><D61/><U9/><E133/><V121/><F121/><W102/><G102/><T25/><D86/><U122/><E122/><V62/><F30/><W19/><G19/><T94/><D41/><U66/><E115/><V8/><F65/><W98/><G98/><T125/><D125/><U56/><E0/><V7/><F46/><W63/><G134/><T36/><D36/><U104/><E44/><V32/><F32/><W116/><G116/><T135/><D135/><U47/><E47/><V130/><F130/><N who="3" m="49707" /><G113/><T29/><D29/><U39/><E104/><V89/><REACH who="2" step="1"/><F69/><AGARI ba="0,0" hai="45,48,49,50,55,63,67,69" m="49707,41513" machi="69" ten="30,7700,0" yaku="14,1,19,1,34,2" doraHai="38" who="3" fromWho="2" sc="250,0,250,0,250,-77,250,77" /><INIT seed="1,0,0,2,4,16" ten="250,250,173,327" oya="1" hai0="115,97,71,10,34,108,64,40,74,104,11,51,132" hai1="58,60,1,48,79,91,80,63,101,94,20,114,13" hai2="103,14,75,36,98,39,100,121,43,95,88,26,126" hai3="65,87,68,83,61,17,117,50,78,128,29,18,21"/><U81/><E114/><V56/><F121/><W102/><G128/><T77/><D115/><U25/><E1/><V129/><F129/><W54/><G117/><T105/><D34/><U73/><E101/><V49/><F75/><W52/><G102/><T72/><D108/><U22/><E80/><V131/><F131/><W8/><G8/><T122/><D122/><U33/><E13/><V4/><F126/><W0/><G0/><T2/><D132/><U111/><E111/><V19/><F4/><W92/><G92/><T6/><D11/><U69/><E48/><V28/><F39/><W130/><G130/><T53/><D40/><U112/><E112/><V93/><F36/><W118/><G118/><T55/><D55/><U124/><E124/><V123/><F123/><W24/><G54/><T119/><D119/><U133/><E133/><V44/><F56/><AGARI ba="0,0" hai="17,18,21,24,29,50,52,56,61,65,68,78,83,87" machi="56" ten="30,3900,0" yaku="7,1,52,1,54,1" doraHai="16" who="3" fromWho="2" sc="250,0,250,0,173,-39,327,39" /><INIT seed="2,0,0,4,4,80" ten="250,250,134,366" oya="2" hai0="85,79,83,22,39,10,73,94,62,25,4,130,124" hai1="13,115,102,43,0,15,3,48,11,76,12,47,9" hai2="69,123,7,70,27,90,19,125,33,89,111,112,120" hai3="93,41,97,132,2,61,20,109,35,129,108,101,92"/><V26/><F112/><W46/><G35/><T81/><D124/><U44/><E115/><V106/><F106/><W91/><G2/><T45/><D130/><U118/><E118/><V24/><F33/><W34/><G34/><T105/><D105/><U31/><E31/><V68/><F125/><W21/><G129/><T82/><D62/><U64/><E64/><V8/><F19/><W57/><G132/><T49/><D39/><U56/><E56/><V38/><F38/><W51/><G108/><T116/><D116/><U37/><E102/><V63/><F63/><W17/><G17/><T5/><D94/><U66/><E66/><V16/><F16/><W107/><G107/><T59/><D59/><U126/><E76/><V99/><F111/><W87/><G109/><T100/><D100/><U128/><E128/><V75/><F75/><W95/><G93/><T42/><D73/><U28/><E28/><V55/><F55/><AGARI ba="0,0" hai="20,21,41,46,51,55,57,61,87,91,92,95,97,101" machi="55" ten="30,3900,0" yaku="7,1,8,1,52,1" doraHai="80" who="3" fromWho="2" sc="250,0,250,0,134,-39,366,39" /><INIT seed="3,0,0,2,3,29" ten="250,250,95,405" oya="3" hai0="107,128,92,69,89,114,12,37,96,64,23,116,52" hai1="131,71,132,53,39,11,10,100,61,19,31,49,135" hai2="36,129,28,87,22,118,45,20,120,112,97,8,9" hai3="65,98,33,18,51,72,78,42,4,13,74,133,26"/><W73/><G65/><T54/><D116/><U38/><E131/><V119/><F87/><W113/><G113/><T123/><D123/><U115/><E115/><V34/><F97/><W91/><G133/><N who="1" m="51274" /><E31/><V44/><F36/><N who="1" m="13865" /><E19/><V121/><F28/><W47/><G33/><T95/><D107/><U90/><E100/><V109/><F112/><W57/><G57/><T41/><D114/><U86/><E61/><V68/><F109/><W82/><G26/><T25/><D128/><U79/><E71/><V70/><REACH who="2" step="1"/><F129/><REACH who="2" ten="250,250,85,405" step="2"/><W43/><G4/><T94/><D96/><U6/><E6/><V99/><F99/><W103/><G91/><T108/><D37/><U46/><E79/><V80/><F80/><AGARI ba="0,1" hai="10,11,46,49,53,80,86,90" m="13865,51274" machi="80" ten="30,1000,0" yaku="20,1" doraHai="29" who="1" fromWho="2" sc="250,0,250,20,85,-10,405,0" owari="250,-15.0,270,7.0,75,-42.5,405,50.5" /></mjloggm>