<mjloggm ver="2.3"><GO type="225" lobby="0"/><UN n0="%E3%83%81%E3%83%AF%E3%83%AF%E9%9A%8A%E9%95%B7" n1="%E6%81%A5%E6%99%92%E3%81%97" n2="%E5%B8%86%E7%AB%8B%E5%A4%8F%E8%A1%A3" n3="%E3%81%90%E3%81%A1%E3%82%84%E3%81%BE" dan="16,16,17,16" rate="2099.43,2165.27,2164.60,2122.48" sx="M,M,M,M"/><TAIKYOKU oya="0"/><INIT seed="0,0,0,4,5,57" ten="250,250,250,250" oya="0" hai0="35,79,54,39,91,84,105,47,135,77,5,20,49" hai1="63,125,24,10,71,14,1,4,118,23,90,36,83" hai2="87,120,62,53,102,114,75,124,92,112,2,9,131" hai3="94,50,59,123,133,28,81,34,52,106,103,13,99"/><T95/><D35/><U25/><E118/><V130/><F75/><W55/><G133/><T80/><D105/><U26/><E36/><V110/><F120/><W70/><G70/><T73/><D135/><U11/><E125/><V38/><F38/><W56/><G123/><T129/><D129/><N who="2" m="49162" /><F110/><W116/><G116/><T121/><D121/><U32/><E83/><V6/><F124/><W64/><G64/><T18/><D39/><U27/><E90/><N who="2" m="53343" /><F102/><W31/><G34/><T126/><D126/><U86/><E86/><V46/><F46/><W109/><G109/><T85/><D5/><N who="1" m="1327" /><E71/><V48/><F48/><W21/><G81/><T45/><D45/><U33/><E63/><V76/><F76/><W89/><G13/><N who="0" m="9295" /><D73/><U29/><AGARI ba="0,0" hai="4,11,14,23,24,25,26,27,29,32,33" m="1327" machi="29" ten="30,8000,1" yaku="35,5" doraHai="57" who="1" fromWho="1" sc="250,-40,250,80,250,-20,250,-20" /><INIT seed="1,0,0,0,2,69" ten="210,330,230,230" oya="1" hai0="45,112,100,122,42,120,98,116,61,49,0,17,25" hai1="28,110,15,77,14,47,19,90,95,41,55,108,121" hai2="89,82,48,132,113,53,54,13,65,27,85,125,52" hai3="83,67,7,70,87,123,102,3,104,78,105,51,21"/><U127/><E121/><N who="0" m="46697" /><D112/><U34/><E127/><V26/><F132/><W66/><G123/><T46/><D116/><U50/><E77/><V109/><F109/><N who="1" m="42089" /><E19/><V84/><F125/><W119/><G70/><T32/><D0/><U80/><E80/><V39/><F39/><W135/><G3/><T101/><D61/><U31/><E55/><V117/><F117/><W57/><G135/><T18/><D45/><U68/><E68/><V75/><F75/><W5/><G57/><T4/><D4/><U81/><E81/><V38/><F38/><W8/><G5/><T11/><D11/><U24/><E31/><V118/><F118/><W73/><G8/><T72/><D72/><U43/><E43/><V107/><F107/><W56/><G7/><T12/><D17/><U10/><E10/><V86/><F113/><W16/><G73/><T79/><D79/><U111/><E111/><V91/><F48/><W35/><G16/><T40/><D18/><U133/><E133/><V92/><F13/><W2/><G78/><T97/><D12/><U99/><AGARI ba="0,0" hai="14,15,24,28,34,41,47,50,90,95,99" m="42089" machi="99" ten="30,3000,0" yaku="14,1,10,1" doraHai="69" who="1" fromWho="1" sc="210,-10,330,30,230,-10,230,-10" /><INIT seed="1,1,0,1,2,127" ten="200,360,220,220" oya="1" hai0="108,112,32,71,65,134,70,36,75,91,15,1,8" hai1="26,88,98,24,47,120,133,96,69,52,23,131,84" hai2="125,43,14,111,35,87,118,99,104,90,97,122,16" hai3="76,33,4,77,5,89,103,59,100,121,13,132,9"/><U116/><E116/><V107/><F118/><W18/><G121/><T86/><D112/><U82/><E120/><V45/><F122/><W129/><G33/><T114/><D114/><U73/><E69/><V56/><F35/><W51/><G132/><T41/><D1/><U83/><E131/><V20/><F111/><W55/><G129/><T94/><D75/><U30/><E133/><V85/><F125/><W81/><G89/><T79/><D32/><U39/><E39/><V60/><F107/><W0/><G77/><T42/><D134/><U128/><E128/><V57/><F104/><W7/><REACH who="3" step="1"/><G0/><REACH who="3" ten="200,360,220,210" step="2"/><T40/><D79/><U62/><E88/><V64/><F87/><AGARI ba="1,1" hai="4,5,7,9,13,18,51,55,59,76,81,87,100,103" machi="87" ten="40,5200,0" yaku="1,1,2,1,8,1,53,0" doraHai="127" doraHaiUra="38" who="3" fromWho="2" sc="200,0,360,0,220,-55,210,65" /><INIT seed="2,0,0,3,2,101" ten="200,360,165,275" oya="2" hai0="75,98,23,124,34,48,130,97,21,108,58,64,12" hai1="95,50,114,56,44,28,84,100,79,135,104,27,17" hai2="120,106,15,87,1,62,29,112,96,134,39,127,59" hai3="16,30,78,6,18,109,0,123,65,117,72,131,113"/><V93/><F112/><W37/><G65/><T88/><D34/><U53/><E114/><V57/><F120/><W41/><G117/><T102/><D75/><U10/><E104/><V86/><F1/><W35/><G123/><T36/><D36/><U115/><E135/><V54/><F39/><W69/><G69/><T128/><D108/><U133/><E133/><V3/><F3/><W82/><G131/><N who="0" m="50219" /><D124/><U5/><E17/><V20/><F127/><W66/><G66/><T129/><D129/><U89/><E100/><V11/><F134/><W94/><G94/><N who="0" m="56519" /><D12/><U83/><E56/><V9/><F106/><W81/><G81/><T60/><D48/><U40/><E115/><V68/><F68/><W14/><G14/><T61/><D61/><U90/><E53/><V71/><F71/><W110/><G113/><T25/><D25/><U74/><E74/><V42/><F42/><W47/><G30/><T103/><D103/><U31/><E27/><N who="2" m="16615" /><F59/><W92/><G35/><T8/><D8/><N who="2" m="3146" /><F15/><W105/><G105/><AGARI ba="0,0" hai="21,23,58,60,64,98,102,105" m="56519,50219" machi="105" ten="30,3900,0" yaku="19,1,52,1,54,1" doraHai="101" who="0" fromWho="3" sc="200,39,360,0,165,0,275,-39" /><INIT seed="3,0,0,3,1,49" ten="239,360,165,236" oya="3" hai0="50,69,105,109,42,24,103,28,3,15,27,79,61" hai1="102,77,73,85,74,127,132,43,6,67,111,44,56" hai2="48,95,118,128,51,53,10,115,20,36,86,88,113" hai3="21,99,89,98,8,64,81,83,131,82,94,2,125"/><W38/><G38/><T117/><D3/><U23/><E111/><V29/><F36/><W0/><G131/><T90/><D117/><U78/><E74/><V41/><F118/><W65/><G125/><T1/><D1/><U112/><E132/><V58/><F128/><W55/><G0/><T76/><D109/><U13/><E78/><V45/><F29/><W12/><G2/><T121/><D121/><U5/><E5/><V60/><F10/><W4/><G21/><T93/><D15/><U59/><E102/><V62/><REACH who="2" step="1"/><F20/><REACH who="2" ten="239,360,155,236" step="2"/><W80/><N who="3" m="20480" /><DORA hai="63" /><W71/><G71/><T25/><D69/><U96/><E23/><V19/><F19/><W72/><G72/><T129/><D28/><U104/><E73/><V57/><F57/><W91/><G55/><T114/><D129/><U108/><E127/><V54/><F54/><W120/><G120/><T100/><D76/><U122/><E77/><V116/><F116/><W101/><REACH who="3" step="1"/><G91/><REACH who="3" ten="239,360,155,226" step="2"/><T14/><D90/><U37/><E37/><V68/><F68/><W133/><G133/><T18/><D79/><U17/><E122/><V34/><F34/><W110/><G110/><T11/><D42/><U16/><E43/><V126/><F126/><W35/><G35/><T107/><D103/><U70/><E108/><V66/><F66/><W106/><AGARI ba="0,2" hai="4,8,12,64,65,89,94,98,99,101,106" m="20480" machi="106" ten="40,12000,1" yaku="1,1,0,1,52,2,53,0" doraHai="49,63" doraHaiUra="130,119" who="3" fromWho="3" sc="239,-40,360,-40,155,-40,226,140" owari="199,-20.1,320,12.0,115,-38.5,366,46.6" /></mjloggm>