<mjloggm ver="2.3"><GO type="225" lobby="0"/><UN n0="%E5%BA%84%E5%8F%B8%E5%81%A5%E5%A4%AA%E6%9C%97" n1="%E3%81%95%E3%81%8D%E3%81%9F%E3%81%BE%E6%9E%97%E6%AA%8E" n2="%E8%81%B7%E6%A5%AD%E3%80%81%E9%A2%A8%32" n3="%E5%B8%86%E7%AB%8B%E5%A4%8F%E8%A1%A3" dan="16,16,16,17" rate="2178.53,2160.81,2147.61,2241.62" sx="M,M,M,M"/><TAIKYOKU oya="0"/><INIT seed="0,0,0,3,5,119" ten="250,250,250,250" oya="0" hai0="42,92,54,8,12,102,59,103,112,45,24,126,16" hai1="82,86,94,25,61,76,70,48,38,128,65,36,110" hai2="9,3,116,133,37,108,5,52,66,35,104,68,41" hai3="10,130,32,69,64,26,87,101,127,23,122,95,50"/><T125/><D112/><U55/><E110/><V85/><F108/><W46/><G127/><N who="0" m="48651" /><D92/><U6/><E128/><V33/><F116/><W90/><G130/><T17/><D17/><U56/><E6/><V13/><F133/><W47/><G32/><T84/><D84/><U28/><REACH who="1" step="1"/><E94/><REACH who="1" ten="250,240,250,250" step="2"/><V57/><F104/><W60/><G95/><T71/><D71/><U77/><E77/><V120/><F68/><W135/><G69/><T106/><D106/><U31/><E31/><V67/><F3/><W83/><G135/><T63/><D24/><U75/><E75/><V22/><F5/><W81/><G26/><T44/><D44/><U131/><E131/><V4/><F4/><W58/><G47/><T123/><D123/><U80/><E80/><V21/><F120/><W118/><G122/><T1/><D1/><U100/><E100/><V124/><F124/><W11/><G101/><T111/><D111/><U27/><E27/><V132/><F132/><W117/><G83/><T99/><D99/><U113/><E113/><V30/><F30/><W19/><G118/><T0/><D0/><U93/><E93/><V115/><F115/><W43/><G117/><T91/><D91/><U20/><AGARI ba="0,1" hai="20,25,28,36,38,48,55,56,61,65,70,76,82,86" machi="20" ten="20,2700,0" yaku="1,1,0,1,7,1,53,0" doraHai="119" doraHaiUra="134" who="1" fromWho="1" sc="250,-13,240,37,250,-7,250,-7" /><INIT seed="1,0,0,1,4,64" ten="237,277,243,243" oya="1" hai0="108,18,41,37,34,25,14,79,62,67,19,68,112" hai1="49,38,101,27,95,71,133,55,2,94,90,122,61" hai2="42,0,28,6,17,66,93,9,26,53,105,50,11" hai3="132,113,126,109,125,7,51,8,69,35,39,115,84"/><U97/><E122/><V76/><F105/><W134/><G39/><T128/><D112/><N who="3" m="43081" /><G51/><T59/><D108/><U85/><E133/><N who="3" m="51306" /><G84/><T135/><D135/><U131/><E131/><V58/><F76/><W92/><G92/><T123/><D123/><U118/><E118/><V129/><F129/><W3/><G109/><T120/><D120/><U15/><E2/><V31/><F93/><W21/><G69/><T4/><D128/><U13/><E38/><V107/><F107/><W106/><G106/><T99/><D4/><U52/><E27/><V78/><F78/><W22/><G35/><T72/><D99/><U73/><E73/><V80/><F80/><W40/><G40/><T43/><D37/><U5/><E5/><V56/><F42/><W114/><N who="3" m="43089" /><W44/><DORA hai="117" /><G44/><T70/><D43/><U111/><E111/><V98/><F98/><W23/><AGARI ba="0,0" hai="3,7,8,21,22,23,125,126" m="51306,43089" machi="23" ten="50,6400,0" yaku="20,1,34,2" doraHai="64,117" who="3" fromWho="3" sc="237,-16,277,-32,243,-16,243,64" /><INIT seed="2,0,0,5,2,44" ten="221,245,227,307" oya="2" hai0="50,95,38,91,113,112,4,23,64,60,123,120,40" hai1="106,87,43,12,66,55,129,54,80,24,99,56,15" hai2="116,22,108,26,74,18,32,94,135,115,10,78,35" hai3="105,75,101,62,90,122,92,84,0,46,133,88,13"/><V68/><F116/><W39/><G0/><T65/><D4/><U76/><E129/><V67/><F115/><N who="0" m="44106" /><D23/><U30/><E43/><V33/><F135/><W41/><G133/><T134/><D134/><U110/><E110/><V86/><F108/><W48/><G75/><T45/><D91/><U70/><E15/><V126/><F126/><W85/><G122/><N who="0" m="46635" /><D95/><U97/><E12/><V20/><F10/><W31/><G39/><T100/><D100/><U36/><E36/><V102/><F74/><W21/><G105/><T14/><D14/><U52/><E70/><V7/><F7/><W93/><G101/><T79/><D79/><U3/><E3/><V17/><F68/><W119/><G119/><T34/><D34/><U107/><E107/><V9/><F9/><W59/><G31/><T131/><D131/><U124/><E124/><V53/><F67/><N who="0" m="25674" /><D60/><N who="1" m="38151" /><E106/><V118/><F118/><W49/><G62/><T98/><D98/><N who="1" m="37387" /><E30/><V96/><F78/><W109/><G109/><T117/><D117/><U61/><E24/><V77/><F77/><W16/><G93/><T128/><D128/><U25/><E25/><V29/><F86/><N who="3" m="52247" /><G90/><T6/><D6/><U111/><E111/><V57/><REACH who="2" step="1"/><F22/><REACH who="2" ten="221,245,217,307" step="2"/><W72/><G72/><T47/><D47/><U63/><AGARI ba="0,1" hai="52,54,55,61,63,76,80,87" m="37387,38151" machi="63" ten="30,2000,0" yaku="8,1,54,1" doraHai="44" who="1" fromWho="1" sc="221,-5,245,30,217,-10,307,-5" /><INIT seed="3,0,0,2,3,29" ten="216,275,207,302" oya="3" hai0="110,78,18,71,82,15,63,94,99,22,120,72,104" hai1="75,123,24,124,77,91,45,128,48,87,107,61,23" hai2="19,101,85,90,121,95,30,36,131,69,55,114,25" hai3="115,111,47,92,34,6,41,112,117,119,62,134,50"/><W122/><G34/><T83/><D120/><U103/><E123/><V13/><F114/><N who="3" m="43563" /><G122/><T14/><D104/><U133/><E133/><V116/><F121/><W4/><G134/><T135/><D110/><U54/><E128/><V20/><F131/><W3/><G92/><T100/><D135/><U27/><E124/><V57/><F116/><N who="3" m="44619" /><G3/><T118/><D118/><U109/><E109/><V106/><F69/><W12/><G12/><T125/><D125/><U5/><E5/><V84/><F36/><N who="3" m="21927" /><G6/><T37/><D37/><U42/><E75/><V8/><F106/><W53/><G4/><T10/><D83/><U66/><E77/><V129/><F129/><W40/><G111/><T35/><D10/><U74/><E74/><V39/><F39/><W49/><G40/><T108/><D108/><U126/><E126/><V16/><F101/><W88/><G88/><T56/><D15/><U105/><E103/><V80/><F80/><W81/><G81/><T0/><D0/><U31/><E42/><V64/><F64/><W127/><G127/><T73/><D35/><U93/><REACH who="1" step="1"/><E27/><REACH who="1" ten="216,265,207,302" step="2"/><V32/><F85/><W9/><G9/><T132/><D132/><U67/><E67/><V17/><REACH who="2" step="1"/><F32/><REACH who="2" ten="216,265,197,302" step="2"/><W86/><G86/><N who="0" m="48471" /><D71/><AGARI ba="0,2" hai="23,24,31,45,48,54,61,66,71,87,91,93,105,107" machi="71" ten="30,3900,0" yaku="1,1,7,1,53,1" doraHai="29" doraHaiUra="59" who="1" fromWho="0" sc="216,-39,265,59,197,0,302,0" owari="177,-32.3,324,42.4,197,-20.3,302,10.2" /></mjloggm>