<mjloggm ver="2.3"><GO type="225" lobby="0"/><UN n0="%E2%98%86%E5%B0%8F%E5%AD%A6%E7%94%B7%E7%94%9F%E2%98%86" n1="%E6%98%93%E5%88%A9%E8%96%A9%E4%BC%AF" n2="%E3%81%AF%E3%82%88%E3%81%8A%E3%81%98%E3%81%95%E3%82%93" n3="%E5%A4%8F%E3%81%AA%E3%81%AE%E3%81%AB" dan="16,17,17,16" rate="2096.51,2155.52,2144.32,2131.06" sx="M,F,M,M"/><TAIKYOKU oya="0"/><INIT seed="0,0,0,2,4,51" ten="250,250,250,250" oya="0" hai0="108,93,67,91,77,81,76,122,119,47,75,33,25" hai1="96,58,57,135,73,9,29,121,94,120,37,11,50" hai2="4,12,90,109,5,38,88,23,22,83,131,40,118" hai3="80,92,2,117,130,8,70,18,133,6,95,13,114"/><T74/><D119/><U21/><E37/><V98/><F118/><W107/><G107/><T55/><D122/><U19/><E73/><V64/><F109/><W103/><G70/><T48/><D67/><U1/><E135/><V113/><F113/><W132/><G130/><T116/><D116/><U84/><E29/><V3/><F3/><W99/><G114/><T89/><D108/><U63/><E84/><N who="2" m="50207" /><F38/><W35/><G35/><T42/><D33/><U106/><E106/><V49/><F131/><W128/><G128/><T127/><D127/><U52/><E120/><V15/><F90/><W115/><G115/><T78/><D25/><N who="1" m="14527" /><E1/><V17/><F64/><W101/><G80/><T87/><REACH who="0" step="1"/><D42/><REACH who="0" ten="240,250,250,250" step="2"/><U105/><E121/><V61/><F40/><W104/><G117/><T28/><D28/><U20/><E105/><V53/><F61/><W41/><G41/><T46/><D46/><U60/><E60/><V125/><F125/><W124/><G124/><T56/><D56/><U97/><E58/><N who="2" m="33071" /><F98/><AGARI ba="0,1" hai="47,48,55,74,75,76,77,78,81,87,89,91,93,98" machi="98" ten="40,3900,0" yaku="1,1,52,1,53,0" doraHai="51" doraHaiUra="32" who="0" fromWho="2" sc="240,49,250,0,250,-39,250,0" /><INIT seed="0,1,0,4,2,40" ten="289,250,211,250" oya="0" hai0="48,70,86,18,67,71,128,135,109,2,1,93,51" hai1="47,7,9,4,85,37,65,57,100,55,13,88,82" hai2="46,92,44,130,126,24,94,35,114,19,52,87,133" hai3="107,15,99,79,91,123,98,73,105,21,132,116,129"/><T60/><D135/><U12/><E100/><V29/><F114/><W103/><G116/><T14/><D128/><U84/><E65/><V115/><F115/><W34/><G34/><T113/><D113/><U42/><E84/><V22/><F130/><W61/><G129/><T90/><D71/><U20/><E20/><N who="2" m="15495" /><F133/><W0/><G0/><T62/><D62/><U27/><E27/><N who="2" m="14815" /><F35/><W53/><G132/><T78/><D109/><U121/><E121/><V69/><F69/><W58/><G123/><T89/><D78/><U83/><E83/><V11/><F126/><W33/><G33/><T101/><D101/><U112/><E112/><V104/><F104/><W49/><G73/><T23/><D1/><U96/><E96/><V39/><F39/><W110/><G110/><T17/><D2/><U45/><E45/><N who="2" m="17515" /><F11/><W106/><G106/><T25/><D70/><U6/><REACH who="1" step="1"/><E9/><REACH who="1" ten="289,240,211,250" step="2"/><V64/><F64/><W119/><G119/><T81/><D67/><U32/><E32/><V131/><F131/><W63/><G107/><T108/><D108/><U120/><E120/><V5/><F5/><W68/><G105/><T80/><D23/><U8/><E8/><V118/><F118/><W102/><G68/><T117/><D117/><U59/><E59/><V95/><F52/><W97/><G21/><T50/><D25/><U66/><E66/><V56/><F56/><W74/><G74/><T127/><D127/><U122/><E122/><V36/><F36/><W134/><G134/><T72/><D72/><U26/><E26/><V77/><F87/><W111/><G111/><T41/><D86/><RYUUKYOKU ba="1,1" sc="289,-15,240,15,211,15,250,-15" hai1="4,6,7,12,13,37,42,47,55,57,82,85,88" hai2="77,92,94,95" /><INIT seed="1,2,1,4,5,59" ten="274,255,226,235" oya="1" hai0="25,125,126,53,61,130,109,65,102,49,14,37,122" hai1="98,134,13,33,5,46,42,39,129,54,76,124,38" hai2="34,55,40,90,8,26,57,111,11,72,107,15,91" hai3="81,74,127,88,63,131,101,17,12,116,73,52,87"/><U56/><E33/><V69/><F69/><W23/><G127/><N who="0" m="48651" /><D37/><U117/><E124/><V58/><F72/><W89/><G131/><T7/><D130/><U47/><E129/><V103/><F111/><W35/><G35/><T92/><D109/><U119/><E134/><V94/><F107/><W99/><G89/><N who="2" m="33801" /><F34/><W96/><G116/><T104/><D104/><U97/><E76/><V85/><F40/><W2/><G2/><T45/><D25/><U79/><E79/><V114/><F114/><W6/><G6/><T31/><D31/><U132/><E132/><V93/><F26/><W51/><G99/><N who="0" m="59751" /><D122/><U75/><E75/><V118/><F118/><W135/><G135/><T86/><D86/><U19/><E5/><N who="2" m="3471" /><F11/><W10/><G10/><N who="0" m="4447" /><D65/><U70/><E70/><V43/><F43/><W78/><G78/><T28/><D28/><U95/><E119/><V113/><F113/><W50/><G74/><T18/><D18/><U60/><E117/><V29/><F29/><W30/><G30/><T4/><D4/><U66/><E66/><V120/><F120/><W105/><REACH who="3" step="1"/><G73/><REACH who="3" ten="274,255,226,225" step="2"/><T115/><D115/><U44/><E98/><V32/><F32/><W62/><G62/><AGARI ba="2,2" hai="45,49,53,61,62" m="4447,59751,48651" machi="62" ten="30,3900,0" yaku="18,1,52,2" doraHai="59" who="0" fromWho="3" sc="274,65,255,0,226,0,225,-45" /><INIT seed="2,0,0,5,4,81" ten="339,255,226,180" oya="2" hai0="86,51,60,88,0,127,64,82,119,102,17,77,84" hai1="14,42,122,62,38,94,47,97,109,43,100,54,72" hai2="87,117,92,22,68,83,1,11,18,135,53,34,10" hai3="13,103,63,70,89,98,134,106,121,125,105,123,74"/><V71/><F117/><W55/><G134/><T114/><D114/><U30/><E109/><V45/><F34/><W85/><G125/><T75/><D0/><U33/><E122/><V116/><F116/><W76/><G106/><T28/><D119/><U65/><E72/><V23/><F135/><W40/><G40/><T5/><D127/><U50/><E38/><V35/><F35/><W9/><G76/><T112/><D5/><U46/><E46/><V111/><F111/><W131/><G74/><T128/><D102/><U66/><E66/><V24/><F92/><W7/><G131/><T6/><D6/><U39/><E39/><V37/><F1/><W93/><REACH who="3" step="1"/><G55/><REACH who="3" ten="339,255,226,170" step="2"/><T31/><D128/><U52/><E43/><V124/><F124/><W41/><G41/><T69/><D75/><U129/><E129/><V130/><F130/><W80/><G80/><T3/><D112/><U108/><E108/><V120/><F120/><W26/><G26/><T25/><D25/><U73/><E73/><V16/><F37/><W56/><G56/><T104/><D104/><U107/><E107/><V44/><F71/><W95/><G95/><T79/><D79/><U8/><E54/><V58/><F68/><W4/><G4/><T15/><D77/><U32/><E42/><V115/><F115/><W29/><G29/><T20/><D28/><U19/><E30/><V2/><F58/><AGARI ba="0,1" hai="8,14,19,32,33,47,50,52,58,62,65,94,97,100" machi="58" ten="30,2000,0" yaku="7,1,54,1" doraHai="81" who="1" fromWho="2" sc="339,0,255,30,226,-20,170,0" /><INIT seed="3,0,0,3,2,45" ten="339,285,206,170" oya="3" hai0="28,72,56,96,80,132,125,11,119,48,49,73,33" hai1="76,69,101,67,59,61,35,123,104,88,2,98,77" hai2="21,24,116,36,99,53,103,71,107,105,47,121,29" hai3="50,70,128,87,122,108,9,68,4,120,16,60,14"/><W23/><G128/><T127/><D119/><U13/><E2/><V93/><F116/><W42/><G87/><T58/><D132/><U27/><E123/><V55/><F71/><W78/><G78/><T0/><D96/><U81/><E13/><V62/><F121/><W106/><G106/><T79/><D73/><U83/><E59/><N who="0" m="22569" /><D28/><N who="1" m="19871" /><E88/><V30/><F29/><W109/><G122/><T112/><D33/><U126/><E126/><N who="0" m="48137" /><D112/><U117/><E117/><V84/><F62/><W95/><G120/><T39/><D39/><U66/><E66/><V135/><F135/><W54/><G95/><T6/><AGARI ba="0,0" hai="0,6,11,48,49,72,79,80" m="48137,22569" machi="6" ten="30,4000,0" yaku="18,1,52,2" doraHai="45" who="0" fromWho="0" sc="339,40,285,-10,206,-10,170,-20" owari="379,47.9,275,7.5,196,-20.4,150,-35.0" /></mjloggm>