<mjloggm ver="2.3"><GO type="225" lobby="0"/><UN n0="%72%61%6B%33" n1="%E9%A6%AC%E5%BC%95%E7%81%AB%33" n2="%E6%98%93%E5%88%A9%E8%96%A9%E4%BC%AF" n3="%E7%B4%94%E6%BD%94%E3%83%94%E3%83%A9%E3%83%8B%E3%82%A2" dan="16,16,17,17" rate="2105.06,2137.35,2223.22,2197.71" sx="M,M,F,M"/><TAIKYOKU oya="0"/><INIT seed="0,0,0,0,2,18" ten="250,250,250,250" oya="0" hai0="42,118,53,59,17,3,96,24,1,119,5,29,51" hai1="91,80,84,76,85,61,30,13,77,70,48,12,36" hai2="117,94,107,60,27,33,126,104,2,41,28,62,64" hai3="98,105,35,92,44,134,16,114,65,133,57,32,21"/><T73/><D73/><BYE who="0" /><U116/><E116/><V124/><F117/><W50/><G105/><T89/><D89/><U23/><E36/><V79/><F2/><W88/><G114/><T109/><D109/><U113/><E113/><V110/><F110/><W123/><G57/><UN n0="%72%61%6B%33" /><T10/><D96/><U38/><E38/><V20/><F41/><N who="3" m="24847" /><G123/><T6/><D42/><U131/><E131/><V122/><F79/><W67/><G35/><T129/><D129/><U108/><E108/><V128/><F122/><W15/><G32/><T93/><D93/><U43/><E61/><V37/><F37/><W47/><G47/><T25/><D17/><U83/><E70/><V121/><F121/><W87/><G134/><T102/><D102/><U90/><E48/><V45/><F45/><W68/><G68/><T115/><D115/><U120/><E120/><V72/><F72/><W4/><G133/><T26/><REACH who="0" step="1"/><D29/><REACH who="0" ten="240,250,250,250" step="2"/><U127/><E43/><V135/><F128/><W69/><G4/><T46/><D46/><U132/><E132/><V112/><F135/><W0/><G69/><T111/><D111/><U7/><E7/><V22/><F112/><W9/><G9/><AGARI ba="0,1" hai="1,3,5,6,9,10,24,25,26,51,53,59,118,119" machi="9" ten="40,12000,1" yaku="1,1,9,1,53,2" doraHai="18" doraHaiUra="34" who="0" fromWho="3" sc="240,130,250,0,250,0,250,-120" /><INIT seed="0,1,0,1,5,64" ten="370,250,250,130" oya="0" hai0="68,77,76,18,59,96,21,33,82,69,127,88,57" hai1="62,49,72,86,19,41,115,20,121,47,107,32,106" hai2="31,13,14,1,30,130,103,70,34,120,39,75,73" hai3="7,26,81,123,28,99,55,128,58,27,78,38,105"/><T56/><D33/><U109/><E121/><V44/><F120/><W42/><G128/><T122/><D122/><U135/><E72/><V117/><F1/><W2/><G123/><T23/><D127/><U17/><E32/><V53/><F103/><W54/><G54/><T92/><D77/><U15/><E109/><V60/><F34/><W129/><G129/><T118/><D118/><U40/><E135/><V5/><F14/><W90/><G38/><T45/><D45/><U108/><E108/><V102/><F102/><W80/><G42/><T50/><D50/><U131/><E131/><V87/><F75/><W10/><G105/><T24/><REACH who="0" step="1"/><D21/><REACH who="0" ten="360,250,250,130" step="2"/><U43/><E49/><V119/><F44/><W37/><G37/><T101/><D101/><U79/><E47/><V84/><F39/><W112/><G78/><T100/><D100/><U98/><E20/><V66/><F117/><W113/><G112/><T134/><D134/><U126/><E115/><V16/><F119/><W114/><G113/><T6/><D6/><U61/><E126/><V4/><F4/><W9/><G114/><T29/><D29/><U89/><E79/><V85/><F5/><W67/><G28/><T91/><D91/><U35/><E89/><V104/><F31/><W71/><G90/><T0/><D0/><U95/><E19/><V3/><F3/><W22/><G7/><T11/><D11/><U111/><E17/><V132/><F132/><W46/><G9/><T94/><D94/><U74/><E95/><V93/><F93/><W52/><G10/><T97/><D97/><U63/><E98/><RYUUKYOKU ba="1,1" sc="360,30,250,-10,250,-10,130,-10" hai0="18,23,24,56,57,59,68,69,76,82,88,92,96" /><INIT seed="0,2,1,3,3,17" ten="390,240,240,120" oya="0" hai0="33,60,13,22,101,92,96,123,41,19,113,108,99" hai1="2,67,21,64,16,25,4,71,26,12,30,23,63" hai2="65,47,72,117,118,122,10,42,93,39,29,89,115" hai3="130,24,95,77,112,57,49,1,127,73,111,103,104"/><T128/><D113/><U53/><E67/><V31/><F115/><W106/><G112/><T50/><D123/><U129/><E129/><V125/><F72/><W15/><G1/><T55/><D128/><U43/><E43/><V9/><F125/><W14/><G127/><T124/><D124/><U100/><E100/><V133/><F65/><W119/><G111/><T98/><D108/><U66/><E66/><V18/><F133/><W109/><G109/><T74/><D33/><U131/><E131/><V105/><F105/><W102/><G119/><N who="2" m="45577" /><F122/><W11/><G73/><T8/><D74/><U87/><E87/><N who="2" m="52415" /><F18/><W62/><G106/><T52/><D41/><U84/><E84/><V110/><F110/><W0/><G104/><T121/><D121/><U3/><REACH who="1" step="1"/><E53/><REACH who="1" ten="390,230,240,120" step="2"/><V97/><F97/><W58/><G130/><T80/><D99/><U116/><E116/><V61/><F61/><W20/><G62/><T5/><D98/><U68/><E68/><V38/><F38/><W107/><G102/><T82/><D60/><U114/><E114/><V35/><F35/><W126/><G103/><T86/><D50/><U44/><E44/><V34/><F34/><W32/><G49/><T81/><REACH who="0" step="1"/><D86/><REACH who="0" ten="380,230,240,120" step="2"/><U45/><E45/><V7/><F47/><W56/><G32/><T37/><D37/><U27/><E27/><AGARI ba="2,3" hai="5,8,13,19,22,27,52,55,80,81,82,92,96,101" machi="27" ten="40,12000,1" yaku="1,1,8,1,52,1,54,1,53,0" doraHai="17" doraHaiUra="46" who="0" fromWho="1" sc="380,156,230,-126,240,0,120,0" /><INIT seed="0,3,0,5,3,8" ten="536,104,240,120" oya="0" hai0="49,126,99,82,115,53,60,41,77,11,98,101,43" hai1="29,66,114,106,22,46,83,6,63,39,79,13,86" hai2="44,84,110,128,24,64,90,37,81,88,10,124,127" hai3="30,112,75,71,96,23,113,3,36,59,54,12,45"/><T42/><D126/><N who="2" m="48170" /><F110/><W50/><G3/><T119/><D119/><U26/><E106/><V73/><F73/><W1/><G1/><T132/><D132/><U133/><E133/><V35/><F128/><W65/><G75/><T105/><D115/><U34/><E114/><V130/><F64/><W78/><G78/><T120/><D120/><U72/><E72/><V57/><F57/><W31/><G31/><T25/><D99/><U93/><E93/><V131/><F10/><W15/><G96/><T94/><D25/><U0/><E0/><V18/><F90/><W67/><G112/><T17/><D60/><U74/><E74/><V4/><F4/><W38/><G38/><T76/><D105/><U116/><E116/><V89/><F89/><W85/><G85/><T58/><REACH who="0" step="1"/><D82/><REACH who="0" ten="526,104,240,120" step="2"/><U97/><E97/><V55/><F81/><W5/><G113/><T122/><D122/><U100/><E100/><V28/><F24/><W104/><G104/><T51/><D51/><U61/><E61/><V69/><F131/><W48/><G50/><T129/><D129/><U27/><E27/><V102/><F102/><W14/><G36/><T123/><D123/><U20/><E63/><V9/><F37/><W7/><G71/><T47/><D47/><U92/><E46/><V80/><F44/><W118/><G45/><T107/><D107/><U19/><E39/><V109/><F69/><W52/><G118/><T125/><D125/><U2/><E26/><V91/><F80/><W16/><G48/><T56/><D56/><U108/><E83/><V68/><F130/><W121/><G121/><RYUUKYOKU ba="3,1" sc="526,30,104,-10,240,-10,120,-10" hai0="11,17,41,42,43,49,53,58,76,77,94,98,101" /><INIT seed="0,4,1,3,4,78" ten="556,94,230,110" oya="0" hai0="53,2,120,33,15,11,41,101,48,7,76,23,36" hai1="47,30,132,111,126,121,44,24,65,38,8,74,97" hai2="1,68,14,85,54,127,122,96,118,16,129,134,135" hai3="80,90,6,21,26,4,46,35,12,40,57,58,5"/><T130/><D120/><U22/><E121/><V27/><F68/><W98/><G35/><T105/><D130/><U66/><E74/><V17/><F122/><W69/><G69/><T67/><D33/><U119/><E119/><V56/><F1/><W91/><G12/><T73/><D67/><N who="1" m="25611" /><E38/><V107/><F127/><W49/><G98/><T84/><D101/><U116/><E116/><V115/><F115/><W102/><G102/><T20/><D105/><U128/><E126/><V95/><F107/><W81/><G90/><T99/><D73/><U51/><E128/><V29/><F85/><N who="3" m="50599" /><G81/><T3/><D99/><U45/><E111/><V34/><F129/><W55/><G40/><T124/><D41/><N who="1" m="24975" /><E132/><N who="2" m="50731" /><F14/><W92/><G92/><T9/><D15/><U50/><E50/><N who="2" m="30807" /><F118/><W77/><G77/><T83/><D124/><U103/><E8/><V104/><F104/><W31/><AGARI ba="4,1" hai="4,5,6,21,26,31,46,49,55,57,58" m="50599" machi="31" ten="30,2000,0" yaku="8,1,52,1" doraHai="78" who="3" fromWho="3" sc="556,-14,94,-9,230,-9,110,42" /><INIT seed="1,0,0,3,5,37" ten="542,85,221,152" oya="1" hai0="103,5,76,128,133,38,71,47,39,94,109,33,112" hai1="72,21,46,0,65,92,84,111,19,60,14,17,102" hai2="50,58,123,122,54,64,13,73,93,66,100,80,22" hai3="42,135,90,83,24,10,91,70,36,124,45,53,121"/><U57/><E72/><V82/><F122/><W117/><G121/><T78/><D5/><U61/><E0/><V56/><F123/><W107/><G107/><T119/><D47/><U126/><E126/><V44/><F73/><W8/><G124/><T127/><D94/><U62/><E111/><V34/><F34/><W125/><G70/><T99/><D99/><U129/><E129/><V2/><F2/><W131/><G131/><T4/><D4/><U110/><E110/><V40/><F66/><W43/><G135/><T97/><D97/><U41/><E19/><N who="2" m="10607" /><F93/><W27/><G125/><T79/><D103/><U9/><E9/><N who="3" m="3690" /><G36/><T11/><D78/><U49/><REACH who="1" step="1"/><E102/><REACH who="1" ten="542,75,221,152" step="2"/><V26/><F100/><W16/><G16/><T32/><D109/><U88/><AGARI ba="0,1" hai="14,17,21,41,46,49,57,60,61,62,65,84,88,92" machi="88" ten="30,18000,2" yaku="1,1,2,1,0,1,8,1,52,1,54,1,53,0" doraHai="37" doraHaiUra="1" who="1" fromWho="1" sc="542,-60,75,190,221,-60,152,-60" /><INIT seed="1,1,0,0,3,45" ten="482,265,161,92" oya="1" hai0="33,52,107,5,65,14,53,59,51,17,31,16,21" hai1="39,50,69,72,123,87,25,29,2,71,62,75,112" hai2="96,85,44,100,77,90,81,19,113,70,60,68,15" hai3="120,80,74,61,103,58,23,30,127,76,64,56,48"/><U125/><E112/><V49/><F113/><W98/><G120/><T129/><D107/><U121/><E39/><V89/><F60/><W82/><G127/><T41/><D129/><U8/><E125/><V114/><F114/><W6/><G6/><T105/><D105/><U134/><E134/><V124/><F124/><W11/><G11/><T40/><D65/><U128/><E128/><V110/><F110/><W83/><G56/><N who="0" m="32799" /><D33/><U109/><E109/><V46/><F46/><W84/><G74/><T86/><D31/><U104/><E104/><V97/><F70/><W37/><G37/><T93/><D5/><U118/><E118/><V94/><F97/><W79/><G79/><T43/><D17/><U131/><E87/><V36/><F68/><W115/><G48/><N who="0" m="31143" /><D93/><U35/><E29/><V24/><F24/><W57/><G57/><T54/><D54/><U27/><E27/><V12/><F12/><W126/><G115/><T0/><D0/><U22/><E25/><V102/><F36/><W32/><G32/><T99/><D86/><U135/><E2/><V1/><F1/><W92/><G126/><T26/><D26/><AGARI ba="1,0" hai="23,26,30,58,61,64,76,80,82,83,84,92,98,103" machi="26" ten="40,5200,0" yaku="25,2,8,1" doraHai="45" who="3" fromWho="0" sc="482,-55,265,0,161,0,92,55" /><INIT seed="2,0,0,2,1,75" ten="427,265,161,147" oya="2" hai0="13,87,53,59,119,36,40,105,111,4,93,7,97" hai1="44,48,56,66,6,122,71,86,39,41,83,98,65" hai2="10,42,54,123,47,8,102,100,3,62,26,92,63" hai3="77,112,55,125,129,108,29,37,9,118,99,73,84"/><V35/><F123/><W96/><G118/><T19/><D119/><U72/><E72/><V57/><F63/><W28/><G73/><T124/><D111/><U33/><E33/><V104/><F104/><W89/><G108/><T74/><D74/><U79/><E71/><V69/><F69/><W76/><G37/><T11/><D124/><U68/><E68/><V95/><F3/><W52/><G125/><T78/><D40/><U116/><E116/><V70/><F70/><W24/><G9/><T34/><D34/><U135/><E135/><V25/><F102/><W131/><G112/><T130/><D130/><N who="3" m="49673" /><G96/><T106/><D106/><U50/><E6/><V0/><F0/><W81/><G99/><T60/><D36/><U14/><E14/><V46/><F100/><W18/><G18/><T80/><D105/><U27/><E27/><V61/><F35/><N who="3" m="20871" /><G29/><T91/><AGARI ba="0,0" hai="4,7,11,13,19,53,59,60,78,80,87,91,93,97" machi="91" ten="20,5200,0" yaku="0,1,7,1,8,1,52,1" doraHai="75" who="0" fromWho="0" sc="427,52,265,-13,161,-26,147,-13" /><INIT seed="3,0,0,0,2,105" ten="479,252,135,134" oya="3" hai0="84,95,88,109,98,8,80,23,113,112,110,90,87" hai1="72,117,111,130,29,17,58,74,71,115,6,32,52" hai2="129,119,47,78,107,39,97,77,114,38,91,133,135" hai3="94,65,43,18,131,15,86,127,100,59,108,69,10"/><W122/><G122/><T126/><D23/><U93/><E71/><V73/><F119/><W81/><G131/><T4/><D126/><U46/><E115/><N who="0" m="44105" /><D87/><U54/><E111/><V42/><F129/><W106/><G127/><T76/><D90/><U61/><E130/><V24/><F39/><W102/><G106/><T124/><D124/><U123/><E123/><V103/><F114/><W89/><G69/><T120/><D120/><U53/><E6/><V3/><F3/><AGARI ba="0,0" hai="3,4,8,76,80,84,88,95,98,109,110" m="44105" machi="3" ten="30,2000,0" yaku="11,1,54,1" doraHai="105" who="0" fromWho="2" sc="479,20,252,0,135,-20,134,0" owari="499,59.9,252,5.2,115,-38.5,134,-26.6" /></mjloggm>