<mjloggm ver="2.3"><GO type="225" lobby="0"/><UN n0="%E3%82%B3%E3%83%90%E3%83%AC%E3%82%A4" n1="%E3%83%96%E3%83%83%E3%83%91%E3%82%AA%E3%83%96%E3%83%81%E3%82%AD%E3%83%B3" n2="%E3%82%A2%E3%83%B3%E3%83%93%E3%83%90%E3%83%AC%E3%83%B3%E3%83%88" n3="%74%75%72%74%6C%65%2E" dan="16,16,16,16" rate="2154.46,2152.92,2076.62,2071.90" sx="M,M,F,M"/><TAIKYOKU oya="0"/><INIT seed="0,0,0,1,1,71" ten="250,250,250,250" oya="0" hai0="121,107,96,48,50,102,3,37,23,12,95,45,56" hai1="14,91,0,65,25,99,33,125,118,73,49,53,110" hai2="84,105,41,22,67,57,15,101,34,111,51,72,82" hai3="13,103,32,114,47,115,52,92,69,75,55,64,7"/><T123/><D3/><U90/><E118/><V58/><F34/><W30/><G75/><T10/><D107/><U104/><E0/><V16/><F72/><W59/><G30/><T116/><D116/><U100/><E110/><V120/><F120/><W42/><G32/><T129/><D129/><U8/><E73/><V70/><F70/><W27/><G27/><T108/><D108/><U44/><E125/><V28/><F28/><W38/><G55/><T117/><D117/><U9/><E65/><V87/><F111/><W68/><G68/><T80/><D80/><U19/><REACH who="1" step="1"/><E9/><REACH who="1" ten="250,240,250,250" step="2"/><V86/><F67/><W18/><G115/><T83/><D121/><U62/><E62/><V60/><F60/><W40/><G114/><T26/><D123/><U135/><E135/><V81/><F81/><W74/><G74/><T79/><D83/><U127/><E127/><V31/><F82/><W98/><G69/><T63/><D79/><U85/><E85/><V131/><F131/><W134/><G64/><T2/><D2/><U35/><E35/><V132/><F132/><W109/><G134/><T46/><D45/><U6/><E6/><V29/><F87/><W133/><G133/><T66/><D46/><U119/><E119/><V24/><F86/><W78/><G109/><T77/><D77/><U126/><E126/><V113/><F84/><W61/><G78/><T39/><D48/><U130/><E130/><V5/><F51/><W54/><G7/><T43/><D50/><U106/><E106/><V11/><F105/><W93/><G47/><T4/><D43/><U17/><E17/><AGARI ba="0,1" hai="4,10,12,17,23,26,37,39,56,63,66,95,96,102" machi="17" ten="30,11600,0" yaku="6,1,7,1,52,2" doraHai="71" who="0" fromWho="1" sc="250,126,240,-116,250,0,250,0" /><INIT seed="0,1,0,1,3,57" ten="376,124,250,250" oya="0" hai0="53,107,66,102,73,11,122,112,72,12,134,98,71" hai1="18,33,118,37,3,124,75,47,55,105,114,101,79" hai2="65,50,61,89,22,121,84,81,52,1,31,16,2" hai3="110,32,85,27,62,0,19,60,128,68,44,64,86"/><T120/><D112/><U38/><E118/><V115/><F115/><W96/><G0/><T8/><D134/><U26/><E114/><V91/><F121/><W34/><G128/><T97/><D11/><U29/><E3/><V131/><F131/><W59/><G110/><T130/><D130/><U70/><E124/><V15/><F31/><W82/><G44/><T111/><D111/><U24/><E18/><V104/><F104/><W126/><G126/><T78/><D72/><U67/><E26/><V113/><F113/><W23/><G96/><T4/><D98/><N who="1" m="61623" /><E55/><V135/><F135/><W36/><G36/><T14/><D12/><U42/><E47/><V30/><F30/><W7/><G7/><T83/><REACH who="0" step="1"/><D53/><REACH who="0" ten="366,124,250,250" step="2"/><U48/><E42/><V17/><F1/><W93/><G86/><T95/><D95/><U45/><E45/><N who="2" m="27727" /><F2/><W41/><G93/><T5/><D5/><U108/><E108/><V54/><F54/><W76/><G41/><T88/><D88/><U49/><E75/><V87/><F17/><W117/><G117/><T109/><D109/><U133/><E133/><V106/><F106/><W77/><G77/><T119/><D119/><U46/><E79/><N who="2" m="46143" /><F87/><W69/><G85/><T103/><D103/><U35/><E46/><V90/><F91/><W58/><G76/><T94/><D94/><U28/><E38/><V123/><F123/><W80/><G80/><T74/><D74/><U100/><E37/><V56/><AGARI ba="1,1" hai="15,16,22,56,61,65,89,90" m="46143,27727" machi="56" ten="30,7900,0" yaku="8,1,52,1,54,2" doraHai="57" who="2" fromWho="2" sc="366,-40,124,-21,250,92,250,-21" /><INIT seed="1,0,0,5,2,78" ten="326,103,342,229" oya="1" hai0="51,131,72,33,22,108,75,115,24,134,28,82,66" hai1="8,56,132,48,18,76,119,45,74,46,70,26,90" hai2="62,120,64,69,86,0,29,92,125,128,80,109,133" hai3="100,73,31,81,12,89,118,87,19,39,97,38,52"/><U16/><E119/><V9/><F109/><W122/><G122/><T27/><D108/><U114/><E70/><V4/><F120/><W44/><G118/><T13/><D115/><U36/><E114/><V91/><F125/><W88/><G31/><T71/><D134/><U84/><E132/><V21/><F133/><W11/><G73/><T59/><D131/><U40/><E56/><V17/><F128/><W63/><G89/><T30/><D13/><U54/><E8/><V111/><F111/><W14/><G14/><T85/><D71/><U124/><E124/><V93/><REACH who="2" step="1"/><F29/><REACH who="2" ten="326,103,332,229" step="2"/><W61/><G38/><T135/><D135/><U95/><REACH who="1" step="1"/><E26/><AGARI ba="0,1" hai="0,4,9,17,21,26,62,64,69,80,86,91,92,93" machi="26" ten="30,8000,1" yaku="1,1,2,1,7,1,52,1,53,1" doraHai="78" doraHaiUra="6" who="2" fromWho="1" sc="326,0,103,-80,332,90,229,0" /><INIT seed="2,0,0,3,0,98" ten="326,23,422,229" oya="2" hai0="11,60,80,70,124,23,131,4,38,33,58,40,65" hai1="75,88,134,59,121,123,87,100,62,78,37,2,117" hai2="67,50,119,89,5,52,102,32,10,74,54,18,35" hai3="113,104,73,91,97,57,46,79,14,66,29,69,20"/><V51/><F74/><W49/><G69/><T56/><D33/><U103/><E2/><V27/><F67/><W64/><G113/><T19/><D124/><U86/><E37/><V82/><F35/><W93/><G104/><T43/><D131/><U111/><E59/><V105/><F119/><W24/><G79/><T108/><D108/><U106/><E62/><V72/><F102/><N who="1" m="38953" /><E106/><V133/><F105/><W48/><G73/><T95/><D38/><U84/><E111/><V3/><F51/><W22/><G49/><T16/><D70/><U34/><E34/><V92/><F50/><W99/><G99/><T128/><D128/><U109/><E109/><V120/><F32/><W39/><G57/><T47/><D47/><U90/><E117/><V130/><F3/><W110/><G39/><T0/><D58/><U127/><E127/><V71/><F71/><W41/><G110/><T85/><D95/><U6/><E6/><V126/><F5/><W31/><G31/><T77/><REACH who="0" step="1"/><D19/><AGARI ba="0,0" hai="14,19,20,22,24,29,41,46,48,64,66,91,93,97" machi="19" ten="40,1300,0" yaku="8,1" doraHai="98" who="3" fromWho="0" sc="326,-13,23,0,422,0,229,13" /><INIT seed="3,0,0,5,5,20" ten="313,23,422,242" oya="3" hai0="19,86,38,75,129,132,12,121,28,2,97,135,111" hai1="17,21,91,54,80,98,71,10,60,118,131,56,90" hai2="58,59,77,95,81,32,39,66,116,126,30,31,106" hai3="103,41,130,69,133,87,13,117,36,47,99,33,53"/><W120/><G120/><T65/><D38/><U104/><E131/><V42/><F106/><W24/><G117/><T40/><D40/><U110/><E118/><V89/><F116/><W70/><G130/><T27/><D75/><U4/><E110/><V78/><F42/><W128/><G128/><T92/><D129/><U73/><E71/><V23/><F32/><W26/><G133/><T84/><D2/><U3/><E104/><V0/><F0/><W9/><G53/><T112/><D65/><U123/><E123/><V113/><F39/><W11/><G11/><T94/><D121/><U82/><E73/><V34/><F34/><W119/><G119/><T114/><D111/><U76/><E76/><V51/><F78/><W52/><G52/><T125/><D86/><U122/><E91/><V25/><F66/><W15/><G15/><T5/><D84/><U55/><E55/><V85/><F126/><W67/><G87/><T107/><D5/><U101/><E101/><V88/><F113/><N who="0" m="43626" /><D107/><U49/><E49/><V62/><F62/><W14/><G14/><T16/><D125/><U115/><E115/><V93/><F31/><W45/><G45/><T7/><D7/><U50/><E50/><V64/><F64/><W22/><G67/><T61/><D61/><U8/><E8/><V68/><F68/><W48/><G36/><T18/><D12/><U127/><E127/><V100/><F100/><W6/><G99/><T74/><D74/><U37/><E37/><V72/><F51/><W46/><G103/><N who="0" m="60839" /><D94/><N who="1" m="56663" /><E122/><V57/><F72/><W96/><G41/><T134/><D135/><RYUUKYOKU ba="0,0" sc="313,10,23,10,422,10,242,-30" hai0="16,18,19,27,28,132,134" hai1="3,4,10,17,21,54,56,60,80,82" hai2="23,25,30,57,58,59,77,81,85,88,89,93,95" owari="323,12.3,33,-46.7,432,53.2,212,-18.8" /></mjloggm>