<mjloggm ver="2.3"><GO type="225" lobby="0"/><UN n0="%65%78%69%73%74%2D%79" n1="%E5%B8%86%E7%AB%8B%E5%A4%8F%E8%A1%A3" n2="%E6%A1%9C%E8%8A%B1%E9%96%83%E3%80%85" n3="%E3%83%96%E3%83%83%E3%83%91%E3%82%AA%E3%83%96%E3%83%81%E3%82%AD%E3%83%B3" dan="16,17,16,16" rate="2085.17,2158.69,2151.18,2189.36" sx="M,M,M,M"/><TAIKYOKU oya="0"/><INIT seed="0,0,0,5,3,90" ten="250,250,250,250" oya="0" hai0="134,64,121,70,19,77,22,100,20,116,102,52,61" hai1="122,55,35,110,95,76,34,87,54,103,130,4,6" hai2="47,12,3,132,108,69,15,105,85,135,51,112,21" hai3="13,60,29,5,99,53,0,93,73,82,124,101,98"/><T123/><D116/><U109/><E122/><V127/><F112/><W40/><G124/><T16/><D134/><N who="2" m="51242" /><F127/><W78/><G29/><T114/><D114/><U23/><E130/><V45/><F108/><N who="1" m="41577" /><E23/><V119/><F119/><W65/><G40/><T27/><D77/><U117/><E76/><V79/><F3/><W104/><G0/><T30/><D30/><U129/><E129/><V42/><F105/><W50/><G5/><N who="1" m="2154" /><E117/><V31/><F69/><W74/><G13/><T44/><D121/><U8/><E8/><V33/><F47/><W17/><G17/><T11/><D11/><U131/><E131/><V36/><F36/><W39/><G39/><T14/><REACH who="0" step="1"/><D123/><REACH who="0" ten="240,250,250,250" step="2"/><U10/><E10/><V43/><F21/><W26/><G78/><T46/><D46/><U59/><E35/><V81/><F43/><W25/><G74/><T133/><D133/><U111/><E34/><V48/><F31/><W92/><G73/><T66/><D66/><U56/><E111/><V58/><F33/><W62/><G65/><T118/><D118/><U94/><E59/><V115/><F115/><W72/><G72/><T125/><D125/><U9/><E9/><V24/><F58/><N who="3" m="33079" /><G82/><T84/><D84/><U49/><E55/><V28/><F42/><W120/><G120/><T113/><D113/><U126/><E126/><V38/><F79/><W75/><G75/><T1/><D1/><U97/><E87/><V2/><F2/><W32/><G32/><T91/><D91/><U37/><E37/><V83/><F38/><W88/><G104/><AGARI ba="0,1" hai="49,54,56,94,95,97,103,104" m="2154,41577" machi="104" ten="30,3900,0" yaku="14,1,52,2" doraHai="90" who="1" fromWho="3" sc="240,0,250,49,250,0,250,-39" /><INIT seed="1,0,0,2,4,13" ten="240,299,250,211" oya="1" hai0="7,37,111,57,56,130,28,15,70,108,60,84,105" hai1="89,76,77,6,134,30,64,1,40,126,9,59,18" hai2="25,62,73,17,11,27,79,115,19,41,48,81,128" hai3="39,120,132,72,78,80,127,10,131,2,124,122,34"/><U99/><E134/><V53/><F128/><W109/><G39/><T49/><D105/><U38/><E126/><N who="3" m="48170" /><G34/><T55/><D37/><U35/><E40/><V63/><F41/><W66/><G109/><N who="0" m="42059" /><D130/><U106/><E38/><V8/><F115/><W133/><G66/><N who="0" m="41287" /><D28/><U92/><E106/><V88/><F8/><W103/><G131/><T47/><D84/><U75/><E75/><V110/><F110/><W116/><G116/><T36/><D36/><U107/><E107/><V95/><F11/><AGARI ba="0,0" hai="7,11,15,47,49,55,56,57" m="41287,42059" machi="11" ten="30,1000,0" yaku="14,1" doraHai="13" who="0" fromWho="2" sc="240,10,299,0,250,-10,211,0" /><INIT seed="2,0,0,0,0,123" ten="250,299,240,211" oya="2" hai0="79,22,72,4,90,39,73,94,118,76,56,45,131" hai1="133,51,93,105,78,0,98,2,43,38,130,42,21" hai2="59,87,95,129,3,112,44,1,31,17,106,29,41" hai3="70,69,124,77,132,40,80,28,5,109,126,111,36"/><V13/><F106/><W67/><G28/><T53/><D118/><U11/><E130/><V85/><F112/><W103/><G103/><T97/><D131/><U46/><E133/><V113/><F113/><W81/><G5/><T7/><D22/><U104/><E78/><V57/><F129/><W114/><G114/><T10/><D7/><U48/><E11/><N who="2" m="6335" /><F3/><W26/><G26/><T58/><D76/><U75/><E75/><V27/><F1/><W25/><G25/><T54/><D73/><U14/><E38/><V65/><F95/><W135/><G40/><N who="0" m="22687" /><D56/><N who="2" m="21578" /><F65/><W121/><G36/><T23/><D23/><U102/><E2/><V9/><F9/><W96/><G96/><T30/><D58/><U24/><E0/><V19/><F19/><W61/><G121/><T88/><D30/><N who="2" m="11274" /><F27/><W83/><G70/><T119/><D119/><U120/><E120/><V116/><F116/><W108/><G77/><T128/><D10/><U52/><E14/><V62/><F62/><W33/><G33/><T101/><D4/><U125/><E105/><V50/><AGARI ba="0,0" hai="41,44,50,85,87" m="11274,21578,6335" machi="50" ten="30,1500,0" yaku="8,1" doraHai="123" who="2" fromWho="2" sc="250,-5,299,-5,240,15,211,-5" /><INIT seed="2,1,0,2,5,61" ten="245,294,255,206" oya="2" hai0="65,43,121,99,106,27,120,98,80,105,109,53,52" hai1="101,95,13,135,130,55,111,125,72,31,100,47,83" hai2="66,133,96,124,18,21,50,19,39,64,28,44,71" hai3="84,41,25,63,6,35,33,108,116,23,128,132,123"/><V16/><F39/><W36/><G116/><T46/><D80/><U54/><E111/><V131/><F71/><W7/><G123/><T2/><D2/><U11/><E125/><V8/><F124/><W57/><G108/><T15/><D109/><U134/><E130/><V94/><F133/><N who="1" m="50697" /><E31/><V103/><F8/><W107/><G132/><T86/><D27/><U38/><E95/><V127/><F127/><W74/><G74/><T114/><D15/><U70/><E70/><V67/><F131/><W91/><G107/><T77/><D86/><U129/><E129/><V0/><F0/><W85/><G128/><T5/><D46/><U113/><E113/><V118/><F118/><W24/><G36/><T75/><D5/><N who="1" m="3311" /><E55/><N who="2" m="30151" /><F28/><W9/><G41/><T34/><D34/><U32/><E32/><V26/><AGARI ba="1,0" hai="16,18,19,21,26,64,66,67,94,96,103" m="30151" machi="26" ten="30,12000,1" yaku="8,1,52,3,54,1" doraHai="61" who="2" fromWho="2" sc="245,-41,294,-41,255,123,206,-41" /><INIT seed="2,2,0,4,2,123" ten="204,253,378,165" oya="2" hai0="3,67,16,92,12,35,129,112,89,131,15,120,47" hai1="96,70,108,8,83,23,20,51,106,42,95,7,124" hai2="58,94,78,37,107,34,27,134,93,59,53,24,14" hai3="135,61,100,76,22,31,111,117,64,122,75,71,65"/><V56/><F107/><W101/><G122/><T69/><D120/><U99/><E70/><V81/><F37/><W21/><G117/><T41/><D3/><U2/><E124/><V115/><F115/><W17/><G135/><T62/><D35/><U72/><E106/><V9/><F53/><W109/><G65/><T40/><D112/><U43/><E99/><V18/><F134/><W4/><G4/><T13/><D41/><U86/><E72/><V29/><REACH who="2" step="1"/><F24/><REACH who="2" ten="204,253,368,165" step="2"/><N who="3" m="16791" /><G75/><AGARI ba="2,1" hai="9,14,18,27,29,34,56,58,59,75,78,81,93,94" machi="75" ten="40,3900,0" yaku="1,1,53,1" doraHai="123" doraHaiUra="6" who="2" fromWho="3" sc="204,0,253,0,368,55,165,-45" /><INIT seed="2,3,0,3,3,127" ten="204,253,423,120" oya="2" hai0="93,125,27,39,119,47,51,129,113,133,31,69,30" hai1="117,15,77,57,135,56,62,78,7,108,54,13,53" hai2="102,49,88,72,65,17,128,4,112,41,104,50,75" hai3="16,18,106,121,84,86,22,134,95,114,91,96,109"/><V107/><F4/><W46/><G121/><T44/><D125/><U97/><E108/><V79/><F65/><W120/><G120/><T33/><D69/><U81/><E135/><V74/><F112/><W67/><G109/><T64/><D64/><U80/><E117/><V123/><F79/><W73/><G134/><T87/><D113/><U82/><E97/><N who="2" m="61519" /><F17/><W132/><G132/><T8/><D119/><U99/><E99/><V19/><F19/><W71/><G114/><T37/><D133/><U110/><E110/><V85/><F41/><W83/><G73/><T5/><D31/><U26/><E26/><V61/><F61/><W90/><G71/><T48/><D87/><U10/><E15/><V124/><F107/><W92/><G67/><T111/><D93/><U100/><E100/><V2/><F2/><W25/><G106/><T68/><D111/><U34/><E34/><V14/><F14/><W122/><G122/><T3/><D68/><U9/><E10/><V42/><F42/><W20/><G46/><T38/><D44/><U60/><AGARI ba="3,0" hai="7,9,13,53,54,56,57,60,62,77,78,80,81,82" machi="60" ten="30,4000,0" yaku="0,1,9,1,8,1" doraHai="127" who="1" fromWho="1" sc="204,-13,253,49,423,-23,120,-13" /><INIT seed="3,0,0,2,5,116" ten="191,302,400,107" oya="3" hai0="41,7,30,62,97,6,108,78,125,107,132,52,4" hai1="98,43,45,66,103,34,133,135,51,102,20,59,68" hai2="92,101,109,77,57,40,105,5,46,84,91,36,49" hai3="80,123,76,94,28,24,127,29,89,53,79,16,114"/><W48/><G114/><T11/><D108/><U124/><E34/><V61/><F109/><W106/><G106/><T131/><D125/><U31/><E68/><V72/><F5/><W128/><G128/><T15/><D131/><U88/><E124/><V25/><F25/><W74/><G127/><T63/><D132/><N who="1" m="50763" /><E31/><V69/><F69/><W86/><G79/><T122/><D122/><U54/><E66/><V115/><F115/><W129/><G129/><T22/><D78/><U50/><E20/><V121/><F121/><W44/><REACH who="3" step="1"/><G123/><REACH who="3" ten="191,302,400,97" step="2"/><T47/><D107/><U117/><E117/><V82/><F105/><W14/><G14/><T93/><D15/><U90/><E103/><V21/><F101/><W75/><G75/><T27/><D11/><U38/><E102/><V60/><F72/><W13/><G13/><T19/><D41/><U18/><E90/><V130/><F130/><W1/><G1/><T118/><D118/><U119/><E88/><V8/><F8/><W100/><G100/><N who="0" m="60463" /><D30/><U111/><E119/><V67/><F77/><W3/><G3/><T23/><D27/><U65/><E111/><V58/><F91/><W2/><G2/><T70/><D70/><U96/><E43/><V73/><F73/><W17/><G17/><T120/><D120/><U32/><E18/><V81/><F40/><W56/><G56/><T37/><D19/><U10/><E59/><V35/><F58/><W134/><G134/><T42/><D63/><U26/><E26/><V9/><F61/><W12/><G12/><T112/><D112/><U99/><E10/><V126/><F57/><AGARI ba="0,1" hai="4,6,7,22,23,37,42,47,52,57,62" m="60463" machi="57" ten="30,2000,0" yaku="6,1,54,1" doraHai="116" who="0" fromWho="2" sc="191,30,302,0,400,-20,97,0" owari="221,-17.9,302,10.2,380,48.0,97,-40.3" /></mjloggm>