<mjloggm ver="2.3"><GO type="225" lobby="0"/><UN n0="%E6%B4%BE%E9%81%A3%E3%81%AE%E3%82%B8%E3%83%A3%E3%83%83%E3%82%AF" n1="%E3%81%BF%E3%81%BF%E3%81%9A" n2="%E9%80%86%E9%80%A3%E5%B8%AF%E3%81%AE%E9%AC%BC" n3="%E5%91%A8%E6%9D%B1" dan="17,18,17,17" rate="2180.75,2265.79,2028.81,2200.07" sx="M,M,M,M"/><TAIKYOKU oya="0"/><INIT seed="0,0,0,2,2,32" ten="250,250,250,250" oya="0" hai0="48,25,79,91,52,115,81,30,133,24,36,82,128" hai1="7,96,33,0,135,113,28,45,21,120,71,2,38" hai2="43,9,122,3,78,98,85,17,27,39,34,132,119" hai3="59,60,116,101,23,49,93,15,62,118,51,67,102"/><T100/><D115/><U105/><E120/><V63/><F122/><W75/><G75/><T99/><D36/><U10/><E113/><V20/><F119/><W11/><G23/><T8/><D128/><U103/><E135/><V84/><F132/><W86/><G118/><T127/><D127/><U73/><E21/><V88/><F34/><W134/><G134/><T76/><D133/><U117/><E117/><V29/><F78/><W110/><G110/><T126/><D8/><U83/><E71/><V53/><F43/><W74/><G74/><T16/><D126/><U107/><E107/><V114/><F39/><W54/><G116/><T58/><D30/><U92/><E92/><N who="2" m="56583" /><F114/><W57/><G101/><T70/><D70/><U104/><E104/><V125/><F125/><W72/><G72/><T129/><D129/><U37/><E45/><V109/><F109/><W6/><REACH who="3" step="1"/><G86/><REACH who="3" ten="250,250,250,240" step="2"/><N who="0" m="50647" /><D25/><N who="1" m="18575" /><E0/><V108/><F108/><W69/><G69/><T1/><D1/><U121/><E121/><V31/><F3/><W50/><G50/><T95/><D81/><U56/><E56/><N who="2" m="35215" /><F31/><W26/><G26/><T5/><D100/><U42/><E42/><V77/><F29/><W97/><AGARI ba="0,1" hai="6,11,15,49,51,54,57,59,60,62,67,93,97,102" machi="97" ten="30,4000,0" yaku="1,1,0,1,8,1,53,0" doraHai="32" doraHaiUra="112" who="3" fromWho="3" sc="250,-20,250,-10,250,-10,240,50" /><INIT seed="1,0,0,4,5,73" ten="230,240,240,290" oya="1" hai0="38,71,25,78,49,93,112,80,128,2,132,100,36" hai1="45,16,51,57,89,130,118,120,96,87,31,12,68" hai2="121,109,84,90,106,64,113,20,52,99,66,34,85" hai3="92,86,44,32,65,91,117,33,59,15,115,60,104"/><U26/><E118/><V83/><F34/><W70/><G115/><T69/><D112/><U54/><E68/><V27/><F113/><W55/><G104/><T131/><D2/><U125/><E120/><V58/><F109/><W62/><G117/><T101/><D49/><U124/><E96/><V53/><F121/><W21/><G44/><T14/><D25/><U37/><E130/><N who="0" m="49705" /><D14/><U63/><E37/><N who="0" m="14441" /><D132/><U47/><E124/><V111/><F111/><W123/><G123/><T10/><D10/><U72/><E72/><V19/><F85/><W29/><G29/><T134/><D134/><U1/><E125/><V135/><F135/><W129/><G129/><T17/><D17/><U94/><E1/><V40/><F40/><W30/><G30/><T42/><D42/><U103/><E103/><N who="0" m="39497" /><D93/><U6/><E6/><V56/><F106/><W107/><G107/><T35/><D35/><U22/><REACH who="1" step="1"/><E63/><REACH who="1" ten="230,230,240,290" step="2"/><N who="2" m="36231" /><F99/><W39/><G39/><T98/><D98/><U122/><E122/><V28/><F19/><W114/><G114/><T82/><D82/><U18/><E18/><V9/><F9/><AGARI ba="0,1" hai="9,12,16,22,26,31,45,47,51,54,57,87,89,94" machi="9" ten="30,11600,0" yaku="1,1,7,1,8,1,54,1,53,0" doraHai="73" doraHaiUra="3" who="1" fromWho="2" sc="230,0,230,126,240,-116,290,0" /><INIT seed="1,1,0,0,2,118" ten="230,356,124,290" oya="1" hai0="16,10,1,65,133,46,19,115,100,37,79,29,130" hai1="77,135,23,54,48,104,106,110,98,13,123,58,38" hai2="119,59,43,116,52,71,75,120,97,102,41,36,3" hai3="76,57,125,90,128,94,42,113,132,92,40,22,47"/><U45/><E123/><V95/><F71/><W114/><G125/><T24/><D115/><U87/><E135/><V14/><F3/><W63/><G132/><T26/><D133/><U27/><E13/><V81/><F120/><W53/><G128/><T96/><D130/><U99/><E110/><V86/><F75/><W117/><G117/><T60/><D79/><U18/><E104/><V64/><F64/><W0/><G0/><T112/><D112/><U66/><E106/><V51/><F36/><W73/><G92/><T124/><D124/><U129/><E129/><V12/><F119/><W56/><G42/><T62/><D37/><U55/><E66/><V69/><F69/><W6/><G6/><T61/><D46/><U31/><E38/><V84/><F84/><W39/><G22/><T91/><D91/><U89/><E77/><V49/><F116/><W8/><G8/><T121/><D121/><U70/><E31/><V15/><REACH who="2" step="1"/><F51/><REACH who="2" ten="230,356,114,290" step="2"/><W33/><G73/><T107/><D65/><U82/><E70/><V122/><F122/><W25/><G39/><T20/><D1/><U103/><E103/><V131/><F131/><W11/><G113/><T35/><REACH who="0" step="1"/><D10/><REACH who="0" ten="220,356,114,290" step="2"/><U127/><REACH who="1" step="1"/><E127/><REACH who="1" ten="220,346,114,290" step="2"/><V108/><F108/><W72/><G114/><T109/><D109/><U68/><E68/><V85/><F85/><W44/><G72/><T2/><D2/><U83/><E83/><V5/><F5/><W93/><G76/><AGARI ba="1,3" hai="12,14,15,41,43,49,52,59,76,81,86,95,97,102" machi="76" ten="40,8000,1" yaku="1,1,8,1,54,1,53,1" doraHai="118" doraHaiUra="78" who="2" fromWho="3" sc="220,0,346,0,114,113,290,-83" /><INIT seed="2,0,0,1,1,55" ten="220,346,227,207" oya="2" hai0="30,65,18,50,33,120,131,44,31,63,47,87,25" hai1="20,91,95,4,114,127,53,97,0,46,132,77,121" hai2="6,85,119,42,71,2,124,32,96,99,8,35,108" hai3="78,14,3,94,56,51,134,70,98,105,76,58,104"/><V101/><F119/><W135/><G70/><T26/><D120/><U117/><E114/><V74/><F124/><W80/><G3/><T48/><D131/><U7/><E117/><V12/><F74/><W43/><G14/><T126/><D126/><U110/><E127/><V109/><F71/><W37/><G37/><T34/><D18/><U82/><E121/><V129/><F129/><W100/><G43/><T67/><D87/><U23/><E110/><N who="2" m="42603" /><F42/><W69/><G69/><T36/><D36/><U64/><E132/><N who="3" m="50730" /><G51/><T93/><D93/><U81/><E64/><V49/><F85/><N who="3" m="48263" /><G78/><T130/><D130/><U19/><E0/><V22/><F49/><W92/><G92/><T10/><D10/><U111/><E111/><V5/><F5/><W29/><G29/><T54/><REACH who="0" step="1"/><D63/><REACH who="0" ten="210,346,227,207" step="2"/><U125/><E125/><V73/><F73/><W45/><G45/><T28/><D28/><U72/><E4/><V115/><F6/><W88/><G105/><T118/><D118/><U17/><E7/><V60/><F60/><W27/><G27/><T62/><D62/><U75/><E17/><V116/><F2/><W41/><G41/><AGARI ba="0,1" hai="25,26,30,31,33,34,41,44,47,48,50,54,65,67" machi="41" ten="30,3900,0" yaku="1,1,7,1,9,1,53,0" doraHai="55" doraHaiUra="102" who="0" fromWho="3" sc="210,49,346,0,227,0,207,-39" /><INIT seed="3,0,0,5,3,30" ten="259,346,227,168" oya="3" hai0="125,63,71,87,81,31,117,120,48,108,128,27,96" hai1="43,60,122,98,32,52,114,69,112,64,55,22,130" hai2="89,75,107,8,16,59,77,56,124,109,1,47,17" hai3="90,86,102,103,115,25,70,93,36,66,5,116,9"/><W97/><G36/><T10/><D108/><U129/><E32/><V134/><F109/><W68/><G115/><N who="1" m="44074" /><E122/><V15/><F107/><W40/><G116/><T78/><D125/><U53/><E22/><V12/><F124/><W3/><G40/><T83/><D128/><N who="1" m="49259" /><E43/><V72/><F134/><W104/><G66/><T44/><D81/><U29/><E29/><V14/><F89/><W88/><G103/><T23/><D96/><AGARI ba="0,0" hai="52,53,55,60,64,69,96,98" m="49259,44074" machi="96" ten="40,2600,0" yaku="19,1,54,1" doraHai="30" who="1" fromWho="0" sc="259,-26,346,26,227,0,168,0" owari="233,3.3,372,47.2,227,-17.3,168,-33.2" /></mjloggm>