<mjloggm ver="2.3"><GO type="225" lobby="0"/><UN n0="%E3%83%81%E3%83%83%E3%82%BF%E3%82%BD%E3%83%BC" n1="%E7%99%BD%E5%80%89%E5%AF%9B%E4%B9%8B" n2="%E3%81%8B%E3%82%8F%E3%81%A1%E3%82%83%E3%82%93%35%38" n3="%E7%99%BD%E5%92%B2%E8%8A%B1%E3%81%A1%E3%82%83%E3%82%93" dan="16,16,16,16" rate="2147.84,2124.42,2129.07,2158.63" sx="F,M,M,F"/><TAIKYOKU oya="0"/><INIT seed="0,0,0,2,3,114" ten="250,250,250,250" oya="0" hai0="85,125,92,14,39,72,77,17,63,126,91,62,6" hai1="102,57,110,130,11,16,95,43,53,134,67,44,88" hai2="47,135,29,75,132,113,45,127,121,69,15,94,42" hai3="98,50,8,81,118,82,23,76,0,87,107,89,20"/><T58/><D39/><U129/><E110/><V117/><F75/><W13/><G0/><T51/><D51/><U25/><E102/><V70/><F29/><W97/><G50/><T86/><D6/><U34/><E67/><V7/><F7/><W71/><G71/><N who="2" m="27145" /><F15/><W112/><G112/><T5/><D5/><U90/><E134/><N who="2" m="51243" /><F94/><W36/><G13/><T80/><D72/><U9/><E34/><V119/><F113/><W64/><G8/><T59/><D58/><U124/><E124/><N who="0" m="47721" /><D59/><U33/><E33/><V83/><F83/><W52/><G81/><T133/><D133/><U96/><E90/><V49/><F127/><W78/><G89/><T26/><D26/><U22/><E129/><V1/><F1/><W115/><G82/><T40/><D40/><U99/><E99/><V3/><F3/><W120/><G97/><T61/><D61/><N who="1" m="36015" /><E130/><V128/><F128/><W55/><G98/><T56/><D56/><U2/><E2/><V111/><F111/><W27/><G115/><T101/><D101/><U123/><E123/><V48/><F121/><W65/><G120/><T54/><D54/><AGARI ba="0,0" hai="42,45,47,48,49,54,117,119" m="51243,27145" machi="54" ten="30,8000,1" yaku="20,1,34,2,52,2" doraHai="114" who="2" fromWho="0" sc="250,-80,250,0,250,80,250,0" /><INIT seed="1,0,0,0,4,74" ten="170,250,330,250" oya="1" hai0="24,44,4,25,127,91,130,111,98,125,8,43,82" hai1="50,101,38,116,58,99,73,21,95,88,102,55,132" hai2="78,56,61,114,67,31,52,9,60,86,37,57,62" hai3="123,15,135,96,84,13,11,124,59,87,108,12,46"/><U80/><E38/><V65/><F37/><W71/><G123/><T53/><D111/><U119/><E132/><V97/><F114/><W129/><G108/><T6/><D130/><U103/><REACH who="1" step="1"/><E21/><REACH who="1" ten="170,240,330,250" step="2"/><V35/><F35/><W3/><G135/><T29/><D125/><U100/><N who="1" m="25600" /><DORA hai="36" /><U131/><E131/><V7/><F67/><W28/><G124/><T42/><D127/><U121/><E121/><V126/><F65/><W66/><G129/><T18/><D29/><U14/><E14/><V90/><F31/><W89/><G13/><N who="0" m="7463" /><D24/><U106/><E106/><V122/><F126/><W68/><G28/><T81/><D25/><U2/><E2/><V17/><F122/><W83/><G3/><T77/><D6/><U94/><E94/><V10/><F7/><W1/><G1/><T128/><D4/><U47/><E47/><V20/><F20/><W134/><G46/><T79/><D128/><U75/><E75/><V85/><F17/><W107/><G107/><T22/><D22/><U63/><E63/><V26/><F61/><W64/><G134/><T115/><D115/><U76/><AGARI ba="0,1" hai="50,55,58,73,76,80,88,95,99,116,119" m="25600" machi="76" ten="40,18000,2" yaku="1,1,0,1,52,1,54,1,53,2" doraHai="74,36" doraHaiUra="110,112" who="1" fromWho="1" sc="170,-60,240,190,330,-60,250,-60" /><INIT seed="1,1,0,4,0,1" ten="110,430,270,190" oya="1" hai0="105,89,49,40,26,120,58,133,7,38,134,91,80" hai1="90,65,96,17,63,51,70,76,118,99,125,31,50" hai2="32,6,44,83,28,4,111,128,68,23,61,67,73" hai3="11,114,60,34,33,30,69,103,124,5,16,104,119"/><U126/><E118/><V131/><F32/><W39/><G114/><T77/><D105/><U29/><E76/><N who="2" m="44431" /><F44/><W127/><G119/><T56/><D120/><U55/><E17/><V108/><F28/><N who="1" m="10825" /><E90/><V79/><F23/><W92/><G39/><T93/><D38/><U135/><E135/><N who="0" m="51721" /><D26/><U25/><E25/><V53/><F53/><W101/><G104/><T113/><D113/><U110/><E110/><N who="2" m="42027" /><F79/><W9/><G34/><T13/><D40/><U122/><E122/><V85/><F85/><W21/><G33/><T52/><D58/><N who="1" m="33143" /><E51/><V71/><F68/><W102/><G69/><T14/><D93/><U112/><E112/><V41/><F41/><W115/><G92/><T123/><D123/><U46/><E46/><V20/><F20/><W62/><G115/><T132/><N who="0" m="51729" /><T36/><DORA hai="72" /><D36/><U97/><E97/><V3/><F3/><W24/><G21/><T35/><D35/><U59/><E70/><V88/><F88/><W116/><G116/><T47/><D47/><U95/><E99/><V84/><F84/><W37/><G102/><T10/><D14/><U107/><E96/><V117/><F117/><W64/><G103/><T82/><D82/><U87/><E107/><V121/><F121/><W12/><G101/><T48/><D49/><U98/><E98/><V81/><F81/><W43/><G37/><T42/><D42/><U27/><E27/><V57/><F71/><W75/><G43/><T100/><D100/><U129/><E65/><V86/><F86/><AGARI ba="1,0" hai="7,10,13,48,52,56,77,80,86,89,91" m="51729" machi="86" ten="40,8000,1" yaku="20,1,52,2,54,1" doraHai="1,72" who="0" fromWho="2" sc="110,83,430,0,270,-83,190,0" /><INIT seed="2,0,0,3,2,73" ten="193,430,187,190" oya="2" hai0="129,0,56,19,1,24,130,67,40,34,20,66,88" hai1="127,98,51,12,49,23,28,75,132,131,128,134,63" hai2="79,80,82,53,111,3,4,64,123,11,6,121,118" hai3="46,125,124,107,96,31,58,44,81,26,90,119,110"/><V100/><F118/><W16/><G119/><T8/><D34/><U10/><E75/><V59/><F111/><W71/><G71/><T48/><D88/><U97/><E63/><V33/><F33/><W84/><G110/><T22/><D20/><U104/><E127/><N who="3" m="48714" /><G58/><T105/><D105/><U135/><E23/><V14/><F64/><N who="0" m="24618" /><D8/><U61/><E28/><V21/><F100/><N who="3" m="62855" /><G16/><T113/><D113/><U91/><E61/><V133/><F133/><W25/><G25/><T102/><D102/><N who="1" m="62543" /><E91/><V41/><F41/><W47/><G47/><N who="0" m="25703" /><D56/><U29/><E98/><V36/><F6/><W42/><G42/><T74/><D74/><U86/><E86/><V27/><F4/><W103/><G103/><T76/><D76/><U60/><E29/><V55/><F79/><W17/><G17/><T112/><D112/><U30/><E30/><V94/><F59/><W52/><G52/><T39/><D39/><U9/><E9/><V45/><F36/><W54/><G54/><N who="2" m="20489" /><F45/><W115/><G115/><T106/><D106/><U69/><E10/><V83/><F11/><W122/><G122/><N who="2" m="46601" /><F14/><W7/><G7/><T99/><D99/><U92/><E12/><V72/><F72/><W43/><G43/><T95/><D1/><U2/><E2/><V78/><F3/><W116/><G116/><T57/><D57/><U70/><E134/><V114/><F114/><W117/><G117/><T62/><D62/><U35/><E135/><V65/><F65/><W37/><G37/><T18/><D0/><U32/><E132/><V120/><N who="2" m="46609" /><V93/><DORA hai="13" /><F78/><W15/><G15/><RYUUKYOKU ba="0,0" sc="193,-15,430,-15,187,15,190,15" hai2="21,27,80,82,83,93,94" hai3="26,31,44,46,81,84,90" /><INIT seed="2,1,0,5,1,92" ten="178,415,202,205" oya="2" hai0="120,61,68,111,98,51,0,112,114,117,87,104,20" hai1="64,29,118,90,85,65,77,72,11,30,133,124,2" hai2="23,16,113,108,82,83,15,13,44,131,60,31,27" hai3="49,7,18,103,126,134,50,74,76,38,24,78,53"/><V3/><F113/><W9/><G38/><T56/><D111/><U42/><E118/><V28/><F3/><W107/><G134/><T36/><D120/><U25/><E133/><V110/><F131/><W62/><G126/><T59/><D36/><U8/><E72/><V10/><F31/><N who="1" m="11785" /><E2/><V115/><F115/><W26/><G18/><T81/><D117/><U12/><E77/><V14/><F44/><W106/><G62/><T43/><D0/><U73/><E73/><V57/><F82/><W35/><G74/><T79/><D68/><U66/><E42/><V47/><F83/><W125/><G125/><T93/><D104/><U58/><E25/><V21/><F47/><W55/><G9/><N who="1" m="3658" /><E12/><V52/><REACH who="2" step="1"/><F14/><REACH who="2" ten="178,415,192,205" step="2"/><W132/><G132/><T128/><D128/><U95/><E124/><V22/><F22/><W34/><G7/><AGARI ba="1,1" hai="7,10,13,15,16,21,23,27,28,52,57,60,108,110" machi="7" ten="40,7700,0" yaku="1,1,54,2,53,0" doraHai="92" doraHaiUra="130" who="2" fromWho="3" sc="178,0,415,0,192,90,205,-80" /><INIT seed="2,2,0,5,0,26" ten="178,415,282,125" oya="2" hai0="0,104,48,32,72,102,111,28,116,94,122,55,74" hai1="31,10,123,4,115,11,130,1,33,5,108,76,49" hai2="86,100,19,13,89,79,39,124,35,82,15,109,25" hai3="125,54,14,9,95,80,50,88,133,129,131,68,87"/><V58/><F39/><W29/><G125/><T75/><D111/><U34/><E76/><V98/><F124/><W135/><G68/><T51/><D116/><U62/><E62/><V27/><F109/><W81/><G29/><T90/><D122/><U85/><E85/><V99/><F13/><W63/><G63/><T83/><D0/><U56/><E56/><V64/><F79/><W61/><G61/><T44/><D83/><U101/><E49/><V77/><F64/><W134/><G95/><T84/><D48/><U105/><E101/><V8/><F58/><W12/><G81/><T71/><D71/><U121/><E105/><V93/><REACH who="2" step="1"/><F35/><REACH who="2" ten="178,415,272,125" step="2"/><W127/><G127/><T18/><D32/><U45/><E34/><V47/><F47/><N who="3" m="27999" /><G14/><T23/><D44/><U6/><E45/><V36/><F36/><W73/><G73/><T60/><D75/><U52/><E108/><V43/><F43/><W97/><G97/><T24/><D74/><U69/><E33/><V113/><F113/><W103/><G103/><T3/><D72/><U37/><E115/><V30/><F30/><W2/><G2/><T20/><D3/><U17/><E31/><V120/><F120/><W117/><G117/><T110/><D110/><U70/><E123/><V126/><F126/><W107/><G107/><AGARI ba="2,1" hai="8,15,19,25,27,77,82,86,89,93,98,99,100,107" machi="107" ten="30,2900,0" yaku="1,1,7,1,53,0" doraHai="26" doraHaiUra="106" who="2" fromWho="3" sc="178,0,415,0,272,45,125,-35" /><INIT seed="2,3,0,5,2,129" ten="178,415,317,90" oya="2" hai0="21,124,18,24,82,123,67,39,109,60,6,47,22" hai1="45,43,103,12,32,106,118,88,13,8,112,37,117" hai2="57,95,31,50,96,116,104,15,127,120,33,29,97" hai3="128,62,110,101,114,94,84,26,1,92,0,81,34"/><V99/><F120/><W58/><G128/><T70/><D109/><U90/><E32/><V41/><F116/><W76/><G110/><T100/><D124/><U75/><E75/><V93/><F104/><W63/><G114/><T69/><D123/><U89/><E112/><V79/><F127/><W27/><G63/><T87/><D6/><U61/><E13/><V5/><F79/><W30/><G27/><T80/><D70/><U113/><E113/><V65/><F33/><W44/><G44/><T14/><D100/><U35/><E35/><V55/><F41/><W38/><G38/><T10/><D21/><U135/><E135/><V131/><F65/><W48/><G48/><T115/><D115/><U73/><E73/><V111/><F111/><W105/><G105/><T78/><D80/><U23/><E23/><V72/><F72/><W2/><REACH who="3" step="1"/><G101/><REACH who="3" ten="178,415,317,80" step="2"/><T7/><D47/><U130/><E130/><V59/><F131/><W3/><N who="3" m="0" /><DORA hai="51" /><W91/><G91/><T56/><D39/><U40/><E61/><V71/><F71/><W98/><G98/><T85/><D69/><U74/><E106/><V108/><F108/><W53/><AGARI ba="3,1" hai="26,30,34,53,58,62,76,81,84,92,94" m="0" machi="53" ten="60,8000,1" yaku="1,1,0,1,52,1,53,1" doraHai="129,51" doraHaiUra="119,77" who="3" fromWho="3" sc="178,-23,415,-23,317,-43,80,99" /><INIT seed="3,0,0,1,1,115" ten="155,392,274,179" oya="3" hai0="37,46,62,60,117,21,103,36,72,86,69,88,29" hai1="10,82,134,121,66,7,77,26,55,6,133,131,65" hai2="33,96,56,125,76,124,27,74,106,3,107,32,41" hai3="108,93,23,92,113,68,120,2,128,105,70,87,43"/><W39/><G113/><T114/><D114/><U101/><E131/><V35/><F3/><W98/><G120/><T79/><D103/><U54/><E101/><N who="2" m="62759" /><F107/><W9/><G128/><T110/><D110/><U0/><E121/><V78/><F41/><W75/><G75/><T80/><D117/><U42/><E26/><V45/><F45/><W135/><G105/><T50/><D37/><U102/><E102/><V19/><F56/><W59/><G59/><T57/><D36/><U116/><E42/><V122/><F74/><W104/><G104/><T44/><D69/><U95/><E116/><V17/><F122/><W5/><G108/><T129/><D57/><U58/><E95/><V63/><F63/><W119/><G119/><T20/><D129/><U51/><E7/><V97/><F97/><W73/><G73/><T34/><D34/><U112/><E55/><V52/><F52/><W8/><G23/><N who="0" m="8779" /><D29/><U49/><E49/><V14/><F27/><W24/><G24/><T28/><D28/><U4/><E4/><V16/><F14/><W94/><G98/><T81/><D44/><U53/><E53/><V1/><F1/><W71/><G9/><T85/><D72/><N who="1" m="43303" /><E112/><V83/><F83/><W123/><G123/><T118/><D118/><U99/><E99/><V91/><F91/><N who="3" m="53375" /><G135/><AGARI ba="0,0" hai="0,6,10,51,54,58,65,66,133,134,135" m="43303" machi="135" ten="30,1000,0" yaku="20,1" doraHai="115" who="1" fromWho="3" sc="155,0,392,10,274,0,179,-10" owari="155,-34.5,402,50.2,274,7.4,169,-23.1" /></mjloggm>