<mjloggm ver="2.3"><GO type="225" lobby="0"/><UN n0="%E5%B6%BA%E4%B8%8A%E5%92%B2" n1="%6D%61%74%69%67%75%73%61" n2="%79%7A%68%61%6E%67" n3="%E8%A8%88%E7%AE%97%E6%A9%9F%E8%87%AA%E7%84%B6" dan="16,17,17,17" rate="2172.20,2142.22,2215.98,2167.58" sx="F,M,M,M"/><TAIKYOKU oya="0"/><INIT seed="0,0,0,5,3,63" ten="250,250,250,250" oya="0" hai0="67,19,58,20,29,64,35,43,118,57,80,113,88" hai1="102,101,121,32,22,45,34,15,36,54,110,50,117" hai2="85,114,71,42,77,52,131,25,125,11,94,116,123" hai3="99,104,107,69,79,7,5,74,98,81,9,48,21"/><T103/><D113/><U65/><E117/><V59/><F123/><W33/><G33/><T119/><D103/><U1/><E1/><V127/><F114/><W82/><G69/><T135/><D135/><U87/><E110/><V115/><F115/><W62/><G62/><T49/><D35/><U61/><E36/><V16/><F116/><W93/><G21/><T92/><D29/><U28/><E121/><V76/><F71/><W55/><G81/><T70/><D70/><U75/><E87/><V47/><F131/><W83/><G82/><T78/><D118/><U51/><E51/><N who="2" m="27127" /><F125/><W133/><G133/><T56/><D119/><U134/><E75/><V10/><F127/><W84/><G74/><T60/><D60/><U72/><E72/><V17/><F94/><W129/><G129/><T105/><D105/><U120/><E120/><V40/><F40/><W41/><G41/><T112/><D112/><U111/><E32/><V132/><F132/><W2/><G5/><T89/><D43/><U100/><E34/><V27/><F85/><W95/><G93/><T38/><D38/><U91/><E134/><V3/><F3/><W6/><G6/><T122/><D122/><U26/><E111/><V124/><F124/><W4/><G4/><T108/><D108/><U12/><REACH who="1" step="1"/><E91/><REACH who="1" ten="250,240,250,250" step="2"/><N who="0" m="34889" /><D49/><U53/><E53/><V86/><F86/><W30/><G48/><T0/><D0/><U13/><E13/><N who="2" m="7223" /><F76/><W18/><G2/><T106/><D78/><U39/><E39/><V46/><F77/><W126/><G126/><T44/><D44/><U8/><E8/><V90/><F11/><RYUUKYOKU ba="0,1" sc="250,-10,240,30,250,-10,250,-10" hai1="12,15,22,26,28,45,50,54,61,65,100,101,102" /><INIT seed="1,1,1,2,4,107" ten="240,270,240,240" oya="1" hai0="62,84,16,53,19,47,82,86,95,135,23,92,58" hai1="70,31,113,56,73,106,34,26,123,7,114,74,33" hai2="90,35,85,81,108,96,91,18,124,49,27,0,2" hai3="11,63,12,68,67,104,93,87,3,20,102,125,88"/><U127/><E56/><V65/><F108/><W9/><G125/><T57/><D135/><U131/><E106/><V36/><F36/><W132/><G132/><T117/><D117/><U101/><E101/><V109/><F109/><W10/><G3/><T64/><D47/><U6/><E70/><V105/><F124/><W80/><G104/><T42/><D42/><U112/><E127/><V121/><F121/><W13/><REACH who="3" step="1"/><G20/><REACH who="3" ten="240,270,240,230" step="2"/><T32/><D23/><U37/><E123/><V43/><F0/><W61/><G61/><N who="0" m="36015" /><D32/><U40/><E33/><V30/><F2/><W52/><G52/><T103/><D103/><U115/><E114/><V54/><F105/><W51/><G51/><T50/><D50/><U134/><E134/><V60/><F43/><W129/><G129/><T55/><D55/><U111/><E131/><V17/><F49/><W28/><G28/><T5/><D5/><U128/><E128/><V79/><F54/><W122/><G122/><T110/><D110/><U78/><E111/><V38/><F38/><W29/><G29/><T99/><D19/><U8/><E6/><V46/><F46/><W45/><G45/><T71/><D16/><N who="2" m="6250" /><F60/><W22/><G22/><T116/><D62/><U25/><E40/><V44/><F44/><W130/><G130/><T24/><D64/><U41/><E41/><V75/><F65/><W66/><G66/><T126/><D126/><U15/><E37/><V83/><F96/><AGARI ba="1,2" hai="9,10,11,12,13,63,67,68,80,87,88,93,96,102" machi="96" ten="40,2600,0" yaku="1,1,54,1,53,0" doraHai="107" doraHaiUra="118" who="3" fromWho="2" sc="240,0,270,0,240,-29,230,49" /><INIT seed="2,0,0,3,2,129" ten="240,270,211,279" oya="2" hai0="75,46,54,112,24,44,48,33,59,16,85,96,65" hai1="132,20,28,135,84,115,131,31,109,27,67,50,11" hai2="103,118,25,123,34,125,97,72,6,101,87,41,95" hai3="69,111,10,57,60,86,21,45,89,88,43,47,106"/><V55/><F118/><W116/><G116/><T56/><D75/><U93/><E115/><V7/><F123/><W121/><G121/><T29/><D112/><U42/><E131/><V76/><F72/><W122/><G122/><T17/><D96/><U52/><E42/><V1/><F1/><W62/><G106/><T124/><D124/><U94/><E67/><V36/><F125/><W68/><G21/><N who="0" m="15503" /><D85/><U74/><E74/><V78/><F34/><W117/><G111/><T71/><D33/><U32/><E11/><V66/><F66/><W90/><G117/><T113/><D71/><U80/><E109/><V22/><F36/><W110/><G110/><T104/><D104/><U70/><E70/><V9/><F41/><W120/><G120/><T83/><D83/><U63/><E63/><V39/><F39/><W77/><G60/><N who="0" m="38047" /><D113/><U108/><E108/><V91/><F55/><N who="3" m="34111" /><G43/><N who="0" m="24607" /><D46/><U134/><E32/><V13/><F6/><W64/><G68/><T19/><D56/><N who="1" m="32791" /><E28/><N who="2" m="17463" /><F103/><W12/><G69/><T0/><D0/><U23/><E20/><V4/><F4/><N who="3" m="3143" /><G64/><T30/><D54/><U14/><E14/><V51/><F51/><W100/><G100/><T40/><D40/><U38/><E38/><V37/><F37/><W127/><G127/><T107/><D107/><U73/><E73/><V114/><F114/><W3/><G3/><T26/><D30/><U133/><N who="1" m="33792" /><DORA hai="49" /><U130/><E130/><V102/><F102/><W105/><G105/><T2/><D2/><U126/><E126/><V98/><F101/><W92/><G45/><T119/><D119/><U18/><E31/><RYUUKYOKU ba="0,0" sc="240,10,270,10,211,10,279,-30" hai0="16,17,19,26" hai1="18,23,27,80,84,93,94" hai2="7,9,13,76,78,87,91,95,97,98" /><INIT seed="2,1,0,1,0,108" ten="250,280,221,249" oya="2" hai0="39,9,68,93,27,110,89,134,91,130,41,31,69" hai1="12,86,119,23,3,124,109,6,105,30,7,25,95" hai2="22,17,19,113,127,46,63,81,88,100,62,66,104" hai3="102,118,125,29,82,28,33,4,11,71,120,35,49"/><V34/><F113/><W126/><G71/><T83/><D110/><U98/><E119/><V64/><F34/><N who="3" m="12811" /><G49/><T87/><D134/><U79/><E124/><N who="3" m="47722" /><G102/><T90/><D130/><U77/><E3/><V57/><F127/><W53/><G53/><T75/><D9/><U67/><E105/><V76/><F46/><W60/><G60/><T70/><D75/><U48/><E109/><V131/><F131/><W116/><G82/><T61/><D61/><U107/><E107/><V40/><F40/><W129/><G120/><T111/><D111/><U59/><E12/><V56/><F22/><W132/><G132/><T106/><D106/><U10/><E86/><V96/><REACH who="2" step="1"/><F88/><REACH who="2" ten="250,280,211,249" step="2"/><W97/><G129/><T128/><D128/><U1/><E23/><V0/><F0/><N who="3" m="391" /><G97/><T42/><D90/><U47/><E98/><V44/><F44/><W26/><G28/><T73/><D89/><U101/><E30/><V16/><F16/><W99/><G99/><T24/><D31/><U20/><E47/><V51/><F51/><W45/><G45/><T15/><D41/><U32/><E48/><V8/><F8/><W65/><G65/><T54/><D42/><U80/><E10/><V121/><F121/><W50/><G50/><T103/><D91/><U122/><E67/><V18/><F18/><W43/><G43/><T55/><D83/><U135/><E80/><V117/><F117/><W36/><G36/><T133/><D133/><U37/><E135/><V92/><F92/><W78/><G78/><T84/><D39/><U58/><E37/><V74/><AGARI ba="1,1" hai="17,19,56,57,62,63,64,66,74,76,81,96,100,104" machi="74" ten="20,12000,1" yaku="1,1,0,1,7,1,9,1,53,1" doraHai="108" doraHaiUra="72" who="2" fromWho="2" sc="250,-41,280,-41,211,133,249,-41" /><INIT seed="2,2,0,1,5,77" ten="209,239,344,208" oya="2" hai0="71,91,5,45,96,0,12,14,72,115,6,127,76" hai1="42,65,112,92,79,126,8,75,128,21,29,73,130" hai2="61,86,90,54,125,67,24,60,59,94,113,39,25" hai3="11,101,56,62,32,98,84,38,95,36,46,10,110"/><V37/><F113/><W64/><G32/><T27/><D115/><U57/><E112/><V15/><F125/><W4/><G110/><T43/><D127/><U9/><E42/><V26/><REACH who="2" step="1"/><F15/><REACH who="2" ten="209,239,334,208" step="2"/><W20/><G10/><T49/><D14/><U133/><E8/><V106/><F106/><W135/><G135/><T17/><D12/><U41/><E133/><V35/><F35/><W52/><G20/><T122/><D122/><U51/><E21/><V134/><F134/><W108/><G108/><T104/><D104/><U107/><E107/><V2/><F2/><W117/><G117/><T48/><D0/><U69/><E126/><V109/><F109/><W132/><G132/><T120/><D120/><U124/><E124/><V129/><F129/><W16/><G16/><T30/><D17/><U89/><E128/><V22/><F22/><W83/><G11/><T40/><D5/><U116/><E116/><V1/><F1/><W87/><G4/><T100/><D6/><U7/><E130/><V81/><F81/><W103/><G83/><T123/><D123/><U63/><E7/><V58/><AGARI ba="2,1" hai="24,25,26,37,39,54,58,59,60,61,67,86,90,94" machi="58" ten="30,3000,0" yaku="1,1,0,1,53,0" doraHai="77" doraHaiUra="74" who="2" fromWho="2" sc="209,-12,239,-12,334,46,208,-12" /><INIT seed="2,3,0,0,0,76" ten="197,227,380,196" oya="2" hai0="102,63,4,93,83,41,40,32,99,66,51,36,3" hai1="82,105,20,125,38,111,9,103,79,77,27,50,71" hai2="87,58,0,128,130,29,88,95,126,62,16,22,81" hai3="64,8,54,104,60,75,117,70,5,34,30,101,107"/><V114/><F114/><W37/><G54/><T106/><D36/><U96/><E38/><V31/><F0/><N who="3" m="39" /><G117/><T109/><D109/><U112/><E125/><V113/><F95/><W73/><G37/><T55/><D32/><U45/><E112/><V92/><F92/><W68/><G68/><T118/><D118/><U42/><E71/><V39/><F126/><W80/><G80/><T1/><D106/><N who="3" m="40489" /><G101/><T122/><D122/><U94/><E111/><V74/><F74/><W127/><G127/><T23/><D3/><U59/><E105/><V90/><F90/><W84/><G84/><T44/><D1/><U108/><E108/><V12/><F113/><W72/><G30/><T25/><D4/><U61/><E9/><V47/><F47/><W11/><G11/><T53/><D83/><U28/><E82/><V10/><F39/><W123/><G34/><T135/><D53/><AGARI ba="3,0" hai="20,27,28,42,45,50,53,59,61,77,79,94,96,103" machi="53" ten="30,2000,0" yaku="7,1,8,1" doraHai="76" who="1" fromWho="0" sc="197,-29,227,29,380,0,196,0" /><INIT seed="3,0,0,3,5,118" ten="168,256,380,196" oya="3" hai0="15,11,53,52,88,1,113,95,70,69,20,68,19" hai1="35,77,83,132,105,128,133,62,22,84,112,101,26" hai2="48,29,106,43,49,99,92,109,59,6,120,67,13" hai3="4,117,39,66,76,86,74,58,63,45,31,65,103"/><W135/><G117/><T30/><D113/><U32/><E112/><V126/><F106/><W27/><G74/><T64/><D64/><U71/><E62/><N who="2" m="38367" /><F109/><W54/><G135/><N who="1" m="51786" /><E128/><V108/><F126/><W124/><G124/><T33/><D33/><U85/><E85/><V100/><F120/><W75/><G75/><T46/><D46/><U36/><E36/><V21/><F43/><W8/><G103/><T91/><D1/><U37/><E37/><V98/><F98/><W57/><G39/><T51/><D51/><U42/><E42/><V10/><F108/><W18/><G45/><T114/><D114/><U93/><E105/><V14/><F29/><W72/><G72/><T38/><D38/><U56/><E56/><V60/><F60/><W96/><G57/><T12/><D91/><U7/><E7/><V90/><F90/><W44/><G44/><T79/><D79/><U23/><E23/><V55/><F55/><W41/><G41/><T9/><D9/><U34/><E71/><V47/><F47/><W61/><G61/><T121/><D121/><U17/><E34/><V111/><F111/><W122/><G122/><T81/><D81/><U2/><E2/><V82/><F82/><N who="3" m="47431" /><G18/><AGARI ba="0,0" hai="6,10,13,14,18,21,48,49,92,99,100" m="38367" machi="18" ten="30,1000,0" yaku="8,1" doraHai="118" who="2" fromWho="3" sc="168,0,256,0,380,10,196,-10" owari="168,-33.2,256,5.6,390,49.0,186,-21.4" /></mjloggm>