<mjloggm ver="2.3"><GO type="225" lobby="0"/><UN n0="%E6%9C%88%E5%B3%B6%E5%9F%BA" n1="%4C%4F%4C%49%54%41" n2="%E3%82%A4%E3%83%BC%E3%82%B1%E3%83%97%E3%83%A9" n3="%E5%B0%8F%E9%B3%A5%E9%81%8A%E7%B7%B4%E7%84%A1%32%31%E6%AD%B3" dan="16,16,17,16" rate="2151.07,2105.24,2227.29,2167.25" sx="M,F,M,F"/><TAIKYOKU oya="0"/><INIT seed="0,0,0,1,0,84" ten="250,250,250,250" oya="0" hai0="16,51,100,82,12,114,61,57,94,17,59,46,69" hai1="42,48,24,22,31,95,1,132,67,77,13,80,32" hai2="131,133,50,91,53,88,92,33,30,7,107,4,66" hai3="120,102,5,73,85,115,111,58,126,18,10,34,70"/><T101/><D114/><U8/><E132/><V98/><F133/><W118/><G85/><T44/><D69/><U15/><E67/><V127/><F107/><W21/><G58/><N who="0" m="22027" /><D61/><U71/><E71/><V87/><F131/><W123/><G102/><N who="0" m="39531" /><D82/><U108/><E108/><V124/><F66/><W106/><G21/><N who="0" m="11399" /><D51/><U6/><E48/><V105/><F105/><W52/><G120/><T56/><N who="0" m="22035" /><T130/><DORA hai="26" /><D130/><U38/><E32/><V40/><F33/><W119/><G119/><T54/><D54/><U25/><E38/><V121/><F121/><W93/><G52/><T86/><D17/><U125/><E80/><V135/><F135/><W117/><G18/><T122/><D122/><U0/><E42/><V39/><F40/><W75/><G118/><T27/><D27/><U89/><E24/><V64/><F64/><W29/><G73/><T23/><D23/><U76/><E0/><V129/><F39/><W60/><G75/><T62/><D62/><U41/><E41/><V47/><F129/><W103/><G60/><T72/><D72/><U79/><REACH who="1" step="1"/><E125/><REACH who="1" ten="250,240,250,250" step="2"/><N who="2" m="48203" /><F30/><W11/><G126/><T81/><D94/><AGARI ba="0,1" hai="4,7,47,50,53,87,88,91,92,94,98" m="48203" machi="94" ten="30,7700,0" yaku="18,1,52,2,54,1" doraHai="84,26" who="2" fromWho="0" sc="250,-77,240,0,250,87,250,0" /><INIT seed="1,0,0,0,3,133" ten="173,240,337,250" oya="1" hai0="22,108,49,29,82,71,65,83,53,37,94,103,107" hai1="26,86,101,70,12,25,18,43,61,84,57,81,46" hai2="21,92,102,56,1,131,129,33,2,27,68,36,80" hai3="9,34,55,95,118,112,134,23,88,14,13,125,35"/><U116/><E70/><V63/><F33/><W10/><G112/><T24/><D108/><U130/><E101/><V62/><F36/><W127/><G134/><T7/><D37/><U124/><E124/><N who="3" m="47690" /><G118/><T64/><D107/><U110/><E130/><N who="2" m="49675" /><F80/><W28/><G55/><T79/><D7/><U60/><E110/><V87/><F68/><W4/><G23/><T69/><D69/><U126/><E116/><V30/><F87/><N who="3" m="52639" /><G28/><T45/><D71/><U78/><E126/><V113/><F113/><W97/><G97/><T132/><D132/><U93/><E81/><V42/><F21/><W40/><G40/><T8/><D83/><U31/><E43/><V74/><F42/><W114/><G114/><T50/><D8/><U91/><E31/><V119/><F30/><W66/><G66/><T106/><D106/><U16/><E60/><V96/><F63/><W41/><G41/><T109/><D109/><U19/><E61/><V77/><F62/><W121/><G121/><T128/><D128/><U17/><E93/><V72/><F92/><W47/><G47/><T76/><D50/><U0/><E46/><V5/><F96/><W39/><G39/><T123/><D123/><U104/><E104/><V73/><F119/><W6/><AGARI ba="0,0" hai="4,6,9,10,13,14,34,35" m="52639,47690" machi="6" ten="30,8000,1" yaku="18,1,52,3,54,1" doraHai="133" who="3" fromWho="3" sc="173,-20,240,-40,337,-20,250,80" /><INIT seed="2,0,0,1,1,18" ten="153,200,317,330" oya="2" hai0="48,1,133,129,81,7,80,0,8,11,116,109,78" hai1="19,52,88,27,82,56,70,92,46,29,47,58,130" hai2="22,93,2,49,123,91,28,108,53,127,51,122,41" hai3="45,17,32,77,74,86,87,31,79,121,44,135,119"/><V95/><F2/><W33/><G121/><T26/><D109/><U40/><E70/><V115/><F115/><W76/><G119/><T5/><D116/><U72/><E130/><V68/><F68/><W59/><G59/><T126/><D129/><U39/><E19/><V38/><F38/><W9/><G135/><T110/><D110/><U125/><E125/><V67/><F108/><W84/><G74/><T118/><D118/><U85/><E46/><N who="3" m="18026" /><G31/><T120/><D120/><U10/><E10/><V13/><F41/><W71/><G17/><T124/><D133/><U112/><E112/><V4/><F67/><W128/><G9/><T111/><D111/><U96/><E52/><V66/><F66/><W36/><G71/><T21/><D48/><U6/><E6/><V90/><F28/><W106/><G128/><T75/><REACH who="0" step="1"/><D81/><REACH who="0" ten="143,200,317,330" step="2"/><U30/><E72/><V114/><F114/><W97/><G36/><T101/><D101/><U20/><REACH who="1" step="1"/><E30/><AGARI ba="0,1" hai="0,1,5,7,8,11,21,26,30,75,78,80,124,126" machi="30" ten="40,8000,1" yaku="1,1,9,1,52,1,53,1" doraHai="18" doraHaiUra="73" who="0" fromWho="1" sc="143,90,200,-80,317,0,330,0" /><INIT seed="3,0,0,2,4,49" ten="233,120,317,330" oya="3" hai0="89,101,83,4,37,56,25,106,16,97,55,34,15" hai1="41,107,48,80,5,122,133,129,87,58,35,20,88" hai2="11,77,90,1,109,108,7,95,78,45,118,2,32" hai3="65,31,19,114,134,120,93,121,127,125,96,116,111"/><W26/><G116/><T6/><D37/><U51/><E35/><V22/><F32/><W117/><G117/><T92/><D83/><U18/><E122/><V54/><F118/><W128/><G114/><T46/><D46/><U43/><E129/><V81/><F1/><W132/><G128/><T124/><D124/><N who="3" m="47689" /><G65/><T84/><D25/><U29/><E107/><V24/><F54/><W91/><G19/><T72/><D72/><U8/><E133/><N who="3" m="51306" /><G111/><N who="2" m="42569" /><F45/><W119/><G119/><T53/><D34/><AGARI ba="0,0" hai="26,31,34,91,93,96,120,121" m="51306,47689" machi="34" ten="30,2900,0" yaku="18,1,20,1" doraHai="49" who="3" fromWho="0" sc="233,-29,120,0,317,0,330,29" owari="204,-19.6,120,-38.0,317,11.7,359,45.9" /></mjloggm>