<mjloggm ver="2.3"><GO type="225" lobby="0"/><UN n0="%E5%A4%8F%E9%88%B4%E9%88%B4%E5%A4%8F" n1="%4C%C3%97%57%C3%97%4C" n2="%E6%98%93%E5%88%A9%E8%96%A9%E4%BC%AF" n3="%E3%83%96%E3%83%83%E3%83%91%E3%82%AA%E3%83%96%E3%83%81%E3%82%AD%E3%83%B3" dan="16,17,17,16" rate="2116.42,2175.12,2127.49,2122.40" sx="F,M,F,M"/><TAIKYOKU oya="0"/><INIT seed="0,0,0,2,5,27" ten="250,250,250,250" oya="0" hai0="56,1,15,6,128,36,109,57,29,40,12,0,37" hai1="63,129,21,59,99,71,120,117,88,115,26,87,44" hai2="96,58,134,78,113,103,10,77,48,24,52,123,13" hai3="43,22,92,102,107,105,49,114,74,54,100,31,68"/><T122/><D122/><U41/><E120/><V132/><F123/><W60/><G114/><T4/><D40/><U3/><E3/><V39/><F39/><W94/><G74/><T66/><D66/><U86/><E117/><V28/><F113/><W53/><G43/><T38/><D128/><U83/><E71/><V101/><F78/><W104/><G22/><T106/><D106/><U108/><E115/><V72/><F77/><W51/><G105/><T85/><D85/><U119/><E119/><V93/><F101/><W62/><REACH who="3" step="1"/><G68/><REACH who="3" ten="250,250,250,240" step="2"/><T112/><D112/><U30/><E129/><V97/><F72/><W90/><G90/><T118/><D38/><U47/><E41/><V80/><F80/><W5/><G5/><T64/><D118/><U89/><E108/><V2/><F103/><W73/><G73/><T69/><D69/><U95/><E86/><V125/><F93/><W131/><G131/><T70/><D70/><U91/><E89/><V135/><F125/><W65/><G65/><AGARI ba="0,1" hai="21,26,30,44,47,59,63,65,83,87,88,91,95,99" machi="65" ten="30,7700,0" yaku="7,1,8,1,52,1,54,1" doraHai="27" who="1" fromWho="3" sc="250,0,250,87,250,0,240,-77" /><INIT seed="1,0,0,2,1,17" ten="250,337,250,163" oya="1" hai0="84,52,69,29,106,45,24,98,48,113,44,25,58" hai1="35,65,55,61,40,38,89,112,121,83,19,27,109" hai2="126,87,86,132,37,75,39,66,82,41,117,92,50" hai3="94,108,107,60,91,70,62,30,104,128,63,93,72"/><U100/><E121/><V22/><F117/><W73/><G70/><T6/><D69/><U4/><E112/><V8/><F132/><W119/><G119/><T1/><D113/><U110/><E4/><V18/><F126/><W47/><G108/><N who="1" m="41578" /><E100/><V127/><F8/><W42/><G128/><T34/><D6/><U7/><E7/><V130/><F66/><W15/><G15/><T123/><D1/><U10/><E55/><V131/><F127/><W118/><G118/><T14/><D14/><U122/><E122/><V64/><F64/><W129/><G129/><N who="2" m="49161" /><F50/><W12/><G12/><T33/><D84/><N who="2" m="32298" /><F92/><W5/><G5/><T76/><D76/><U13/><E83/><V74/><F41/><W116/><G116/><T115/><D115/><U81/><E81/><V9/><F9/><W54/><G94/><T36/><D36/><N who="2" m="13898" /><F82/><W20/><G42/><T80/><D80/><U31/><E40/><V43/><F43/><W71/><G93/><T102/><D123/><U59/><E38/><V134/><F134/><W67/><G67/><T23/><REACH who="0" step="1"/><D34/><REACH who="0" ten="240,337,250,163" step="2"/><U28/><E35/><V79/><F79/><W32/><G32/><T99/><D99/><U0/><E0/><V78/><F78/><W16/><G71/><T11/><D11/><U96/><E96/><V97/><F97/><W125/><G125/><T101/><D101/><U77/><E77/><V111/><F111/><W46/><G73/><T49/><D49/><U3/><E3/><V90/><F90/><W26/><G91/><T51/><D51/><U124/><E89/><V88/><F88/><W68/><G72/><RYUUKYOKU ba="0,1" sc="240,15,337,-15,250,15,163,-15" hai0="23,24,25,29,33,44,45,48,52,58,98,102,106" hai2="18,22,74,75" /><INIT seed="2,1,1,2,5,41" ten="255,322,265,148" oya="2" hai0="135,86,11,124,3,25,118,46,84,30,44,51,2" hai1="115,105,10,23,94,67,81,22,132,74,61,32,35" hai2="20,14,113,58,12,5,29,42,121,64,54,73,79" hai3="1,82,90,63,117,53,112,111,96,70,125,71,17"/><V59/><F113/><W37/><G117/><T39/><D118/><U110/><E115/><V76/><F121/><W99/><G112/><T119/><D119/><U93/><E110/><V49/><F42/><W27/><G37/><T57/><D39/><U114/><E105/><V129/><F73/><W34/><G1/><T43/><D43/><U78/><E132/><V100/><F100/><W102/><G111/><T62/><D51/><U131/><E131/><V18/><F29/><W95/><G125/><T72/><D72/><U103/><E10/><N who="2" m="4175" /><F129/><W101/><G82/><T52/><D135/><U16/><E23/><V55/><F64/><W108/><G108/><T26/><D2/><U6/><E6/><V123/><F123/><W83/><G83/><T38/><D38/><U15/><E114/><V80/><F80/><W9/><G34/><T87/><D3/><U36/><E36/><V98/><F98/><W47/><G102/><T50/><D62/><AGARI ba="1,1" hai="14,18,20,49,54,55,58,59,62,76,79" m="4175" machi="62" ten="30,1500,0" yaku="8,1" doraHai="41" who="2" fromWho="0" sc="255,-18,322,0,265,28,148,0" /><INIT seed="2,2,0,1,2,78" ten="237,322,293,148" oya="2" hai0="36,49,135,118,44,15,101,58,114,20,95,9,53" hai1="56,103,88,105,5,50,112,14,31,73,108,76,35" hai2="84,97,110,130,38,2,131,123,69,70,120,6,87" hai3="91,52,32,129,133,19,107,43,124,46,99,51,100"/><V12/><F2/><W13/><G124/><T33/><D114/><U102/><E112/><V89/><F6/><W27/><G129/><N who="2" m="49161" /><F38/><W106/><G133/><T55/><D33/><U17/><E5/><V40/><F40/><W86/><G107/><T1/><D135/><U113/><E113/><V90/><F12/><W93/><G32/><T77/><D1/><U83/><E108/><V132/><F132/><W11/><G27/><T45/><D36/><U24/><E105/><V71/><F97/><W116/><G116/><T134/><D118/><U82/><E50/><V60/><F60/><W10/><REACH who="3" step="1"/><G43/><REACH who="3" ten="237,322,293,138" step="2"/><T119/><D119/><U98/><E35/><V39/><F110/><W85/><G85/><T42/><D134/><U127/><E127/><V3/><F87/><W66/><G66/><T61/><D42/><U68/><E24/><V94/><F84/><W67/><G67/><T80/><D44/><U0/><E73/><V75/><F75/><W57/><G57/><T121/><D121/><U4/><E56/><V126/><F123/><W64/><G64/><T29/><D45/><U65/><E65/><V125/><F120/><W18/><G18/><T16/><D58/><U122/><E122/><V26/><F126/><W96/><G96/><N who="0" m="59551" /><D55/><U54/><E54/><V8/><F125/><W41/><G41/><T22/><D53/><U79/><E98/><V63/><F70/><W72/><G72/><N who="0" m="43047" /><D29/><U34/><E34/><V74/><F71/><W109/><G109/><T7/><D16/><U23/><E68/><V104/><F69/><W128/><G128/><T28/><D28/><RYUUKYOKU ba="2,1" sc="237,-10,322,-10,293,-10,138,30" hai3="10,11,13,19,46,51,52,86,91,93,99,100,106" /><INIT seed="3,3,1,2,5,87" ten="227,312,283,168" oya="3" hai0="3,127,101,126,26,60,40,104,25,27,66,30,108" hai1="6,14,132,59,121,124,78,118,24,50,36,34,65" hai2="75,134,83,17,23,110,100,31,125,86,102,93,11" hai3="77,133,15,88,39,44,114,91,57,16,117,71,69"/><W99/><G114/><T120/><D120/><U131/><E36/><V0/><F75/><W41/><G117/><T85/><D3/><U5/><E121/><V4/><F110/><W29/><G77/><T51/><D108/><U54/><E124/><N who="0" m="47657" /><D85/><U123/><E65/><V79/><F134/><W33/><G133/><T111/><D111/><U115/><E115/><V73/><F31/><W116/><G116/><T10/><D10/><U32/><E123/><V119/><F119/><W12/><G99/><N who="0" m="61503" /><D51/><U105/><E50/><V95/><F125/><W63/><G33/><N who="0" m="20687" /><D40/><U103/><E34/><V35/><F35/><W45/><G29/><T107/><D107/><U62/><E105/><V18/><F18/><W80/><G44/><T128/><D128/><U55/><E131/><V67/><F67/><W42/><G42/><T21/><D21/><U56/><E32/><V48/><F48/><W7/><G7/><T58/><AGARI ba="3,1" hai="26,27,58,60,66" m="20687,61503,47657" machi="58" ten="30,1100,0" yaku="18,1" doraHai="87" who="0" fromWho="0" sc="227,30,312,-6,283,-6,168,-8" owari="257,-14.3,306,40.6,277,7.7,160,-34.0" /></mjloggm>