<mjloggm ver="2.3"><GO type="225" lobby="0"/><UN n0="%E7%89%B9%E6%9D%B1%E3%81%AF%E4%B8%96%E7%95%8C%E3%82%92%E6%95%91%E3%81%86" n1="%E5%B8%86%E7%AB%8B%E5%A4%8F%E8%A1%A3" n2="%E3%81%BF%E3%81%BF%E3%81%9A" n3="%70%68%65%6E%6F%6D%65" dan="16,17,17,16" rate="2163.78,2171.51,2169.81,2094.81" sx="M,M,M,M"/><TAIKYOKU oya="0"/><INIT seed="0,0,0,0,5,107" ten="250,250,250,250" oya="0" hai0="11,113,118,94,111,116,99,50,134,135,95,32,17" hai1="14,117,86,21,31,133,129,87,16,58,27,125,92" hai2="42,44,103,62,105,63,26,85,36,45,7,64,78" hai3="13,131,122,20,121,81,126,110,112,88,59,115,97"/><T61/><BYE who="2" /><D32/><U6/><E117/><N who="0" m="45161" /><D61/><U4/><E125/><V43/><F43/><W23/><G126/><T28/><D28/><U10/><E129/><V72/><F72/><W30/><G131/><T18/><D50/><U52/><E133/><N who="0" m="50697" /><D113/><U49/><E92/><N who="0" m="35369" /><D11/><U46/><E46/><V66/><F66/><W9/><G30/><T109/><D99/><U132/><E132/><V96/><F96/><W2/><G97/><T127/><D127/><UN n2="%E3%81%BF%E3%81%BF%E3%81%9A" /><U65/><E65/><V128/><F63/><W48/><G48/><T77/><D77/><U67/><E67/><V68/><F62/><W108/><G9/><T38/><D38/><U74/><E74/><V1/><F78/><W0/><G59/><T98/><D98/><U91/><E91/><V55/><F64/><W75/><G75/><T37/><D37/><U12/><E4/><V29/><F7/><W34/><G88/><T100/><D100/><U101/><E101/><V25/><F103/><W130/><G130/><T69/><D69/><U73/><REACH who="1" step="1"/><E73/><REACH who="1" ten="250,240,250,250" step="2"/><V51/><F128/><W123/><G115/><T41/><D41/><U53/><E53/><V56/><F42/><W104/><G112/><T33/><D33/><AGARI ba="0,1" hai="6,10,12,14,16,21,27,31,33,49,52,58,86,87" machi="33" ten="30,8000,1" yaku="1,1,7,1,54,2,53,1" doraHai="107" doraHaiUra="22" who="1" fromWho="0" sc="250,-80,240,90,250,0,250,0" /><INIT seed="1,0,0,0,2,86" ten="170,330,250,250" oya="1" hai0="132,92,110,71,120,7,25,35,10,130,2,4,127" hai1="116,64,40,45,108,112,85,52,124,58,5,75,41" hai2="34,30,33,87,18,59,20,103,39,129,29,6,26" hai3="125,47,68,8,113,74,134,55,72,48,44,54,61"/><U12/><E75/><V28/><F39/><W114/><G125/><T111/><D71/><U80/><E112/><V27/><F103/><W37/><G8/><N who="0" m="2071" /><D92/><U22/><E124/><V60/><F129/><W49/><G134/><T90/><D127/><U31/><E108/><N who="0" m="41513" /><D90/><N who="1" m="51495" /><E116/><V73/><F73/><W107/><G107/><T66/><D66/><U117/><E5/><V14/><F87/><W63/><G37/><T13/><D132/><U46/><E117/><V65/><REACH who="2" step="1"/><F6/><REACH who="2" ten="170,330,240,250" step="2"/><W84/><G84/><T100/><D100/><U32/><E32/><AGARI ba="0,1" hai="14,18,20,26,27,28,29,30,32,33,34,59,60,65" machi="32" ten="40,2600,0" yaku="1,1,2,1,53,0" doraHai="86" doraHaiUra="96" who="2" fromWho="1" sc="170,0,330,-26,240,36,250,0" /><INIT seed="2,0,0,4,2,25" ten="170,304,276,250" oya="2" hai0="58,71,85,26,22,104,90,94,16,47,114,37,106" hai1="5,33,134,14,42,19,0,27,34,69,131,88,50" hai2="79,74,135,39,96,13,115,9,124,61,53,93,117" hai3="7,15,1,4,63,36,99,111,75,82,62,73,72"/><V100/><F115/><W65/><G111/><T89/><D114/><U3/><E69/><V118/><F39/><W84/><G36/><T120/><D120/><U11/><E88/><V57/><F124/><W133/><G133/><T10/><D71/><U30/><E50/><V97/><F135/><W109/><G109/><T45/><D58/><U95/><E95/><V12/><F12/><W35/><G1/><N who="1" m="586" /><E42/><V31/><F31/><W123/><G35/><N who="1" m="13322" /><E134/><V60/><F60/><W59/><G123/><T119/><D119/><U56/><E56/><V87/><F74/><W20/><G99/><T80/><D10/><U49/><E49/><V105/><F87/><W121/><G121/><T81/><D81/><U21/><E131/><V66/><F79/><W122/><G122/><T55/><D55/><U67/><E67/><V2/><F2/><W28/><G63/><T17/><D17/><AGARI ba="0,0" hai="5,11,14,17,19,21,27,30" m="13322,586" machi="17" ten="30,12000,2" yaku="35,5,52,1" doraHai="25" who="1" fromWho="0" sc="170,-120,304,120,276,0,250,0" /><INIT seed="3,0,0,2,3,56" ten="50,424,276,250" oya="3" hai0="126,112,74,28,65,9,49,114,108,130,73,99,41" hai1="119,97,37,25,82,3,29,69,54,40,121,120,93" hai2="61,0,39,111,18,95,68,42,80,70,77,131,34" hai3="8,98,94,117,14,104,115,23,71,48,110,86,59"/><W72/><G115/><T135/><D28/><U103/><E3/><V85/><F111/><W90/><G117/><T4/><D9/><U124/><E119/><V21/><F34/><W5/><G110/><T106/><D4/><U127/><E69/><V10/><F131/><W105/><G72/><T38/><D49/><U129/><E54/><V66/><F42/><W20/><G71/><T100/><D65/><U78/><E129/><V88/><F39/><W43/><G104/><T19/><D19/><U96/><E96/><V125/><F125/><N who="1" m="48201" /><E40/><V81/><F70/><W57/><G105/><T58/><D58/><N who="3" m="22025" /><G98/><T128/><D41/><U51/><E51/><V132/><F132/><W45/><AGARI ba="0,0" hai="5,8,14,20,23,43,45,48,86,90,94" m="22025" machi="45" ten="30,1500,0" yaku="8,1" doraHai="56" who="3" fromWho="3" sc="50,-5,424,-5,276,-5,250,15" /><INIT seed="3,1,0,1,5,93" ten="45,419,271,265" oya="3" hai0="7,72,0,28,46,39,114,81,44,74,11,88,70" hai1="19,87,64,89,98,48,132,55,106,52,67,1,62" hai2="104,65,4,126,100,108,15,113,90,77,134,130,30" hai3="122,133,59,111,2,85,80,42,41,21,51,25,23"/><W84/><G122/><T5/><D114/><U125/><E1/><V14/><F113/><W92/><G2/><T116/><D116/><U24/><E132/><V33/><F77/><N who="3" m="46095" /><G133/><T119/><D119/><U95/><E125/><V58/><F126/><W102/><G111/><T29/><D70/><U112/><E112/><V109/><F134/><W79/><G79/><T107/><D107/><U38/><E38/><V128/><F90/><N who="3" m="53327" /><G102/><T43/><D72/><U83/><E106/><V47/><F100/><W10/><G10/><T16/><D5/><U17/><E55/><V13/><F104/><W9/><G9/><T129/><D129/><N who="2" m="49770" /><F4/><W27/><G59/><T63/><D63/><U53/><E62/><N who="2" m="38103" /><F47/><N who="3" m="26095" /><G42/><T40/><D88/><N who="1" m="51327" /><E53/><V117/><F117/><W101/><G101/><T73/><D73/><U99/><E99/><V54/><F54/><W18/><G23/><T121/><D121/><U37/><E37/><V75/><F75/><W124/><G124/><T12/><D40/><U49/><E49/><V135/><F135/><W96/><G96/><T32/><D46/><N who="1" m="27671" /><E67/><V36/><F36/><W22/><G21/><T86/><D32/><U71/><E64/><V60/><F60/><W120/><G120/><T6/><D6/><U94/><E71/><V115/><F115/><W76/><G76/><T127/><D127/><U61/><E61/><V45/><F45/><W78/><G78/><N who="0" m="46391" /><D74/><U66/><E66/><V50/><F50/><W8/><G8/><T3/><D3/><U56/><E56/><V110/><F33/><W123/><G123/><T35/><D35/><U31/><E95/><RYUUKYOKU ba="1,0" sc="45,0,419,0,271,0,265,0" hai0="0,7,11,12,16,28,29,39,43,44" hai1="17,19,24,31,89,94,98" hai2="13,14,15,30,108,109,110" hai3="18,22,25,27" /><INIT seed="3,2,0,5,1,96" ten="45,419,271,265" oya="3" hai0="87,109,24,81,106,108,95,98,32,112,99,94,54" hai1="37,33,25,4,13,51,14,35,97,74,83,73,21" hai2="1,53,93,20,101,27,44,34,103,7,100,79,29" hai3="80,43,61,56,5,120,30,70,68,15,49,12,114"/><W77/><G114/><T65/><D54/><U9/><E37/><V47/><F79/><W71/><G120/><T45/><D45/><U3/><E83/><V50/><F34/><W113/><G113/><T75/><D65/><U39/><E39/><V58/><F1/><W127/><G127/><T132/><D24/><U22/><E97/><N who="2" m="59439" /><F7/><W46/><G30/><T78/><D32/><U110/><E51/><N who="2" m="28903" /><F58/><W123/><G123/><T6/><D6/><U129/><E22/><V105/><F105/><W72/><REACH who="3" step="1"/><G5/><REACH who="3" ten="45,419,271,255" step="2"/><T125/><D112/><U119/><E4/><V90/><F90/><W64/><AGARI ba="2,1" hai="12,15,43,46,49,56,61,64,68,70,71,72,77,80" machi="64" ten="30,11700,0" yaku="1,1,2,1,0,1,53,1" doraHai="96" doraHaiUra="38" who="3" fromWho="3" sc="45,-41,419,-41,271,-41,255,133" owari="4,-49.6,378,17.8,230,-17.0,388,48.8" /></mjloggm>