<mjloggm ver="2.3"><GO type="225" lobby="0"/><UN n0="%E6%A1%9C%E8%8A%B1%E9%96%83%E3%80%85" n1="%E3%82%A2%E3%83%9E%E3%83%9D%EF%BD%9E%EF%BD%9E%E3%83%A9" n2="%E6%81%A5%E6%99%92%E3%81%97" n3="%E3%83%9D%E3%83%B3%E3%83%9D%E3%82%B3%E5%95%86%E4%BA%8B" dan="16,17,16,16" rate="2164.17,2119.02,2064.05,2177.71" sx="M,M,M,M"/><TAIKYOKU oya="0"/><INIT seed="0,0,0,0,2,77" ten="250,250,250,250" oya="0" hai0="88,27,90,64,5,75,43,26,92,128,49,2,107" hai1="56,31,118,80,126,1,104,131,116,121,93,19,65" hai2="96,25,110,46,78,115,36,9,134,81,91,33,34" hai3="130,54,82,23,39,30,117,15,17,133,20,51,24"/><T10/><D107/><U44/><E104/><V47/><F47/><W13/><G117/><T113/><D113/><U135/><E31/><V83/><F115/><W61/><G133/><T97/><D128/><U38/><E19/><V69/><F134/><W35/><G130/><T102/><D75/><U68/><E93/><V79/><F110/><W14/><G39/><T112/><D64/><U60/><E1/><V98/><F69/><W89/><G61/><T125/><D125/><U21/><E21/><V73/><F9/><W124/><G35/><T37/><D37/><U84/><E131/><V18/><F18/><W99/><G124/><T57/><D112/><U72/><E72/><V0/><F0/><W67/><G67/><T127/><D127/><U70/><E126/><V3/><F3/><W120/><G120/><T41/><D41/><U28/><E28/><V100/><F91/><W103/><G103/><T122/><D122/><U129/><E129/><V40/><F25/><W94/><REACH who="3" step="1"/><G82/><REACH who="3" ten="250,250,250,240" step="2"/><T71/><D102/><U16/><E121/><V66/><F66/><W32/><G32/><T45/><D71/><U119/><E135/><V95/><F98/><W76/><G76/><T48/><REACH who="0" step="1"/><D90/><REACH who="0" ten="240,250,250,240" step="2"/><N who="1" m="51463" /><E68/><V63/><F63/><W132/><G132/><T42/><D42/><N who="1" m="22615" /><E70/><V74/><AGARI ba="0,2" hai="33,34,36,40,46,73,74,78,79,81,83,95,96,100" machi="74" ten="20,8000,1" yaku="0,1,7,1,9,1,52,2" doraHai="77" who="2" fromWho="2" sc="240,-40,250,-20,250,100,240,-20" /><INIT seed="1,0,0,5,4,2" ten="200,230,350,220" oya="1" hai0="29,11,96,25,130,93,135,116,52,71,58,23,46" hai1="38,57,20,43,64,109,77,86,103,99,126,33,88" hai2="95,61,15,131,122,104,55,127,56,14,60,24,44" hai3="74,8,12,89,123,84,107,133,81,0,13,92,10"/><U62/><E33/><V47/><F122/><W101/><G123/><T72/><D116/><U16/><E126/><V119/><F104/><W6/><G133/><T26/><D135/><U79/><E109/><V49/><F119/><W114/><G114/><T110/><D110/><U66/><E66/><V42/><F131/><W120/><G120/><T73/><D71/><U37/><E37/><V63/><F47/><W134/><G134/><T70/><D70/><U34/><E34/><V87/><F127/><W36/><G36/><T18/><D46/><U3/><E3/><V4/><F24/><W67/><G67/><T91/><D130/><U40/><E38/><V51/><F4/><W68/><G68/><T32/><REACH who="0" step="1"/><D11/><REACH who="0" ten="190,230,350,220" step="2"/><U17/><E43/><V82/><F42/><W48/><G10/><T121/><D121/><U115/><E40/><V106/><F44/><W125/><G125/><T65/><D65/><U21/><E115/><V102/><F55/><W27/><G48/><AGARI ba="0,1" hai="18,23,25,26,29,32,48,52,58,72,73,91,93,96" machi="48" ten="30,8000,1" yaku="1,1,7,1,54,1,53,2" doraHai="2" doraHaiUra="105" who="0" fromWho="3" sc="190,90,230,0,350,0,220,-80" /><INIT seed="2,0,0,0,5,16" ten="280,230,350,140" oya="2" hai0="100,32,26,77,101,65,5,84,36,53,41,128,113" hai1="47,62,91,50,135,44,58,38,57,83,127,98,126" hai2="120,56,108,30,9,90,67,95,76,51,132,35,88" hai3="74,8,92,107,112,118,81,131,17,105,124,25,28"/><V14/><F120/><W68/><G112/><T13/><D113/><U20/><E135/><V134/><F76/><W3/><G118/><T104/><D65/><U43/><E83/><V116/><F116/><W11/><G131/><T93/><D104/><U70/><E91/><V10/><F108/><W46/><G124/><N who="1" m="47658" /><E98/><V64/><F30/><W110/><G110/><T133/><D36/><U89/><E89/><V49/><F35/><W111/><G111/><T31/><D41/><N who="1" m="22583" /><E20/><V37/><F95/><W73/><G68/><T109/><D128/><U63/><E63/><V121/><F37/><W19/><G92/><T2/><D133/><U27/><E27/><V6/><F132/><W55/><G81/><T125/><D2/><U115/><E115/><V86/><F86/><W22/><G3/><T117/><D117/><U45/><E45/><V97/><F97/><W48/><G105/><T4/><D109/><U1/><E1/><V54/><F134/><W39/><G107/><T99/><D101/><U87/><E87/><V33/><F90/><W23/><G39/><T15/><D125/><U94/><E94/><V122/><F88/><W52/><G28/><T7/><D84/><U42/><E42/><V72/><F72/><W119/><G119/><T82/><D82/><U59/><E70/><V69/><F69/><W85/><G85/><T80/><D80/><U78/><E78/><V106/><F106/><W21/><G55/><T12/><D53/><U29/><E29/><V129/><F54/><W66/><G66/><T61/><D77/><U96/><E96/><V71/><F71/><RYUUKYOKU ba="0,0" sc="280,15,230,15,350,-15,140,-15" hai0="4,5,7,12,13,15,26,31,32,61,93,99,100" hai1="43,47,50,57,58,59,62" /><INIT seed="3,1,0,0,3,133" ten="295,245,335,125" oya="3" hai0="124,1,38,80,130,51,126,121,92,41,61,87,18" hai1="128,56,70,53,71,6,58,86,62,40,129,67,24" hai2="46,16,31,68,30,117,42,54,60,27,127,110,19" hai3="81,104,43,64,109,33,5,25,44,125,122,17,99"/><W11/><G122/><T29/><D121/><U7/><E86/><V37/><F117/><W103/><G109/><T94/><D38/><U13/><E24/><V21/><F127/><N who="0" m="48682" /><D130/><N who="1" m="50283" /><E13/><V135/><F135/><W131/><G125/><T73/><D73/><U45/><E7/><V4/><F110/><W105/><G131/><T48/><D1/><U115/><E6/><V50/><F4/><W36/><G105/><T111/><D111/><U72/><E72/><V47/><REACH who="2" step="1"/><F31/><REACH who="2" ten="295,245,325,125" step="2"/><W85/><G64/><AGARI ba="1,1" hai="16,19,21,27,30,37,42,46,47,50,54,60,64,68" machi="64" ten="40,5200,0" yaku="1,1,2,1,54,1,53,0" doraHai="133" doraHaiUra="55" who="2" fromWho="3" sc="295,0,245,0,325,65,125,-55" owari="295,9.5,245,-15.5,390,49.0,70,-43.0" /></mjloggm>