<mjloggm ver="2.3"><GO type="225" lobby="0"/><UN n0="%E7%AB%8B%E7%9B%B4%E5%A5%BD%E6%A3%92%40%E5%BF%98" n1="%72%69%6F%75%63%68%61%6E" n2="%E3%83%96%E3%83%83%E3%83%91%E3%82%AA%E3%83%96%E3%83%81%E3%82%AD%E3%83%B3" n3="%E3%82%AF%E3%82%A3%E3%82%A6" dan="17,16,16,16" rate="2122.10,2079.61,2077.83,2039.52" sx="M,M,M,M"/><TAIKYOKU oya="0"/><INIT seed="0,0,0,5,5,64" ten="250,250,250,250" oya="0" hai0="38,26,73,118,18,99,77,28,105,36,110,89,43" hai1="93,119,117,60,74,85,114,46,132,63,25,94,13" hai2="19,11,78,17,67,68,72,47,4,0,27,128,101" hai3="70,92,33,10,130,95,51,86,22,52,65,2,57"/><T53/><D118/><U5/><E74/><V88/><F128/><W108/><G108/><T66/><D110/><U50/><E132/><V35/><F101/><W12/><G130/><T111/><D111/><U48/><E114/><V134/><F134/><W32/><G2/><T23/><D53/><U59/><E25/><V124/><F124/><W83/><G22/><T45/><D66/><U42/><E50/><V61/><F47/><W116/><G116/><T127/><D127/><U1/><E1/><V91/><F19/><W121/><G121/><T14/><D77/><U15/><E63/><V82/><REACH who="2" step="1"/><F17/><REACH who="2" ten="250,250,240,250" step="2"/><W39/><G39/><T126/><D126/><U24/><E119/><V84/><F84/><W102/><G102/><T58/><D73/><U133/><E133/><V9/><F9/><W104/><G104/><T113/><D38/><U106/><E106/><V96/><F96/><W103/><G103/><T54/><D105/><U79/><E117/><V90/><F90/><W41/><G10/><T76/><D76/><U98/><E79/><V120/><F120/><W71/><G86/><T69/><D89/><U31/><E85/><V109/><F109/><W6/><G6/><T56/><D99/><U125/><E5/><V37/><F37/><W49/><G95/><N who="1" m="36362" /><E98/><V44/><F44/><W34/><G92/><T135/><D135/><U20/><E125/><V30/><AGARI ba="0,1" hai="0,4,11,27,30,35,61,67,68,72,78,82,88,91" machi="30" ten="30,8000,1" yaku="1,1,0,1,52,1,54,1,53,1" doraHai="64" doraHaiUra="62" who="2" fromWho="2" sc="250,-40,250,-20,240,90,250,-20" /><INIT seed="1,0,0,4,1,135" ten="210,230,330,230" oya="1" hai0="34,56,124,68,15,132,117,129,79,74,103,100,30" hai1="113,14,83,35,90,58,101,51,38,62,109,70,106" hai2="99,67,76,5,47,48,116,128,16,1,130,122,108" hai3="102,22,92,125,45,111,71,127,64,36,95,53,104"/><U17/><E113/><V40/><F116/><W97/><G111/><T61/><D117/><U88/><E38/><V73/><F122/><W23/><G71/><T49/><D132/><U77/><E109/><V13/><F108/><W75/><G75/><T118/><D118/><U24/><E70/><V31/><F31/><W57/><G64/><T96/><D15/><U84/><E51/><V65/><F99/><W42/><G95/><T60/><D49/><U120/><E120/><V4/><F76/><W82/><G82/><N who="0" m="45431" /><D56/><U107/><E101/><V119/><F73/><W44/><G44/><T131/><D100/><U78/><E78/><V59/><F119/><W37/><G104/><N who="0" m="63591" /><D61/><U54/><E107/><V2/><F2/><W66/><G66/><N who="2" m="25097" /><F1/><W115/><G115/><T105/><D60/><U80/><E106/><V112/><F59/><W85/><G85/><T29/><D68/><U8/><REACH who="1" step="1"/><E83/><REACH who="1" ten="210,220,330,230" step="2"/><V33/><F112/><W32/><G36/><T89/><D105/><U3/><E3/><V7/><F48/><W25/><G32/><T86/><D34/><U52/><E52/><V114/><F33/><W0/><G0/><T121/><D121/><U98/><E98/><V9/><F114/><W134/><G134/><T21/><D131/><N who="2" m="50218" /><F47/><W20/><REACH who="3" step="1"/><G25/><REACH who="3" ten="210,220,330,220" step="2"/><T93/><D129/><U91/><E91/><V39/><F39/><W27/><G27/><T18/><D89/><U50/><E50/><AGARI ba="0,2" hai="20,22,23,37,42,45,50,53,57,92,97,102,125,127" machi="50" ten="40,5200,0" yaku="1,1,52,2,53,0" doraHai="135" doraHaiUra="81" who="3" fromWho="1" sc="210,0,220,-52,330,0,220,72" /><INIT seed="2,0,0,4,1,56" ten="210,168,330,292" oya="2" hai0="72,66,11,39,2,14,102,6,42,112,100,107,71" hai1="13,29,96,23,73,64,16,117,18,38,57,26,52" hai2="116,131,82,60,30,95,15,83,10,54,114,135,44" hai3="86,47,111,103,118,45,55,70,35,3,43,84,62"/><V8/><F114/><W124/><G118/><T98/><D14/><U9/><E117/><V123/><F116/><W1/><G35/><T120/><D120/><U58/><E73/><V59/><F123/><W63/><G111/><T49/><D49/><N who="1" m="30863" /><E38/><V78/><F131/><W132/><G124/><T28/><D102/><U0/><E0/><V130/><F130/><W134/><G103/><T76/><D112/><U101/><E101/><V19/><F135/><N who="3" m="51755" /><G70/><T106/><D28/><U92/><E92/><V119/><F119/><W27/><G27/><T37/><D106/><U89/><E89/><V48/><F95/><W93/><G55/><T91/><D91/><U113/><E113/><V40/><F30/><W109/><G109/><T128/><D128/><U4/><E96/><V25/><F25/><W12/><G12/><T110/><D110/><U122/><E122/><V87/><REACH who="2" step="1"/><F83/><REACH who="2" ten="210,168,320,292" step="2"/><W20/><G93/><T67/><D107/><U80/><E80/><V33/><F33/><W129/><G129/><T34/><D34/><U79/><E79/><V126/><F126/><W41/><G86/><T104/><D76/><U74/><E74/><V77/><F77/><W75/><G84/><T97/><D72/><U105/><E105/><V121/><F121/><W65/><G75/><T31/><D31/><U127/><E127/><V115/><F115/><W133/><G133/><T81/><D81/><U32/><E32/><V61/><F61/><AGARI ba="0,1" hai="4,9,13,16,18,23,26,29,58,61,64" m="30863" machi="61" ten="30,7700,0" yaku="8,1,52,1,54,2" doraHai="56" who="1" fromWho="2" sc="210,0,168,87,320,-77,292,0" /><INIT seed="3,0,0,2,4,13" ten="210,255,243,292" oya="3" hai0="101,132,29,126,94,21,81,105,48,23,41,63,37" hai1="117,119,58,14,39,109,73,99,93,20,15,102,67" hai2="69,89,52,43,45,32,56,49,85,25,104,30,65" hai3="118,98,17,18,57,16,31,115,96,134,28,90,128"/><W71/><G118/><N who="1" m="45066" /><E109/><V122/><F122/><W5/><G71/><T62/><D37/><U111/><E111/><V120/><F120/><W88/><G115/><T95/><D105/><U74/><E39/><V8/><F104/><W103/><G128/><T9/><D126/><U55/><E67/><V64/><F8/><W83/><G134/><T7/><D132/><U6/><E6/><V100/><F100/><W123/><G123/><T4/><D81/><U97/><E97/><N who="3" m="37482" /><G5/><N who="0" m="2123" /><D9/><U82/><E20/><N who="0" m="7753" /><D29/><N who="3" m="11337" /><G103/><T35/><D35/><U75/><E82/><V2/><F2/><W77/><G57/><T107/><D107/><U87/><E87/><AGARI ba="0,0" hai="16,17,18,77,83,87,88,90" m="11337,37482" machi="87" ten="30,18000,2" yaku="8,1,52,3,54,2" doraHai="13" who="3" fromWho="1" sc="210,0,255,-180,243,0,292,180" owari="210,-19.0,75,-42.5,243,4.3,472,57.2" /></mjloggm>