<mjloggm ver="2.3"><GO type="225" lobby="0"/><UN n0="%E9%B3%B3%E6%9D%B1%E3%81%AE%E3%81%86%E3%81%95%E3%81%8E%E3%81%95%E3%82%93" n1="%E6%B4%BE%E9%81%A3%E3%81%AE%E3%82%B8%E3%83%A3%E3%83%83%E3%82%AF" n2="%E7%89%B9%E6%9D%B1%E3%81%AF%E4%B8%96%E7%95%8C%E3%82%92%E6%95%91%E3%81%86" n3="%E3%80%90%E3%83%88%E3%83%AA%E3%83%A5%E3%83%95%E3%80%91" dan="17,17,16,16" rate="2184.98,2198.90,2156.24,2111.89" sx="M,M,M,M"/><TAIKYOKU oya="0"/><INIT seed="0,0,0,1,0,26" ten="250,250,250,250" oya="0" hai0="101,70,17,13,19,62,3,122,48,110,77,66,5" hai1="32,23,56,93,10,44,38,35,128,15,94,127,65" hai2="12,72,2,114,9,33,34,103,4,0,69,76,124" hai3="134,11,123,115,96,97,104,118,126,75,42,73,22"/><T59/><D122/><U91/><E127/><V52/><F69/><W117/><G42/><T100/><D110/><U53/><E128/><V1/><F103/><W79/><G11/><T57/><D3/><N who="2" m="1098" /><F52/><W29/><G115/><T18/><D77/><U67/><E23/><V58/><F58/><W55/><G55/><N who="0" m="31975" /><D70/><U105/><E105/><V130/><F114/><W102/><G123/><T74/><D74/><U89/><E38/><V120/><F120/><W24/><G126/><T68/><D68/><U63/><E35/><N who="2" m="13323" /><F124/><W108/><G108/><T80/><D80/><U37/><E32/><V50/><F50/><W46/><G46/><T71/><D71/><U7/><E37/><V51/><F51/><W99/><G73/><T119/><D119/><U64/><E44/><V132/><F130/><W116/><REACH who="3" step="1"/><G134/><REACH who="3" ten="250,250,250,240" step="2"/><T92/><D92/><AGARI ba="0,1" hai="7,10,15,53,56,63,64,65,67,89,91,92,93,94" machi="92" ten="40,1300,0" yaku="8,1" doraHai="26" who="1" fromWho="0" sc="250,-13,250,23,250,0,240,0" /><INIT seed="1,0,0,4,1,117" ten="237,273,250,240" oya="1" hai0="51,111,120,37,24,69,8,12,107,35,39,81,86" hai1="48,89,74,61,122,128,23,96,77,38,57,16,58" hai2="102,59,121,25,133,88,50,33,82,43,15,3,67" hai3="95,27,26,118,80,109,108,22,11,70,98,5,115"/><U103/><E38/><V114/><F3/><W52/><G70/><T56/><D69/><U127/><E127/><V17/><F133/><W116/><G80/><T92/><D107/><U123/><E74/><V64/><F121/><W66/><G66/><T53/><D111/><N who="3" m="42569" /><G115/><T132/><D132/><U72/><E89/><V18/><F102/><N who="3" m="60767" /><G52/><T13/><D92/><U41/><E77/><V134/><F114/><W32/><G32/><T19/><D13/><U130/><E72/><V106/><F106/><W129/><G129/><N who="1" m="49770" /><E41/><V45/><F59/><N who="1" m="22537" /><E48/><V93/><F82/><W10/><G27/><T101/><D101/><U84/><E84/><N who="2" m="52359" /><F134/><W7/><G7/><T40/><D40/><U124/><E61/><V21/><F33/><W87/><G87/><T60/><D60/><U9/><E9/><AGARI ba="0,0" hai="9,15,17,18,21,25,43,45,50,64,67" m="52359" machi="9" ten="30,2000,0" yaku="8,1,54,1" doraHai="117" who="2" fromWho="1" sc="237,0,273,-20,250,20,240,0" /><INIT seed="2,0,0,3,3,50" ten="237,253,270,240" oya="2" hai0="23,2,92,116,61,51,130,91,99,64,22,105,70" hai1="28,81,102,98,134,8,119,4,17,78,83,128,87" hai2="10,123,39,115,67,89,88,57,93,16,5,66,63" hai3="108,97,25,71,72,109,114,94,124,75,95,48,125"/><V107/><F107/><W113/><G71/><T118/><D130/><U77/><E119/><N who="0" m="45609" /><D2/><U24/><E134/><V106/><F106/><W31/><G48/><T103/><D51/><U85/><E128/><V32/><F115/><N who="3" m="44043" /><G25/><T55/><D55/><U21/><E4/><V59/><F32/><W80/><G95/><T19/><D19/><U65/><E65/><N who="2" m="39151" /><F39/><W34/><G31/><T104/><D104/><U127/><E127/><N who="3" m="48714" /><G34/><T36/><D36/><U73/><E8/><V101/><F93/><W53/><G53/><T68/><D68/><U58/><E73/><N who="3" m="28234" /><G80/><T38/><D38/><U56/><E28/><V18/><F67/><W69/><G69/><T100/><D100/><AGARI ba="0,0" hai="94,97,100,108,109" m="28234,48714,44043" machi="100" ten="40,8000,1" yaku="11,1,18,1,34,2" doraHai="50" who="3" fromWho="0" sc="237,-80,253,0,270,0,240,80" /><INIT seed="3,0,0,4,1,131" ten="157,253,270,320" oya="3" hai0="128,37,83,57,105,46,77,112,24,11,72,73,93" hai1="16,89,59,79,20,115,44,53,62,48,70,95,61" hai2="1,22,21,30,49,9,117,127,31,23,107,52,99" hai3="74,82,13,101,129,18,122,113,124,4,14,6,0"/><W43/><G113/><T97/><D128/><U32/><E115/><V104/><F117/><W33/><G129/><T27/><D112/><U8/><E32/><V132/><F127/><W40/><G101/><T56/><D73/><U5/><E79/><V102/><F104/><W38/><G122/><T109/><D109/><U119/><E119/><V85/><F132/><W86/><G43/><T125/><D125/><U81/><E81/><V66/><F66/><W84/><G33/><T7/><D105/><U134/><E134/><V87/><F1/><W88/><G6/><T28/><D24/><U94/><E70/><V92/><F9/><N who="3" m="2183" /><G18/><T42/><D27/><U114/><E114/><V35/><F35/><W133/><G133/><T108/><D28/><N who="2" m="10794" /><F107/><W106/><G106/><T90/><REACH who="0" step="1"/><D108/><REACH who="0" ten="147,253,270,320" step="2"/><U64/><E64/><V80/><F80/><W67/><G124/><T10/><D10/><U65/><E94/><V78/><F92/><W55/><G14/><AGARI ba="0,1" hai="7,11,14,37,42,46,56,57,72,77,83,90,93,97" machi="14" ten="30,2000,0" yaku="1,1,7,1,53,0" doraHai="131" doraHaiUra="111" who="0" fromWho="3" sc="147,30,253,0,270,0,320,-20" owari="177,-32.3,253,-14.7,270,7.0,300,40.0" /></mjloggm>