<mjloggm ver="2.3"><GO type="225" lobby="0"/><UN n0="%E6%B8%A9%E2%98%85%E6%83%85%E2%98%85%E6%8E%AA%E2%98%85%E7%BD%AE" n1="%E5%B8%86%E7%AB%8B%E5%A4%8F%E8%A1%A3" n2="%E5%86%B7%E5%87%8D%E3%82%AE%E3%83%A7%E3%83%BC%E3%82%B6" n3="%E3%83%81%E3%83%83%E3%82%BF%E3%82%BD%E3%83%BC" dan="17,17,16,16" rate="2173.26,2186.46,2157.34,2115.69" sx="M,M,M,F"/><TAIKYOKU oya="0"/><INIT seed="0,0,0,5,1,118" ten="250,250,250,250" oya="0" hai0="110,81,32,7,134,22,71,28,16,21,106,89,60" hai1="93,133,67,86,80,52,58,111,90,0,107,91,129" hai2="120,127,99,83,119,53,61,39,51,30,62,123,18" hai3="5,9,31,66,85,10,49,112,74,98,23,73,8"/><T14/><D106/><U43/><E107/><V132/><F39/><W117/><G117/><T96/><D134/><U13/><E0/><V100/><F119/><W125/><G112/><T4/><D32/><U72/><E111/><V47/><F132/><W115/><G115/><T50/><D110/><U1/><E1/><V63/><F127/><W6/><G125/><T11/><D71/><U48/><E129/><V69/><F69/><W19/><G31/><T68/><D68/><U45/><E133/><V15/><F83/><W42/><G66/><T75/><D75/><U35/><E35/><V57/><F47/><W92/><G85/><N who="0" m="50351" /><D60/><U97/><E72/><V131/><F30/><W116/><G116/><T102/><D102/><U46/><E67/><V77/><F77/><W17/><G74/><T78/><D96/><U84/><E97/><V33/><F33/><W24/><G73/><T70/><D70/><U64/><E64/><V121/><F131/><W109/><G109/><T65/><D65/><U56/><REACH who="1" step="1"/><E13/><REACH who="1" ten="250,240,250,250" step="2"/><V27/><F27/><W38/><G98/><T122/><D122/><U2/><E2/><V20/><REACH who="2" step="1"/><F120/><REACH who="2" ten="250,240,240,250" step="2"/><W82/><G24/><T108/><D108/><U44/><E44/><V87/><F87/><W103/><G103/><T88/><D14/><U36/><AGARI ba="0,2" hai="36,43,45,46,48,52,56,58,80,84,86,90,91,93" machi="36" ten="20,5200,0" yaku="1,1,0,1,7,1,54,1,53,0" doraHai="118" doraHaiUra="26" who="1" fromWho="1" sc="250,-26,240,72,240,-13,250,-13" /><INIT seed="1,0,0,0,2,124" ten="224,312,227,237" oya="1" hai0="42,63,70,0,116,134,20,59,94,129,71,73,47" hai1="4,104,11,86,19,29,10,23,53,67,34,114,112" hai2="109,95,64,98,35,12,91,135,41,49,61,36,126" hai3="51,1,14,68,131,2,60,75,106,30,119,6,38"/><U57/><E104/><V108/><F126/><W66/><G38/><T110/><D116/><U96/><E67/><V122/><F122/><W103/><G14/><T121/><D73/><U80/><E96/><V87/><F135/><W84/><G84/><T127/><D127/><U130/><E34/><V27/><F36/><W72/><G51/><T79/><D0/><N who="3" m="105" /><G6/><T13/><D134/><U115/><E4/><V101/><F12/><W26/><G119/><T132/><D132/><U54/><E29/><V117/><F117/><W118/><G118/><T16/><D121/><U81/><E114/><V55/><F41/><W76/><G76/><T88/><D79/><U77/><E77/><V40/><F40/><W113/><G113/><T37/><D110/><U24/><E86/><V7/><F7/><W93/><G93/><T56/><D129/><U50/><E130/><V128/><F128/><W48/><G48/><T18/><D18/><U107/><E50/><V105/><F27/><W43/><G43/><T25/><D13/><U22/><E24/><V92/><F35/><N who="3" m="20951" /><G131/><T123/><D123/><U39/><E107/><V111/><F92/><W133/><G133/><T85/><D59/><U3/><E39/><V8/><F8/><W83/><G83/><T33/><D33/><U82/><E82/><V102/><F87/><W45/><G45/><T65/><AGARI ba="0,0" hai="16,20,25,37,42,47,56,63,65,70,71,85,88,94" machi="65" ten="20,5200,0" yaku="0,1,7,1,54,2" doraHai="124" who="0" fromWho="0" sc="224,52,312,-26,227,-13,237,-13" /><INIT seed="2,0,0,0,4,18" ten="276,286,214,224" oya="2" hai0="39,46,68,135,93,122,85,26,107,6,36,51,113" hai1="29,33,129,13,50,65,76,1,81,59,83,52,121" hai2="48,130,92,60,102,45,100,79,21,7,15,87,98" hai3="31,108,99,24,112,70,5,61,118,101,119,0,80"/><V42/><F130/><W2/><G108/><T58/><D113/><U14/><E1/><V27/><F100/><W132/><G132/><T103/><D68/><U22/><E129/><V88/><F79/><W105/><G80/><T19/><D122/><U9/><E121/><V16/><F60/><W77/><G77/><T67/><D107/><U125/><E125/><V64/><F64/><N who="3" m="41231" /><G112/><T49/><D135/><U94/><E33/><V57/><F57/><W30/><G30/><T110/><D6/><U34/><E34/><V114/><F114/><W134/><G134/><T128/><D110/><U44/><E94/><N who="2" m="54559" /><F7/><W73/><G73/><T127/><D127/><U106/><E106/><V41/><F41/><W3/><G5/><T78/><D128/><U82/><E76/><V86/><F86/><W72/><G72/><T124/><D85/><U120/><E120/><V63/><F63/><W10/><G10/><T90/><D78/><U56/><E65/><V25/><AGARI ba="0,0" hai="15,16,21,25,27,42,45,48,92,98,102" m="54559" machi="25" ten="30,11700,0" yaku="8,1,52,1,54,2" doraHai="18" who="2" fromWho="2" sc="276,-39,286,-39,214,117,224,-39" /><INIT seed="2,1,0,2,1,52" ten="237,247,331,185" oya="2" hai0="64,78,31,87,110,45,69,47,3,122,2,26,7" hai1="126,42,10,24,35,23,60,72,94,43,22,120,68" hai2="73,63,54,96,9,33,132,109,134,117,48,82,20" hai3="58,123,28,102,44,17,118,108,49,133,112,90,29"/><V89/><F117/><W88/><G108/><T8/><D122/><U14/><E72/><V4/><F33/><W77/><G118/><T103/><D3/><U129/><E35/><V124/><F124/><W128/><G123/><T30/><D110/><U81/><E126/><V25/><F109/><W41/><G133/><N who="2" m="51305" /><F63/><W0/><G0/><T115/><D115/><U62/><E129/><V50/><F73/><W76/><G128/><T92/><D31/><N who="3" m="11849" /><G112/><T66/><D78/><N who="3" m="30313" /><G102/><T98/><D87/><U57/><E120/><V111/><F111/><W34/><G34/><T67/><REACH who="0" step="1"/><D69/><REACH who="0" ten="227,247,331,185" step="2"/><U32/><E68/><V127/><F127/><W55/><G17/><T99/><D99/><U105/><E32/><AGARI ba="1,1" hai="2,7,8,26,30,32,45,47,64,66,67,92,98,103" machi="32" ten="40,1300,0" yaku="1,1,53,0" doraHai="52" doraHaiUra="38" who="0" fromWho="1" sc="227,26,247,-16,331,0,185,0" /><INIT seed="3,0,0,2,2,11" ten="253,231,331,185" oya="3" hai0="128,2,62,56,50,107,14,105,20,19,74,5,92" hai1="91,79,49,95,118,30,17,34,12,28,23,112,120" hai2="98,68,111,63,100,57,1,102,72,25,122,86,47" hai3="85,89,24,27,32,60,130,66,88,134,4,45,59"/><W87/><G134/><T37/><D37/><U82/><E112/><V133/><F72/><W64/><G130/><T52/><D74/><U115/><E115/><V10/><F111/><W77/><G77/><T90/><D128/><U76/><E120/><V119/><F119/><W55/><G4/><T44/><D2/><U93/><E118/><V117/><F117/><W48/><G32/><T108/><D5/><U132/><E132/><V84/><F68/><W80/><G66/><T125/><D125/><U7/><E34/><V71/><F71/><W15/><G15/><T67/><D108/><U58/><E95/><AGARI ba="0,0" hai="24,27,45,48,55,59,60,64,80,85,87,88,89,95" machi="95" ten="30,5800,0" yaku="7,1,8,1,54,1" doraHai="11" who="3" fromWho="1" sc="253,0,231,-58,331,0,185,58" /><INIT seed="3,1,0,4,3,10" ten="253,173,331,243" oya="3" hai0="36,99,106,131,31,59,96,133,94,124,53,24,78" hai1="85,74,116,83,56,80,82,119,71,54,9,132,76" hai2="129,34,7,87,103,35,29,123,105,58,110,68,52" hai3="23,130,115,125,93,32,17,22,121,75,90,118,5"/><W3/><G118/><T49/><D133/><U61/><E132/><V18/><F68/><W91/><G121/><T50/><D131/><U126/><E126/><V135/><F110/><W128/><G115/><T81/><D124/><U6/><E71/><V98/><F129/><N who="3" m="49771" /><G32/><T86/><D86/><U108/><E108/><V25/><F135/><W2/><G75/><T97/><D36/><U73/><E82/><V117/><F123/><W114/><G114/><T107/><D94/><U134/><E134/><V89/><F7/><W16/><G125/><T42/><D42/><U30/><E30/><V111/><F18/><N who="3" m="7275" /><G5/><T13/><D107/><U20/><E20/><N who="3" m="7722" /><G93/><T109/><D106/><U95/><E95/><V72/><F72/><W65/><G65/><T38/><D109/><U19/><E19/><V27/><F111/><W14/><G14/><T66/><D13/><U48/><E119/><V57/><F117/><W1/><AGARI ba="1,0" hai="1,2,3,90,91" m="7722,7275,49771" machi="1" ten="40,12000,1" yaku="28,2,19,1,54,1" doraHai="10" who="3" fromWho="3" sc="253,-41,173,-41,331,-41,243,123" owari="212,-18.8,132,-36.8,290,9.0,366,46.6" /></mjloggm>