<mjloggm ver="2.3"><GO type="225" lobby="0"/><UN n0="%E3%81%95%E3%81%8D%E3%81%9F%E3%81%BE%E6%9E%97%E6%AA%8E" n1="%E3%81%BF%E3%81%BF%E3%81%9A" n2="%E3%83%96%E3%83%83%E3%83%91%E3%82%AA%E3%83%96%E3%83%81%E3%82%AD%E3%83%B3" n3="%E7%B4%94%E6%BD%94%E3%83%94%E3%83%A9%E3%83%8B%E3%82%A2" dan="16,17,17,17" rate="2100.58,2201.79,2188.75,2183.67" sx="M,M,M,M"/><TAIKYOKU oya="0"/><INIT seed="0,0,0,0,3,134" ten="250,250,250,250" oya="0" hai0="44,68,83,97,102,75,65,63,58,105,19,90,108" hai1="119,6,0,10,100,35,82,8,122,118,51,85,52" hai2="92,28,49,62,104,30,13,36,81,96,34,94,121" hai3="86,110,72,113,80,1,125,54,88,101,59,46,12"/><T98/><D108/><U33/><E122/><V76/><F121/><W78/><G1/><T50/><D68/><U120/><E120/><V16/><F36/><W7/><G110/><T20/><D75/><U89/><E100/><V32/><F104/><W123/><G123/><T71/><D71/><U61/><E61/><V29/><F62/><W70/><G70/><T22/><D22/><U69/><E69/><V24/><F49/><W129/><G46/><T56/><D56/><U15/><E119/><V95/><F24/><W5/><G101/><T99/><D105/><U48/><E48/><V135/><F96/><W84/><G113/><T37/><D37/><U74/><E74/><V115/><F135/><W127/><G129/><T107/><D107/><U43/><E43/><V55/><F55/><W128/><G128/><T77/><D102/><U66/><E66/><V93/><N who="2" m="23552" /><DORA hai="21" /><V38/><F38/><W45/><G45/><T91/><D77/><U117/><E118/><V27/><F34/><W132/><G132/><T124/><D83/><U57/><REACH who="1" step="1"/><E117/><REACH who="1" ten="250,240,250,250" step="2"/><V87/><REACH who="2" step="1"/><F115/><REACH who="2" ten="250,240,240,250" step="2"/><W18/><G54/><T14/><REACH who="0" step="1"/><D124/><REACH who="0" ten="240,240,240,250" step="2"/><U53/><E53/><AGARI ba="0,3" hai="14,19,20,44,50,53,58,63,65,90,91,97,98,99" machi="53" ten="40,7700,0" yaku="1,1,2,1,8,1,53,0" doraHai="134,21" doraHaiUra="103,130" who="0" fromWho="1" sc="240,107,240,-77,240,0,250,0" /><INIT seed="0,1,0,2,2,90" ten="347,163,240,250" oya="0" hai0="43,135,97,61,55,22,99,70,96,66,117,49,62" hai1="125,40,79,33,101,83,75,15,6,130,95,129,65" hai2="25,123,19,84,126,4,64,89,16,122,36,34,119" hai3="29,102,57,1,31,124,23,86,47,48,60,131,12"/><T2/><D117/><U132/><E33/><V118/><F36/><W63/><G1/><T107/><D2/><U121/><E121/><N who="2" m="46091" /><F64/><W115/><G115/><T30/><D135/><U37/><E65/><V92/><F84/><W127/><G131/><N who="1" m="50186" /><E37/><V114/><F89/><W50/><G86/><T42/><D107/><U111/><E40/><V41/><F92/><W26/><G12/><T94/><D70/><U109/><E6/><V24/><F41/><N who="0" m="15370" /><D66/><U110/><E15/><V128/><F128/><W112/><G112/><T82/><D82/><U7/><E7/><V13/><F126/><N who="3" m="48171" /><G47/><N who="0" m="28095" /><D22/><U87/><E125/><V77/><F77/><W103/><G60/><N who="0" m="23147" /><D30/><U51/><E51/><N who="3" m="19498" /><G29/><T38/><D38/><U45/><E45/><V20/><F114/><W9/><G9/><T85/><D85/><U58/><E58/><V93/><F34/><W28/><G31/><T78/><D78/><U134/><E87/><V81/><F119/><W105/><G105/><T91/><AGARI ba="1,0" hai="91,94,96,97,99" m="23147,28095,15370" machi="91" ten="30,3000,0" yaku="8,1,52,1" doraHai="90" who="0" fromWho="0" sc="347,33,163,-11,240,-11,250,-11" /><INIT seed="0,2,0,4,1,94" ten="380,152,229,239" oya="0" hai0="71,45,9,74,69,15,111,101,41,19,90,100,62" hai1="37,68,65,26,66,43,49,14,97,56,70,132,80" hai2="88,21,2,107,33,10,5,120,72,106,22,23,92" hai3="39,67,116,1,57,20,95,30,34,78,75,52,76"/><T96/><D74/><U54/><E132/><V47/><F120/><W115/><G115/><T12/><D90/><U103/><E80/><V122/><F122/><W114/><G114/><T85/><D85/><U60/><E14/><V64/><F72/><W130/><G39/><T82/><D82/><U125/><E125/><V134/><F134/><W58/><G34/><T16/><D101/><U61/><E26/><V131/><F131/><W8/><G75/><T40/><D111/><U24/><E24/><V31/><F64/><N who="1" m="24681" /><E97/><V113/><F113/><W86/><G116/><T50/><D41/><U0/><E0/><V104/><F47/><W105/><G105/><T38/><D38/><U53/><E103/><V79/><F79/><W119/><G119/><T44/><D44/><N who="1" m="23663" /><E61/><V25/><REACH who="2" step="1"/><F33/><REACH who="2" ten="380,152,219,239" step="2"/><W93/><G78/><T7/><D7/><U118/><E118/><V55/><F55/><W91/><G52/><T83/><D62/><U42/><E42/><V46/><F46/><AGARI ba="2,1" hai="46,49,53,54,56,60,68,70" m="23663,24681" machi="46" ten="30,8000,1" yaku="35,5" doraHai="94" who="1" fromWho="2" sc="380,0,152,96,219,-86,239,0" /><INIT seed="1,0,0,5,0,30" ten="380,248,133,239" oya="1" hai0="4,83,121,113,61,2,86,24,57,88,42,67,43" hai1="78,70,109,51,50,55,25,120,8,33,106,99,32" hai2="115,71,74,63,40,97,44,98,93,26,107,85,80" hai3="69,77,116,82,122,94,89,10,64,90,68,111,1"/><U79/><E120/><V118/><F118/><W41/><G116/><T36/><D113/><U48/><E70/><V6/><F115/><W58/><G122/><T119/><D119/><U102/><E109/><V21/><F74/><W108/><G41/><T34/><D121/><U91/><E55/><V100/><F6/><N who="3" m="1359" /><G58/><T5/><D36/><U125/><E125/><V22/><F71/><N who="3" m="27211" /><G94/><T76/><D76/><U11/><E91/><V135/><F135/><W0/><G0/><T95/><D95/><U31/><E11/><V9/><F63/><W129/><G64/><T62/><D62/><U66/><E66/><V104/><F9/><W65/><G65/><T126/><D126/><U37/><E37/><V130/><F130/><W16/><G16/><T132/><D132/><U54/><E54/><V7/><F7/><N who="0" m="2634" /><D2/><U133/><E133/><V53/><F53/><W84/><G129/><T128/><D128/><U38/><E38/><V73/><F73/><W127/><G127/><T45/><D45/><U35/><REACH who="1" step="1"/><E8/><REACH who="1" ten="380,238,133,239" step="2"/><V60/><F40/><W49/><G49/><T27/><D43/><U18/><E18/><V134/><F134/><W47/><G47/><T39/><D39/><U105/><E105/><V123/><F104/><W81/><G89/><T75/><D42/><U96/><E96/><V112/><F98/><W124/><G124/><T13/><D67/><U20/><AGARI ba="0,1" hai="20,25,31,32,33,35,48,50,51,78,79,99,102,106" machi="20" ten="40,12000,1" yaku="1,1,0,1,52,3,53,0" doraHai="30" doraHaiUra="110" who="1" fromWho="1" sc="380,-40,238,130,133,-40,239,-40" /><INIT seed="1,1,0,0,2,50" ten="340,368,93,199" oya="1" hai0="15,43,103,131,65,77,117,97,92,25,34,108,23" hai1="84,48,40,71,3,20,121,130,132,82,6,4,107" hai2="19,74,122,63,91,9,93,52,96,95,7,126,81" hai3="128,76,45,112,21,89,54,47,36,27,37,114,14"/><U110/><E121/><V68/><F122/><W18/><G76/><T129/><D117/><U12/><E107/><V106/><F126/><W124/><G124/><T13/><D108/><U35/><E35/><V17/><F106/><W69/><G69/><T111/><D111/><U42/><E71/><V67/><F74/><W123/><G123/><T39/><D34/><U94/><E110/><V118/><F118/><W32/><G128/><N who="0" m="49227" /><D77/><U28/><E130/><V61/><F81/><W22/><G32/><T113/><D113/><U90/><E132/><V133/><F133/><W134/><G89/><T5/><D65/><U116/><E116/><V44/><F95/><W100/><G100/><T26/><D26/><N who="1" m="16455" /><E3/><V55/><F44/><W75/><G75/><T73/><D73/><U80/><E12/><N who="2" m="5183" /><F68/><W86/><G86/><T31/><D5/><N who="1" m="2155" /><E42/><V11/><F67/><W8/><G134/><T115/><D115/><U33/><E33/><V59/><F11/><W127/><G127/><T2/><D2/><U85/><E84/><V60/><F60/><W16/><G8/><T24/><D24/><U29/><E29/><V79/><F79/><W62/><G112/><T78/><D78/><U57/><E40/><V98/><F96/><W105/><G105/><T41/><D41/><U53/><AGARI ba="1,0" hai="48,53,57,80,82,85,90,94" m="2155,16455" machi="53" ten="30,3000,0" yaku="8,1,52,1" doraHai="50" who="1" fromWho="1" sc="340,-11,368,33,93,-11,199,-11" /><INIT seed="1,2,0,2,1,105" ten="329,401,82,188" oya="1" hai0="114,14,23,123,1,109,21,68,99,97,76,32,11" hai1="22,44,57,72,127,33,37,59,82,65,9,49,63" hai2="40,73,81,38,20,35,10,41,50,118,94,93,55" hai3="54,80,79,102,25,91,56,13,58,134,96,115,110"/><U98/><E33/><V7/><F35/><W116/><G115/><T104/><D109/><U36/><E98/><V8/><F118/><W130/><G110/><T117/><D68/><U83/><E83/><V26/><F38/><W34/><G130/><T53/><D117/><U47/><E22/><V101/><F81/><W74/><G134/><T78/><D114/><U103/><E103/><V132/><F132/><W75/><G91/><T15/><D1/><U133/><E9/><V77/><F77/><W2/><G2/><T28/><D32/><U88/><E72/><V128/><F128/><W52/><G13/><T95/><D95/><U87/><E133/><V70/><F70/><W43/><G43/><N who="2" m="16457" /><F73/><W107/><G116/><T51/><D104/><U48/><E59/><N who="2" m="33271" /><F7/><W126/><G126/><T3/><D3/><U111/><E127/><V119/><F119/><W6/><G6/><T17/><D78/><U29/><E29/><N who="2" m="17607" /><F94/><W86/><G34/><T90/><D76/><U122/><E122/><V121/><F121/><W60/><G25/><T18/><D90/><U106/><E106/><V64/><F64/><W131/><G131/><T46/><D123/><U12/><E12/><V66/><F66/><W135/><G135/><T61/><D61/><AGARI ba="2,0" hai="52,54,56,58,60,61,74,75,79,80,86,96,102,107" machi="61" ten="30,8000,1" yaku="7,1,9,1,52,2,54,1" doraHai="105" who="3" fromWho="0" sc="329,-86,401,0,82,0,188,86" /><INIT seed="2,0,0,5,2,51" ten="243,401,82,274" oya="2" hai0="75,20,97,41,123,80,40,131,119,65,127,21,38" hai1="86,114,22,30,101,99,77,135,13,8,10,29,25" hai2="90,45,83,50,12,72,125,112,58,130,15,70,56" hai3="59,0,55,81,5,39,133,73,122,126,52,44,74"/><V129/><F70/><W48/><G122/><T19/><D119/><U26/><E135/><V87/><F112/><W95/><G133/><T11/><D123/><U89/><E114/><V107/><F107/><W28/><G28/><T124/><D38/><U33/><E77/><V42/><F72/><W105/><G105/><T17/><D131/><U92/><E13/><V103/><F125/><W31/><G126/><T110/><D110/><U63/><E63/><V98/><F130/><W113/><G113/><T121/><D121/><U128/><E128/><V82/><F82/><AGARI ba="0,0" hai="8,10,22,25,26,29,30,33,82,86,89,92,99,101" machi="82" ten="30,1000,0" yaku="7,1" doraHai="51" who="1" fromWho="2" sc="243,0,401,10,82,-10,274,0" /><INIT seed="3,0,0,1,2,115" ten="243,411,72,274" oya="3" hai0="122,4,16,99,14,34,6,69,42,82,125,108,89" hai1="131,134,19,81,85,103,55,80,113,112,64,133,53" hai2="121,111,110,106,72,43,18,38,39,84,124,11,28" hai3="97,100,92,58,102,73,25,7,118,46,62,3,44"/><W70/><G73/><T56/><D122/><U9/><E103/><V49/><F72/><W2/><G70/><T135/><D69/><U54/><E64/><V8/><F106/><W130/><G130/><T45/><D34/><U52/><E131/><V23/><F28/><W63/><G7/><T120/><D120/><U33/><E33/><V40/><F84/><W1/><G102/><T90/><D108/><U104/><E104/><V116/><F49/><W98/><G98/><T50/><D135/><N who="1" m="51723" /><E55/><V26/><F121/><W15/><G15/><T24/><D125/><U123/><E123/><V74/><F74/><W20/><G62/><T32/><D32/><U132/><E132/><V12/><F124/><W129/><G129/><T76/><D24/><U83/><E85/><V105/><F105/><W127/><G127/><T13/><D13/><AGARI ba="0,0" hai="9,13,19,52,53,54,80,81,83,112,113" m="51723" machi="13" ten="40,2600,0" yaku="20,1,54,1" doraHai="115" who="1" fromWho="0" sc="243,-26,411,26,72,0,274,0" owari="217,-18.3,437,53.7,72,-42.8,274,7.4" /></mjloggm>