<mjloggm ver="2.3"><GO type="225" lobby="0"/><UN n0="%E7%B4%94%E6%BD%94%E3%83%94%E3%83%A9%E3%83%8B%E3%82%A2" n1="%E4%BF%BA%E3%81%A8%E5%A6%96%E5%A4%A2" n2="%E3%83%96%E3%83%83%E3%83%91%E3%82%AA%E3%83%96%E3%83%81%E3%82%AD%E3%83%B3" n3="%E9%A6%AC%E5%BC%95%E7%81%AB%33" dan="17,16,16,16" rate="2185.44,2253.30,2184.35,2105.88" sx="M,F,M,M"/><TAIKYOKU oya="0"/><INIT seed="0,0,0,2,2,51" ten="250,250,250,250" oya="0" hai0="30,57,56,104,87,125,96,86,106,40,19,94,7" hai1="52,135,2,48,6,20,101,72,122,107,46,37,64" hai2="129,5,102,105,63,89,126,75,44,77,81,26,118" hai3="39,50,34,90,84,110,38,120,43,41,117,45,79"/><T58/><D125/><U128/><E122/><V3/><F126/><W74/><G117/><T95/><D7/><U123/><E123/><V132/><F118/><W73/><G110/><T66/><D66/><U114/><E72/><V16/><F129/><W54/><G34/><T111/><D30/><U127/><E127/><V18/><F132/><W70/><G70/><T133/><D133/><U91/><E135/><V53/><F26/><W93/><G120/><T115/><D115/><U130/><E114/><V98/><F89/><W65/><G65/><T99/><D40/><U78/><E78/><V100/><F100/><W9/><G9/><T27/><D27/><U23/><E37/><V1/><F1/><W67/><G67/><T131/><D19/><U10/><E64/><V88/><F88/><W83/><G41/><T22/><D22/><U35/><E91/><V59/><REACH who="2" step="1"/><F44/><REACH who="2" ten="250,250,240,250" step="2"/><W8/><G39/><T4/><D131/><N who="1" m="50219" /><E35/><V85/><F85/><W62/><G38/><T47/><D47/><U97/><AGARI ba="0,1" hai="2,6,10,20,23,46,48,52,97,101,107" m="50219" machi="97" ten="30,4000,0" yaku="19,1,52,1,54,1" doraHai="51" who="1" fromWho="1" sc="250,-20,250,50,240,-10,250,-10" /><INIT seed="1,0,0,1,2,22" ten="230,300,230,240" oya="1" hai0="123,128,42,14,15,3,18,103,10,107,122,115,9" hai1="117,99,2,105,45,38,98,27,132,0,80,77,121" hai2="30,19,79,133,114,28,50,109,11,33,113,97,135" hai3="131,75,49,129,134,90,52,41,35,36,20,67,59"/><U108/><E117/><V47/><F79/><W57/><G35/><T26/><D42/><U16/><E121/><N who="0" m="46089" /><D103/><U112/><E112/><N who="2" m="43115" /><F97/><N who="1" m="36873" /><E105/><V100/><F100/><W24/><G134/><N who="2" m="51209" /><F109/><W46/><G75/><T93/><D93/><U13/><E132/><V8/><F19/><W40/><G40/><T31/><D107/><U116/><E116/><V84/><F84/><W130/><G90/><T101/><D101/><U34/><E80/><V82/><F82/><W48/><G67/><T17/><D115/><U6/><E77/><V39/><F39/><W51/><G59/><T70/><D70/><U127/><E45/><V94/><F94/><W92/><G92/><T71/><D71/><U106/><E38/><V62/><F62/><W1/><G1/><T44/><D44/><U104/><E0/><V110/><F110/><W111/><G111/><T69/><D69/><U74/><E74/><V4/><F4/><W68/><G68/><T89/><D89/><U78/><E78/><V55/><F30/><AGARI ba="0,0" hai="20,24,30,36,41,46,48,49,51,52,57,129,130,131" machi="30" ten="40,5200,0" yaku="19,1,52,1,54,1" doraHai="22" who="3" fromWho="2" sc="230,0,300,0,230,-52,240,52" /><INIT seed="2,0,0,0,4,21" ten="230,300,178,292" oya="2" hai0="106,1,135,110,50,129,59,51,101,78,102,46,5" hai1="121,40,127,105,65,82,94,95,49,25,104,33,17" hai2="90,29,130,100,114,115,66,69,61,119,132,37,68" hai3="87,32,107,55,24,8,112,99,42,11,80,77,133"/><V2/><F119/><W52/><G133/><T44/><D135/><U31/><E127/><V34/><F132/><W96/><G112/><T0/><D110/><U6/><E121/><V93/><F130/><W67/><G42/><T111/><D111/><U103/><E6/><V79/><F2/><W134/><G134/><T62/><D78/><U36/><E36/><V72/><F37/><W57/><G107/><T113/><D106/><U123/><E123/><V81/><F100/><W116/><G116/><T39/><D39/><U7/><E7/><V63/><F34/><W45/><G67/><T15/><D5/><U48/><E65/><V13/><F29/><W54/><G57/><T43/><D15/><U86/><E17/><V18/><F63/><W70/><G70/><T75/><D75/><U64/><E64/><V41/><F41/><W109/><G109/><T27/><D43/><U131/><E131/><V47/><F47/><W22/><G45/><T125/><D62/><U28/><E40/><V85/><REACH who="2" step="1"/><F69/><REACH who="2" ten="230,300,168,292" step="2"/><W97/><G32/><T74/><D129/><U19/><E31/><AGARI ba="0,1" hai="8,11,22,24,31,52,54,55,77,80,87,96,97,99" machi="31" ten="40,5200,0" yaku="8,1,52,1,54,1" doraHai="21" who="3" fromWho="1" sc="230,0,300,-52,168,0,292,62" /><INIT seed="3,0,0,2,4,56" ten="230,248,168,354" oya="3" hai0="16,13,25,45,98,57,36,116,86,59,134,108,63" hai1="46,8,24,4,54,104,23,7,20,95,6,53,105" hai2="91,2,102,51,84,123,75,29,103,11,85,48,83" hai3="32,44,117,19,14,37,58,131,22,107,72,129,5"/><W30/><G117/><T10/><D116/><U27/><E8/><V100/><F75/><W82/><G107/><T114/><D108/><U99/><E104/><V40/><F123/><W18/><G58/><T71/><D134/><U41/><E105/><V119/><F119/><W68/><G68/><T97/><D71/><U39/><E23/><V120/><F120/><W87/><G72/><T3/><D3/><U81/><E81/><V115/><F115/><W49/><G37/><T21/><D59/><U34/><E34/><V110/><F110/><W1/><G19/><T92/><D45/><U43/><E43/><V28/><F2/><W93/><G93/><T17/><D36/><U94/><E94/><V124/><F124/><W52/><G5/><T76/><D114/><U55/><REACH who="1" step="1"/><E20/><REACH who="1" ten="230,238,168,354" step="2"/><V77/><F11/><W31/><G32/><T50/><D92/><U67/><E67/><V113/><F113/><W61/><G22/><T122/><D122/><U42/><E42/><V78/><F40/><W101/><G82/><N who="0" m="47431" /><D50/><U70/><E70/><V111/><F111/><W9/><G9/><T79/><D79/><U121/><E121/><V109/><F109/><W65/><G49/><T125/><D125/><U62/><E62/><V38/><F38/><W66/><G61/><T64/><AGARI ba="0,1" hai="10,13,16,17,21,25,57,63,64,97,98" m="47431" machi="64" ten="30,4000,0" yaku="8,1,52,1,54,1" doraHai="56" who="0" fromWho="0" sc="230,50,238,-10,168,-10,354,-20" owari="280,8.0,228,-17.2,158,-34.2,334,43.4" /></mjloggm>