<mjloggm ver="2.3"><GO type="225" lobby="0"/><UN n0="%E7%99%BD%E5%92%B2%E8%8A%B1%E3%81%A1%E3%82%83%E3%82%93" n1="%E3%83%96%E3%83%83%E3%83%91%E3%82%AA%E3%83%96%E3%83%81%E3%82%AD%E3%83%B3" n2="%E9%A6%AC%E5%BC%95%E7%81%AB%33" n3="%E5%91%A8%E6%9D%B1" dan="16,16,16,17" rate="2150.95,2182.69,2149.17,2187.14" sx="F,M,M,M"/><TAIKYOKU oya="0"/><INIT seed="0,0,0,4,4,27" ten="250,250,250,250" oya="0" hai0="24,41,67,64,23,101,70,4,18,83,55,58,114" hai1="51,128,57,10,127,133,110,40,8,123,56,5,16" hai2="112,31,106,82,48,125,107,59,0,45,81,52,108" hai3="65,93,126,12,130,28,115,63,35,84,119,97,118"/><T102/><D114/><U25/><E123/><V9/><F112/><W78/><G115/><T1/><D41/><U3/><E110/><V116/><F108/><W44/><G130/><T95/><D83/><U99/><E128/><V92/><F125/><W76/><G126/><T134/><D134/><U37/><E127/><V100/><F116/><W53/><G12/><T19/><D19/><U122/><E133/><V22/><F106/><W49/><G78/><T80/><D1/><U15/><E122/><V66/><F107/><W91/><G76/><T7/><D80/><U89/><E37/><V131/><F9/><W129/><G84/><T17/><D17/><U73/><E73/><V54/><F66/><N who="0" m="25130" /><D70/><U132/><E132/><V2/><F2/><W77/><G77/><T26/><D26/><U68/><E68/><V94/><F0/><W117/><G129/><T34/><D34/><U103/><E25/><N who="2" m="16823" /><F131/><W72/><G72/><T33/><D33/><U38/><E38/><V42/><F42/><W87/><G87/><T50/><D95/><N who="2" m="36394" /><F100/><AGARI ba="0,0" hai="4,7,18,23,24,50,55,58,100,101,102" m="25130" machi="100" ten="30,1500,0" yaku="8,1" doraHai="27" who="0" fromWho="2" sc="250,15,250,0,250,-15,250,0" /><INIT seed="0,1,0,0,5,58" ten="265,250,235,250" oya="0" hai0="76,6,81,75,96,18,52,16,1,27,24,118,64" hai1="78,62,127,132,95,91,88,125,107,15,80,134,12" hai2="106,90,54,19,110,93,26,122,123,101,57,66,43" hai3="85,126,129,49,40,30,103,47,124,48,5,73,94"/><T17/><D118/><U36/><E36/><V100/><F110/><W67/><G73/><T87/><D64/><U21/><E107/><V65/><F43/><W41/><G5/><T105/><D75/><N who="1" m="43103" /><E21/><N who="2" m="13631" /><F106/><W10/><G10/><T97/><D52/><U34/><E34/><V9/><F9/><W63/><G30/><T53/><D53/><U131/><E62/><N who="2" m="36151" /><F123/><W35/><G35/><T7/><D1/><U60/><E60/><V98/><F122/><W111/><G111/><T89/><D105/><U115/><E115/><V117/><F117/><W79/><G41/><T112/><D112/><U46/><E46/><V68/><F65/><W28/><G67/><T119/><D119/><U23/><E23/><V0/><F0/><W114/><G114/><T59/><D59/><U99/><E131/><V71/><F68/><W104/><G129/><T116/><D116/><U84/><E12/><V108/><F108/><W72/><G104/><T3/><D3/><U56/><E15/><V14/><F14/><W86/><G49/><T44/><D44/><U135/><E56/><V2/><F2/><W69/><G69/><T51/><D51/><U42/><E42/><V31/><F31/><W50/><G63/><AGARI ba="1,0" hai="63,66,71,90,93,98,100,101" m="36151,13631" machi="63" ten="30,3900,0" yaku="25,1,52,2" doraHai="58" who="2" fromWho="3" sc="265,0,250,0,235,42,250,-42" /><INIT seed="1,0,0,1,5,111" ten="265,250,277,208" oya="1" hai0="23,114,127,118,44,53,99,60,54,120,9,96,15" hai1="78,94,17,90,58,102,33,125,101,115,74,5,135" hai2="66,134,62,73,25,45,95,50,49,29,1,40,6" hai3="46,34,38,7,69,24,20,26,2,130,79,117,110"/><U121/><E121/><V103/><F73/><W56/><G69/><T14/><D118/><U81/><E33/><V64/><F134/><W86/><G117/><T41/><D120/><U72/><E5/><V67/><F50/><W31/><G110/><T63/><D127/><U123/><E123/><V18/><F18/><W51/><G130/><T47/><D23/><U104/><E135/><V122/><F122/><W11/><G38/><T106/><D41/><U98/><E125/><V55/><F55/><W113/><G56/><T59/><D59/><U129/><E129/><V57/><F6/><W108/><G108/><T77/><D77/><U10/><E58/><V35/><F1/><W107/><G107/><T93/><D93/><N who="1" m="58575" /><E17/><V116/><F116/><W43/><G113/><T109/><D109/><U105/><E10/><V61/><F61/><W48/><G48/><T37/><D9/><U76/><E115/><V70/><F70/><W22/><REACH who="3" step="1"/><G26/><REACH who="3" ten="265,250,277,198" step="2"/><T128/><D128/><U88/><E104/><V89/><F25/><W52/><G52/><T36/><D106/><U132/><E132/><V131/><F131/><W91/><G91/><N who="1" m="34858" /><E105/><V97/><F67/><W92/><G92/><T75/><D114/><U27/><E27/><N who="2" m="18879" /><F66/><W84/><G84/><T119/><D119/><U65/><E65/><V32/><F64/><W4/><G4/><T39/><D39/><U126/><E126/><V13/><F49/><W80/><AGARI ba="0,1" hai="2,7,11,20,22,24,31,34,43,46,51,79,80,86" machi="80" ten="30,4000,0" yaku="1,1,0,1,53,1" doraHai="111" doraHaiUra="0" who="3" fromWho="3" sc="265,-10,250,-20,277,-10,198,50" /><INIT seed="2,0,0,5,4,40" ten="255,230,267,248" oya="2" hai0="69,117,79,55,109,123,99,113,112,85,80,91,28" hai1="126,17,9,116,86,59,103,52,71,46,124,1,44" hai2="58,101,115,82,7,41,20,132,106,32,19,10,68" hai3="16,127,77,121,98,50,35,48,12,8,23,114,128"/><V108/><F115/><N who="0" m="44106" /><D69/><U64/><E116/><V13/><F68/><W60/><G121/><T56/><D28/><U22/><E103/><V27/><F132/><W81/><G127/><N who="1" m="48682" /><E86/><V84/><F108/><W61/><G128/><T57/><D57/><U66/><E9/><V15/><F41/><W6/><G35/><T21/><D21/><U25/><E1/><V73/><F73/><W120/><G120/><T75/><D56/><U4/><E4/><V5/><F58/><W72/><G114/><T122/><D55/><U39/><E39/><V18/><F32/><W134/><G134/><T74/><D117/><U95/><E95/><V26/><F101/><W29/><G29/><T54/><D54/><U11/><E11/><V125/><F106/><W51/><REACH who="3" step="1"/><G98/><REACH who="3" ten="255,230,267,238" step="2"/><T96/><D109/><U110/><E110/><V43/><F125/><W83/><G83/><N who="0" m="45567" /><D74/><U70/><E70/><V67/><F82/><W49/><N who="3" m="12288" /><DORA hai="63" /><W53/><G53/><T87/><D87/><U38/><E71/><V62/><F84/><W104/><G104/><T89/><D99/><U36/><E36/><V47/><F43/><W31/><G31/><T130/><D130/><U118/><E38/><V93/><F47/><N who="1" m="17961" /><E118/><V14/><F62/><AGARI ba="0,1" hai="17,22,25,52,59,62,64,66" m="17961,48682" machi="62" ten="30,12000,2" yaku="18,1,52,5,54,1" doraHai="40,63" who="1" fromWho="2" sc="255,0,230,130,267,-120,238,0" /><INIT seed="3,0,0,2,0,32" ten="255,360,147,238" oya="3" hai0="43,31,34,113,80,24,59,124,83,122,3,95,5" hai1="35,12,115,114,121,56,10,45,13,128,78,84,20" hai2="92,7,49,52,22,107,106,64,37,33,44,134,97" hai3="73,91,36,104,118,94,116,109,96,69,57,105,79"/><W21/><G69/><T51/><D122/><U54/><E121/><V18/><F134/><W72/><G36/><T108/><D108/><U47/><E35/><V71/><F33/><W53/><G109/><T75/><D75/><U123/><E123/><V4/><F37/><W38/><G38/><T60/><D124/><U111/><E111/><V110/><F110/><W100/><G21/><T87/><D113/><U27/><E128/><V28/><F28/><W76/><G57/><T62/><D3/><U103/><E103/><V68/><F107/><N who="3" m="41035" /><G53/><T86/><D5/><N who="1" m="3151" /><E13/><V98/><F106/><N who="3" m="63751" /><G118/><T15/><D95/><U127/><E127/><V89/><F98/><N who="3" m="57695" /><G116/><T40/><D60/><N who="1" m="35863" /><E115/><V42/><F42/><W0/><G0/><T41/><D31/><N who="1" m="17895" /><E114/><V16/><F18/><W117/><G117/><T30/><D43/><U23/><E23/><V132/><F132/><W9/><G9/><T82/><D62/><U125/><E125/><V48/><F48/><W17/><G17/><T70/><D59/><U112/><E112/><V81/><F81/><AGARI ba="0,0" hai="45,47,78,81,84" m="17895,35863,3151" machi="81" ten="30,1000,0" yaku="8,1" doraHai="32" who="1" fromWho="2" sc="255,0,360,10,147,-10,238,0" owari="255,5.5,370,47.0,137,-36.3,238,-16.2" /></mjloggm>