<mjloggm ver="2.3"><GO type="225" lobby="0"/><UN n0="%E3%81%AF%E3%82%88%E3%81%8A%E3%81%98%E3%81%95%E3%82%93" n1="%E4%B8%89%E5%88%86%E5%B0%8F%E5%83%A7" n2="%E5%A4%8F%E9%88%B4%E9%88%B4%E5%A4%8F" n3="%E9%A6%AC%E5%BC%95%E7%81%AB%33" dan="17,16,16,16" rate="2142.13,2055.98,2117.10,2087.93" sx="M,M,F,M"/><TAIKYOKU oya="0"/><INIT seed="0,0,0,3,5,15" ten="250,250,250,250" oya="0" hai0="52,123,40,67,22,131,83,19,62,1,9,21,107" hai1="104,16,71,44,76,33,116,103,42,112,20,26,43" hai2="61,35,85,17,49,11,45,37,2,5,113,81,119" hai3="111,117,53,23,128,3,70,77,92,74,102,133,90"/><T135/><D123/><U86/><E116/><V64/><F113/><W108/><G117/><T106/><D131/><U115/><E71/><V55/><F119/><W32/><G32/><T99/><D135/><U28/><E104/><V48/><F35/><W91/><G3/><T120/><D120/><U80/><E103/><V14/><F37/><W58/><G70/><T127/><D127/><U101/><E101/><V4/><F49/><W121/><G128/><T82/><D40/><U54/><E54/><V134/><F134/><W12/><G133/><T125/><D125/><U110/><E110/><N who="3" m="42026" /><G77/><T6/><D22/><U0/><E0/><V78/><REACH who="2" step="1"/><F2/><REACH who="2" ten="250,250,240,250" step="2"/><W84/><G121/><T124/><D124/><U79/><E79/><V60/><F60/><W51/><G74/><T100/><D107/><U130/><E130/><V96/><F96/><N who="3" m="59655" /><G84/><T97/><D99/><U89/><E76/><V118/><F118/><W72/><G72/><T126/><D126/><U75/><E75/><V46/><F46/><W68/><G68/><AGARI ba="0,1" hai="4,5,11,14,17,45,48,55,61,64,68,78,81,85" machi="68" ten="30,3900,0" yaku="1,1,7,1,52,1,53,0" doraHai="15" doraHaiUra="114" who="2" fromWho="3" sc="250,0,250,0,240,49,250,-39" /><INIT seed="1,0,0,2,1,128" ten="250,250,289,211" oya="1" hai0="24,90,36,18,135,121,71,3,28,86,127,1,118" hai1="123,77,74,76,66,116,63,133,115,69,105,83,100" hai2="120,2,9,44,48,97,7,64,52,42,95,47,16" hai3="101,25,50,29,129,131,80,130,30,20,59,89,125"/><U65/><E115/><V37/><F120/><W39/><G125/><T41/><D118/><U87/><E116/><V72/><F72/><W110/><G39/><T35/><D71/><U23/><E123/><V68/><F16/><W17/><G110/><T82/><D121/><U21/><E66/><V102/><F64/><W33/><G101/><T114/><D114/><U85/><E133/><V31/><F31/><W15/><G30/><T103/><D127/><U60/><E60/><V10/><F10/><W109/><G109/><T106/><D135/><U26/><E77/><V51/><F68/><W67/><G50/><T78/><D18/><U49/><E49/><V56/><F51/><W75/><G89/><T5/><D90/><U19/><REACH who="1" step="1"/><E21/><REACH who="1" ten="250,240,289,211" step="2"/><V27/><REACH who="2" step="1"/><F27/><REACH who="2" ten="250,240,279,211" step="2"/><W126/><G126/><T14/><D24/><U6/><E6/><V57/><AGARI ba="0,2" hai="2,7,9,37,42,44,47,48,52,56,57,95,97,102" machi="57" ten="30,7900,0" yaku="1,1,2,1,0,1,54,1,53,0" doraHai="128" doraHaiUra="112" who="2" fromWho="2" sc="250,-20,240,-39,279,99,211,-20" /><INIT seed="2,0,0,1,5,129" ten="230,201,378,191" oya="2" hai0="117,14,83,107,24,10,47,53,2,80,99,132,59" hai1="131,88,79,82,70,64,62,55,94,123,40,57,9" hai2="61,26,124,35,126,19,98,102,3,91,111,65,7" hai3="93,76,18,39,52,118,31,63,6,130,17,51,78"/><V34/><F111/><W108/><G118/><T85/><D2/><U22/><E131/><V25/><F91/><W8/><G39/><T109/><D117/><U81/><E123/><V95/><F7/><W50/><G130/><T11/><D109/><U101/><E101/><V114/><F3/><W28/><G108/><T84/><D132/><U86/><E40/><V29/><F114/><W77/><G93/><T66/><D107/><U113/><E113/><V110/><F110/><W72/><G72/><T13/><D24/><U96/><E9/><V42/><F42/><W74/><G74/><T60/><D99/><U58/><E81/><V69/><F19/><N who="3" m="7179" /><G63/><T32/><D32/><U67/><E22/><V121/><F121/><W106/><G106/><T41/><D66/><U48/><E67/><V37/><F37/><W56/><G50/><N who="0" m="26991" /><D10/><U4/><REACH who="1" step="1"/><E4/><REACH who="1" ten="230,191,378,191" step="2"/><V135/><F135/><W122/><G122/><T46/><D11/><U127/><E127/><V12/><F126/><W90/><G90/><T21/><D21/><U120/><E120/><V92/><F124/><W16/><G6/><T71/><D83/><U115/><E115/><V54/><F54/><W49/><G49/><N who="0" m="28855" /><D80/><U73/><E73/><V112/><F112/><W23/><G8/><T103/><D103/><U119/><E119/><V33/><F35/><W134/><G134/><T68/><D60/><U105/><E105/><V38/><F38/><W87/><G87/><T36/><D36/><U27/><E27/><AGARI ba="0,1" hai="16,23,27,28,31,51,52,56,76,77,78" m="7179" machi="27" ten="30,3900,0" yaku="8,1,54,2" doraHai="129" who="3" fromWho="1" sc="230,0,191,-39,378,0,191,49" /><INIT seed="3,0,0,4,4,114" ten="230,152,378,240" oya="3" hai0="98,90,43,70,56,48,21,64,4,13,31,53,41" hai1="103,96,80,14,91,75,101,1,72,82,11,45,100" hai2="35,66,69,2,130,42,47,73,50,76,67,26,34" hai3="8,0,111,39,15,49,52,124,108,104,28,74,107"/><W83/><G124/><T32/><D70/><U135/><E1/><V86/><F2/><W94/><G39/><T51/><D32/><U125/><E125/><V78/><F73/><N who="1" m="28233" /><E45/><V16/><F130/><W110/><G0/><T99/><D64/><U106/><E14/><V77/><F86/><W128/><G128/><T113/><D113/><U36/><E11/><V17/><F67/><W68/><G68/><T93/><D98/><N who="1" m="61719" /><E36/><V40/><F40/><W119/><G119/><T59/><D31/><U79/><E135/><V27/><F27/><W25/><G94/><T133/><D133/><U97/><E91/><V127/><F127/><W54/><G54/><N who="0" m="31815" /><D21/><U95/><E79/><V87/><F66/><W116/><G28/><T5/><D5/><U57/><E57/><V126/><F126/><W19/><G19/><T120/><D120/><U81/><E81/><V22/><F17/><W61/><G8/><AGARI ba="0,0" hai="4,8,13,41,43,51,53,59,90,93,99" m="31815" machi="8" ten="30,1000,0" yaku="8,1" doraHai="114" who="0" fromWho="3" sc="230,10,152,0,378,0,240,-10" owari="240,4.0,152,-34.8,378,47.8,230,-17.0" /></mjloggm>