<mjloggm ver="2.3"><GO type="225" lobby="0"/><UN n0="%E5%84%AA%40%41%42%43" n1="%E3%83%B4%E3%82%A3%E3%83%AF%E3%82%B3%E3%82%B0%E3%83%8B" n2="%E7%99%BD%E5%80%89%E5%AF%9B%E4%B9%8B" n3="%E3%83%A9%E3%83%96%E3%83%AC%E3%83%BC" dan="17,17,16,16" rate="2138.96,2225.17,2118.00,2142.21" sx="M,M,M,M"/><TAIKYOKU oya="0"/><INIT seed="0,0,0,4,4,87" ten="250,250,250,250" oya="0" hai0="32,21,33,63,81,37,66,107,17,12,46,59,6" hai1="89,40,123,8,84,36,117,105,1,96,98,23,93" hai2="71,26,25,11,83,75,69,74,86,112,41,50,95" hai3="48,38,57,68,125,72,9,13,115,99,80,35,77"/><T47/><D107/><U82/><E117/><V70/><F112/><W15/><G115/><T100/><D100/><U114/><E123/><V131/><F131/><W31/><G68/><T16/><D6/><U108/><E114/><V85/><F11/><W121/><G38/><T113/><D113/><U54/><E108/><V78/><F41/><W130/><G130/><T73/><D33/><U29/><E105/><V53/><F75/><W126/><G121/><T102/><D102/><U76/><E54/><V45/><REACH who="2" step="1"/><F74/><REACH who="2" ten="250,250,240,250" step="2"/><W97/><G9/><N who="0" m="6159" /><D73/><U43/><E36/><V135/><F135/><W92/><G125/><T3/><D37/><U0/><E8/><V120/><F120/><W124/><G124/><T20/><D3/><U119/><E119/><V118/><F118/><W128/><G128/><T134/><D134/><U7/><E0/><V103/><F103/><W104/><G126/><T34/><D34/><U5/><E1/><V58/><F58/><W110/><G57/><T28/><D32/><U19/><E40/><V18/><F18/><W64/><G35/><T91/><D28/><U90/><E43/><V51/><F51/><W129/><G48/><T4/><D4/><U109/><E29/><V132/><F132/><W44/><G31/><T65/><D21/><U22/><E109/><V24/><F24/><W101/><G110/><T61/><D63/><U10/><E10/><V116/><F116/><W88/><G129/><T27/><D65/><U62/><E62/><V49/><F49/><W79/><G64/><T106/><D106/><U60/><E60/><V67/><F67/><RYUUKYOKU ba="0,1" sc="250,15,250,-15,240,15,250,-15" hai0="17,20,27,46,47,59,61,66,81,91" hai2="25,26,45,50,53,69,70,71,78,83,85,86,95" /><INIT seed="0,1,1,4,1,27" ten="265,235,255,235" oya="0" hai0="47,51,36,90,61,130,55,132,78,85,45,19,112" hai1="127,107,117,99,111,131,134,103,75,96,8,77,109" hai2="71,21,84,88,76,38,63,30,13,32,91,79,49" hai3="106,18,64,116,16,129,120,11,53,44,68,12,40"/><T128/><D112/><U73/><E117/><V57/><F38/><W110/><G116/><T24/><D24/><U105/><BYE who="0" /><E8/><V69/><F32/><W34/><G106/><T101/><D101/><N who="1" m="62631" /><E134/><V123/><F123/><W113/><G113/><T58/><D58/><U23/><E23/><V31/><F49/><W1/><G1/><T81/><D81/><N who="1" m="45231" /><E75/><V20/><F71/><W43/><G120/><T50/><D50/><U97/><E127/><V86/><F69/><W133/><G53/><T70/><D70/><U0/><E0/><V87/><F21/><W135/><G34/><T35/><D35/><U29/><E29/><N who="2" m="10763" /><F20/><W52/><G68/><T95/><D95/><N who="1" m="58815" /><E131/><UN n0="%E5%84%AA%40%41%42%43" /><V93/><F13/><W14/><G129/><T72/><D132/><U80/><E80/><N who="2" m="49159" /><F87/><W108/><G135/><T28/><D130/><U33/><E33/><V115/><F115/><W82/><G133/><T125/><D128/><U5/><E5/><V42/><F42/><W98/><G43/><T48/><D36/><U56/><E56/><V118/><F118/><W83/><G40/><T10/><D72/><U60/><E60/><V126/><F126/><W124/><G124/><T94/><D125/><U89/><E107/><V122/><F122/><W39/><G39/><T66/><D48/><U119/><E119/><V121/><F121/><W104/><G104/><T15/><D45/><U74/><E74/><V92/><F92/><AGARI ba="1,1" hai="89,92,99,109,111" m="58815,45231,62631" machi="92" ten="30,2000,0" yaku="34,2" doraHai="27" who="1" fromWho="2" sc="265,0,235,33,255,-23,235,0" /><INIT seed="1,0,0,2,4,59" ten="265,268,232,235" oya="1" hai0="85,76,130,18,36,6,33,83,95,15,22,70,81" hai1="111,53,19,101,88,84,112,113,92,93,12,123,14" hai2="122,30,78,23,8,29,43,35,11,71,60,125,50" hai3="45,3,109,102,106,47,89,51,129,38,134,105,26"/><U32/><E123/><V115/><F122/><W132/><G3/><T58/><D130/><U135/><E32/><V117/><F117/><W37/><G26/><T77/><D70/><U79/><E135/><V20/><F35/><W127/><G129/><T40/><D33/><U110/><E79/><V65/><F125/><W10/><G10/><T119/><D119/><U124/><E124/><V21/><F115/><W72/><G127/><T118/><D118/><U91/><E53/><V42/><F78/><W66/><G66/><T56/><D36/><U4/><E101/><V54/><F8/><W86/><G109/><N who="1" m="41482" /><E4/><V28/><REACH who="2" step="1"/><F11/><REACH who="2" ten="265,268,222,235" step="2"/><W13/><G132/><T98/><D6/><U67/><E67/><V64/><F64/><W16/><G134/><T87/><REACH who="0" step="1"/><D40/><REACH who="0" ten="255,268,222,235" step="2"/><U24/><E112/><V61/><F61/><W107/><G38/><T31/><D31/><U99/><E113/><V94/><F94/><W5/><G37/><T52/><D52/><U131/><E131/><V55/><F55/><W121/><G107/><T41/><D41/><U39/><E39/><V73/><F73/><W17/><G72/><T48/><D48/><U7/><E7/><V116/><F116/><W34/><G34/><T44/><D44/><AGARI ba="0,2" hai="20,21,23,28,29,30,42,43,44,50,54,60,65,71" machi="44" ten="40,2600,0" yaku="1,1,52,1,53,0" doraHai="59" doraHaiUra="2" who="2" fromWho="0" sc="255,-26,268,0,222,46,235,0" /><INIT seed="2,0,0,1,1,9" ten="229,268,268,235" oya="2" hai0="24,64,132,131,37,4,15,19,23,81,22,96,77" hai1="130,69,26,71,61,16,62,73,126,135,108,113,101" hai2="82,48,106,79,121,13,107,59,3,42,29,117,8" hai3="84,127,50,39,47,128,52,0,17,1,100,134,124"/><V10/><F117/><W43/><G100/><T98/><D37/><U51/><E73/><V88/><F121/><W87/><G128/><T14/><D131/><U27/><E130/><V102/><F29/><W40/><G134/><T72/><D132/><U91/><E135/><V56/><F3/><W67/><G67/><T65/><D4/><U83/><E101/><V32/><F8/><W112/><G112/><T7/><D7/><U20/><E108/><V90/><F32/><W105/><G105/><T86/><D72/><U74/><E113/><V54/><F42/><N who="3" m="15915" /><G39/><T68/><D68/><U119/><E119/><V78/><F59/><W28/><G28/><T5/><D5/><U2/><E126/><N who="3" m="48170" /><G17/><N who="0" m="10551" /><D24/><U66/><E2/><AGARI ba="0,0" hai="0,1,2,47,50,52,84,87" m="48170,15915" machi="2" ten="30,2000,0" yaku="18,1,54,1" doraHai="9" who="3" fromWho="1" sc="229,0,268,-20,268,0,235,20" /><INIT seed="3,0,0,2,5,106" ten="229,248,268,255" oya="3" hai0="133,75,37,20,30,73,44,36,33,99,17,103,109" hai1="87,7,54,76,26,1,19,29,22,108,84,28,47" hai2="61,38,98,100,111,66,92,6,21,118,63,112,74" hai3="78,52,24,48,128,113,79,69,130,49,127,115,70"/><W116/><G24/><N who="0" m="18631" /><D17/><U80/><E108/><V15/><F38/><N who="0" m="14954" /><D20/><U0/><E87/><V97/><F111/><W34/><G34/><T95/><D95/><U135/><E135/><V124/><F112/><W35/><G35/><T40/><D109/><U65/><E65/><V91/><F124/><W11/><G127/><T4/><D4/><U72/><E84/><V9/><F118/><W90/><G90/><T43/><D43/><U114/><E114/><V105/><F74/><N who="0" m="28170" /><D44/><U12/><E7/><V16/><REACH who="2" step="1"/><F66/><REACH who="2" ten="229,248,258,255" step="2"/><W50/><G115/><T126/><D126/><U2/><REACH who="1" step="1"/><E26/><AGARI ba="0,1" hai="6,9,15,16,21,26,61,63,91,92,97,98,100,105" machi="26" ten="30,8000,1" yaku="1,1,2,1,7,1,54,1,53,1" doraHai="106" doraHaiUra="89" who="2" fromWho="1" sc="229,0,248,-80,258,90,255,0" owari="229,-17.1,168,-33.2,348,44.8,255,5.5" /></mjloggm>