<mjloggm ver="2.3"><GO type="225" lobby="0"/><UN n0="%E3%83%96%E3%83%83%E3%83%91%E3%82%AA%E3%83%96%E3%83%81%E3%82%AD%E3%83%B3" n1="%E3%82%A4%E3%83%BC%E3%82%B1%E3%83%97%E3%83%A9" n2="%E3%83%B4%E3%83%A0%EF%BC%99%E3%81%A6" n3="%33%74%72%65%65" dan="16,17,16,17" rate="2211.96,2223.90,2175.49,2219.06" sx="M,M,M,F"/><TAIKYOKU oya="0"/><INIT seed="0,0,0,2,0,39" ten="250,250,250,250" oya="0" hai0="27,8,62,75,79,5,97,63,29,1,70,78,35" hai1="83,64,16,18,118,120,24,30,107,115,43,93,58" hai2="56,117,103,102,82,119,47,106,99,130,74,31,55" hai3="76,7,4,100,32,108,49,15,111,114,112,67,42"/><T86/><D86/><U51/><E107/><V46/><F130/><W52/><G32/><T40/><D70/><U41/><E118/><N who="2" m="45067" /><F31/><W48/><G100/><T13/><D97/><U17/><E120/><V6/><F6/><W19/><G76/><T109/><D109/><N who="3" m="42057" /><G67/><T92/><D92/><U44/><E115/><N who="3" m="44074" /><G42/><T90/><D90/><U54/><E93/><V73/><F102/><W12/><G48/><T85/><D85/><U121/><E121/><V124/><F124/><W98/><G98/><T127/><D127/><U89/><E89/><V0/><F0/><W122/><G122/><T22/><D40/><U68/><E68/><V69/><F69/><W34/><G34/><T65/><D65/><U128/><E83/><V59/><F74/><W23/><G15/><T50/><D50/><U38/><E128/><V37/><F37/><W71/><G71/><T129/><D129/><U134/><E134/><V21/><F73/><W36/><G36/><T2/><D2/><U28/><E38/><V101/><F101/><W110/><N who="3" m="42065" /><W9/><DORA hai="88" /><G9/><T80/><REACH who="0" step="1"/><D79/><REACH who="0" ten="240,250,250,250" step="2"/><U123/><E123/><V11/><F99/><W87/><G87/><T14/><D14/><U126/><E126/><V104/><F106/><W25/><G12/><T131/><D131/><U77/><E77/><V91/><F104/><W133/><G133/><T84/><D84/><U66/><E43/><V53/><F91/><W113/><G113/><T125/><D125/><U105/><E64/><V95/><F95/><W45/><AGARI ba="0,1" hai="4,7,19,23,25,45,49,52" m="44074,42065" machi="45" ten="50,3200,0" yaku="14,1,54,1" doraHai="39,88" who="3" fromWho="3" sc="240,-16,250,-8,250,-8,250,42" /><INIT seed="1,0,0,4,0,106" ten="224,242,242,292" oya="1" hai0="21,94,55,68,14,108,17,120,96,20,54,40,11" hai1="56,49,107,90,87,126,3,65,97,15,79,0,64" hai2="30,101,104,33,8,24,118,35,98,88,73,105,58" hai3="38,116,110,133,36,41,77,134,45,66,5,32,63"/><U61/><E126/><V92/><F118/><W89/><G32/><T109/><D120/><U48/><E79/><V128/><F128/><W16/><G116/><T112/><D112/><U95/><E65/><V43/><F35/><W60/><G5/><T121/><D121/><U135/><E135/><N who="3" m="51722" /><G110/><N who="0" m="42603" /><D68/><U124/><E124/><V75/><F43/><W84/><G77/><T47/><D55/><U51/><REACH who="1" step="1"/><E15/><REACH who="1" ten="224,232,242,292" step="2"/><V122/><F122/><W52/><G66/><T85/><D54/><U10/><E10/><V131/><F131/><W19/><G52/><T22/><D40/><U78/><E78/><V74/><F58/><W46/><G46/><T67/><D47/><U1/><E1/><V71/><F71/><W117/><G117/><T113/><D67/><U6/><E6/><V119/><F119/><W9/><G9/><T18/><D113/><U132/><E132/><V37/><F37/><W31/><G38/><T127/><D127/><U100/><AGARI ba="0,1" hai="0,3,48,49,51,56,61,64,87,90,95,97,100,107" machi="100" ten="30,6000,0" yaku="1,1,0,1,53,1" doraHai="106" doraHaiUra="83" who="1" fromWho="1" sc="224,-20,232,70,242,-20,292,-20" /><INIT seed="1,1,0,1,2,72" ten="204,302,222,272" oya="1" hai0="73,43,39,130,129,21,83,125,22,75,82,110,114" hai1="63,20,101,112,108,58,102,11,81,103,78,115,67" hai2="56,7,84,53,57,64,113,61,45,69,116,50,14" hai3="97,95,66,105,8,47,92,13,9,52,76,131,42"/><U77/><E108/><V117/><F113/><W0/><G131/><N who="0" m="50187" /><D114/><U34/><E34/><V26/><F26/><W128/><G128/><T121/><D110/><U40/><E40/><V107/><F107/><W1/><G66/><T17/><D125/><U55/><E115/><V88/><F57/><W19/><G105/><T49/><D39/><U89/><E112/><V80/><F7/><W135/><G135/><T104/><D104/><U126/><E126/><V120/><F120/><W37/><G8/><T60/><D121/><U31/><E11/><V68/><REACH who="2" step="1"/><F14/><REACH who="2" ten="204,302,212,272" step="2"/><W54/><G13/><T18/><D60/><U46/><E67/><V59/><F59/><W85/><G0/><T35/><D35/><U65/><E65/><V134/><F134/><W16/><G1/><T41/><D73/><U48/><E63/><V12/><F12/><W118/><G118/><AGARI ba="1,1" hai="45,50,53,56,61,64,68,69,80,84,88,116,117,118" machi="118" ten="40,2600,0" yaku="1,1,54,1,53,0" doraHai="72" doraHaiUra="111" who="2" fromWho="3" sc="204,0,302,0,212,39,272,-29" /><INIT seed="2,0,0,4,4,118" ten="204,302,251,243" oya="2" hai0="45,69,67,52,68,99,28,36,89,23,101,61,63" hai1="48,106,21,117,4,14,121,40,13,124,107,79,76" hai2="59,70,128,95,74,127,8,83,3,133,120,116,94" hai3="47,35,82,102,31,105,25,71,10,122,97,81,130"/><V56/><F116/><W39/><G130/><T64/><D89/><U32/><E32/><V62/><F128/><W58/><G71/><T9/><D9/><U24/><E117/><V103/><F127/><W34/><G34/><T42/><D28/><U98/><E124/><V114/><F114/><W50/><G122/><T17/><D52/><U91/><E121/><V72/><F120/><W44/><G58/><T119/><D119/><U108/><E108/><V109/><F133/><W19/><G39/><T110/><D110/><U113/><E113/><V16/><F3/><W104/><G104/><T38/><D45/><N who="1" m="25639" /><E107/><V73/><F83/><W55/><G44/><T123/><D42/><U15/><E4/><V88/><F109/><W66/><G66/><T5/><D5/><U86/><E98/><V7/><F7/><W60/><G60/><T77/><D77/><U96/><E96/><V100/><F70/><W49/><G49/><T90/><D90/><U29/><E106/><V26/><F59/><W129/><G129/><T115/><D115/><U46/><E46/><V65/><F94/><AGARI ba="0,0" hai="13,14,15,21,24,29,76,79,86,91,94" m="25639" machi="94" ten="30,1000,0" yaku="8,1" doraHai="118" who="1" fromWho="2" sc="204,0,302,10,251,-10,243,0" /><INIT seed="3,0,0,4,2,86" ten="204,312,241,243" oya="3" hai0="113,82,54,30,1,71,11,49,111,64,127,33,117" hai1="12,31,8,65,84,23,19,16,129,92,6,120,106" hai2="58,56,135,102,18,124,52,0,98,69,50,78,51" hai3="43,90,112,20,53,103,59,21,35,105,3,93,48"/><W121/><G112/><T39/><D117/><U73/><E120/><V79/><F69/><W37/><G121/><T118/><D118/><U114/><E114/><V99/><F0/><W42/><G35/><T34/><D113/><U72/><E106/><V85/><F124/><W67/><G3/><T123/><D123/><U2/><E129/><V97/><F135/><W100/><G67/><T32/><D39/><U9/><E31/><V91/><F18/><W104/><G104/><T132/><D127/><U77/><E65/><V17/><F17/><W133/><G133/><T119/><D119/><U7/><E19/><V10/><F10/><W29/><G29/><T36/><D36/><U60/><E60/><V41/><F102/><N who="3" m="38955" /><G105/><T57/><D132/><U25/><E77/><V38/><F38/><W81/><G81/><T27/><D111/><U130/><E130/><V28/><F28/><W62/><G37/><T109/><D109/><U125/><E125/><V61/><F41/><N who="3" m="15371" /><G62/><T14/><D1/><U115/><E115/><V5/><F5/><W83/><G83/><T44/><D71/><U95/><REACH who="1" step="1"/><E84/><AGARI ba="0,0" hai="20,21,48,53,59,84,90,93" m="15371,38955" machi="84" ten="30,2900,0" yaku="8,1,52,1" doraHai="86" who="3" fromWho="1" sc="204,0,312,-29,241,0,243,29" /><INIT seed="3,1,0,1,4,45" ten="204,283,241,272" oya="3" hai0="127,118,58,57,22,108,64,97,73,60,119,112,38" hai1="65,103,19,70,91,121,105,31,80,74,28,79,8" hai2="62,17,20,33,15,114,54,40,106,123,124,10,24" hai3="125,88,36,110,53,90,93,104,16,113,135,51,18"/><W133/><G113/><T102/><D112/><U96/><E121/><V13/><F114/><W61/><G104/><T81/><D108/><U12/><E70/><V89/><F106/><W115/><G115/><T11/><D127/><U77/><E65/><V25/><F124/><W3/><G36/><T43/><D22/><U84/><E79/><V72/><F72/><W99/><G125/><T34/><D34/><U0/><E0/><V1/><F123/><W111/><G61/><T120/><D120/><U32/><E32/><V71/><F1/><W78/><G78/><T69/><D58/><U87/><E87/><V55/><F40/><W86/><G3/><T101/><D101/><U41/><E41/><V100/><F100/><W66/><G66/><T128/><D128/><U126/><E126/><V85/><F33/><W130/><G130/><T26/><D26/><N who="2" m="10346" /><F62/><W98/><G110/><T48/><D11/><U59/><E59/><V47/><F47/><N who="3" m="27903" /><G111/><T49/><D73/><U35/><E35/><V83/><F71/><W6/><G6/><AGARI ba="1,0" hai="6,10,13,15,17,20,54,55,83,85,89" m="10346" machi="6" ten="30,1000,0" yaku="8,1" doraHai="45" who="2" fromWho="3" sc="204,0,283,0,241,13,272,-13" /><INIT seed="4,0,0,1,4,23" ten="204,283,254,259" oya="0" hai0="111,33,60,18,63,83,21,107,129,32,102,98,39" hai1="5,113,103,81,36,95,43,26,80,41,100,37,27" hai2="30,13,88,17,9,135,19,35,72,1,118,70,2" hai3="97,85,11,50,130,25,106,28,48,56,133,93,22"/><T121/><D121/><U64/><E95/><V29/><F70/><W125/><G125/><T14/><D39/><U55/><E55/><V126/><F72/><W79/><G133/><T62/><D129/><U45/><E45/><V91/><F126/><W54/><G130/><T0/><D111/><U49/><E49/><V74/><F135/><W89/><G11/><T122/><D122/><U116/><E5/><V51/><F74/><W42/><G106/><T127/><D127/><U114/><E64/><V10/><F51/><N who="3" m="30815" /><G42/><T123/><D123/><U68/><E68/><V20/><F118/><AGARI ba="0,0" hai="26,27,36,37,41,43,80,81,100,103,113,114,116,118" machi="118" ten="25,6400,0" yaku="22,2,52,2" doraHai="23" who="1" fromWho="2" sc="204,0,283,64,254,-64,259,0" owari="204,-19.6,347,44.7,190,-31.0,259,5.9" /></mjloggm>