<mjloggm ver="2.3"><GO type="225" lobby="0"/><UN n0="%41%6F%54" n1="%E3%82%8A%E3%81%93%E3%82%8A%E3%82%93%E3%81%94" n2="%E9%B4%A8%4E%45%47%49" n3="%E5%91%A8%E6%9D%B1" dan="16,17,16,17" rate="2052.47,2223.43,2086.20,2236.98" sx="M,M,M,M"/><TAIKYOKU oya="0"/><INIT seed="0,0,0,4,1,18" ten="250,250,250,250" oya="0" hai0="55,49,32,128,9,66,6,84,27,21,38,36,44" hai1="126,131,42,15,63,68,71,94,69,1,48,59,45" hai2="46,11,98,50,80,123,89,109,5,77,41,34,120" hai3="111,56,93,125,96,105,76,47,30,82,83,8,116"/><T85/><D128/><U64/><E1/><V14/><F109/><W121/><G116/><T101/><D32/><U118/><E118/><V67/><F34/><W70/><G70/><T33/><D33/><U37/><E15/><V20/><F67/><W72/><G111/><T54/><D66/><U103/><E131/><V110/><F110/><W0/><G121/><T39/><D101/><U108/><E108/><V62/><F62/><W78/><G125/><T132/><D54/><U135/><E126/><V52/><F20/><W60/><G30/><T115/><D132/><U2/><E2/><V17/><F17/><W107/><G47/><T29/><REACH who="0" step="1"/><D115/><REACH who="0" ten="240,250,250,250" step="2"/><U65/><E135/><V13/><F123/><W51/><G107/><T24/><D24/><U124/><E124/><V57/><F120/><W99/><G105/><T19/><D19/><U86/><E65/><V122/><F122/><W92/><G8/><T79/><D79/><U25/><E25/><V12/><F77/><W35/><G35/><T74/><D74/><U133/><E133/><V130/><F130/><W91/><G78/><T87/><D87/><U31/><E31/><V26/><F98/><W117/><G96/><T16/><D16/><U4/><E4/><V90/><F26/><W43/><G99/><T104/><D104/><U58/><E103/><V95/><F90/><W61/><G91/><T97/><D97/><U23/><E86/><N who="2" m="50375" /><F95/><W114/><G93/><T106/><D106/><U53/><E94/><V81/><F81/><W88/><G83/><T113/><D113/><U10/><E64/><V100/><F100/><RYUUKYOKU ba="0,1" sc="240,15,250,-15,250,15,250,-15" hai0="6,9,21,27,29,36,38,39,44,49,55,84,85" hai2="5,11,12,13,14,41,46,50,52,57" /><INIT seed="0,1,1,1,1,125" ten="255,235,265,235" oya="0" hai0="115,60,73,102,76,119,105,63,93,34,42,22,114" hai1="35,46,117,21,80,14,97,116,131,103,84,64,83" hai2="26,18,91,51,36,121,112,75,92,88,47,127,113" hai3="56,111,6,43,106,29,44,17,96,25,27,23,69"/><T104/><D34/><U11/><E35/><V15/><F121/><W120/><G120/><T70/><D119/><U124/><E124/><V32/><F127/><W19/><G111/><T31/><D42/><U94/><E64/><V79/><F36/><W86/><G69/><T128/><D93/><U61/><E61/><V59/><F59/><W130/><G130/><T133/><D76/><U62/><E62/><V2/><F2/><W57/><G6/><T0/><D73/><U123/><E123/><V4/><F4/><W16/><G27/><T48/><D0/><U90/><E131/><V132/><F132/><W74/><G74/><T110/><D48/><U7/><E46/><V126/><F126/><W52/><G86/><T58/><D102/><U122/><E122/><V89/><F79/><W49/><REACH who="3" step="1"/><G43/><REACH who="3" ten="255,235,265,225" step="2"/><T85/><D85/><U12/><E117/><V55/><F75/><W3/><G3/><T13/><D70/><U81/><REACH who="1" step="1"/><E116/><REACH who="1" ten="255,225,265,225" step="2"/><V20/><REACH who="2" step="1"/><F92/><REACH who="2" ten="255,225,255,225" step="2"/><W68/><G68/><T33/><D128/><U10/><E10/><V45/><F45/><W9/><G9/><T50/><D104/><U53/><E53/><V87/><F87/><W129/><G129/><T99/><D105/><U101/><E101/><AGARI ba="1,4" hai="16,17,19,23,25,29,44,49,52,56,57,96,101,106" machi="101" ten="40,5200,0" yaku="1,1,54,2,53,0" doraHai="125" doraHaiUra="71" who="3" fromWho="1" sc="255,0,225,-55,255,0,225,95" /><INIT seed="1,0,0,3,5,32" ten="255,170,255,320" oya="1" hai0="17,42,18,130,96,58,123,98,107,132,67,23,85" hai1="134,59,9,6,56,62,68,52,118,70,7,106,25" hai2="63,101,5,120,49,108,44,54,94,55,90,129,117" hai3="109,119,22,57,35,16,77,126,15,13,45,135,69"/><U79/><E118/><V115/><F117/><W95/><G69/><T1/><D130/><U20/><E106/><V46/><F129/><W103/><G35/><T27/><D132/><U26/><E134/><V125/><F120/><W47/><G119/><T75/><D75/><U92/><E79/><V30/><F30/><W86/><G135/><T113/><D113/><U128/><E128/><V14/><F115/><W61/><G126/><T127/><D127/><U91/><E59/><V89/><F125/><W124/><G124/><T87/><D1/><U76/><E76/><V114/><F114/><W3/><G3/><T64/><D42/><U43/><E43/><V112/><F112/><W12/><G109/><T88/><D107/><U41/><E41/><V19/><F108/><W21/><G103/><T11/><D85/><U97/><E7/><V81/><F81/><N who="3" m="47407" /><G95/><T50/><D123/><U102/><E102/><V122/><F5/><W71/><G71/><T83/><D64/><U2/><REACH who="1" step="1"/><E26/><REACH who="1" ten="255,160,255,320" step="2"/><V37/><F122/><W39/><G39/><T99/><D27/><U110/><E110/><V33/><F37/><W53/><G21/><T104/><D23/><U72/><E72/><V93/><F33/><W121/><G121/><T100/><D100/><U38/><E38/><V48/><F101/><W10/><G10/><T133/><D104/><U40/><E40/><V105/><F105/><W65/><G65/><T31/><D133/><U131/><E131/><V29/><F29/><AGARI ba="0,1" hai="2,6,9,20,25,29,52,56,62,68,70,91,92,97" machi="29" ten="30,11600,0" yaku="1,1,7,1,52,1,54,1,53,0" doraHai="32" doraHaiUra="116" who="1" fromWho="2" sc="255,0,160,126,255,-116,320,0" /><INIT seed="1,1,0,4,0,20" ten="255,286,139,320" oya="1" hai0="53,80,38,86,97,30,48,40,90,49,102,22,121" hai1="124,54,17,113,65,130,132,96,12,109,18,32,92" hai2="58,73,63,71,107,120,33,87,14,101,29,85,125" hai3="55,6,21,62,117,100,67,56,119,1,59,91,68"/><U74/><E113/><V46/><F73/><W106/><G91/><T88/><D121/><U75/><E32/><V118/><F120/><W23/><G6/><T81/><D38/><U35/><E35/><V3/><F118/><N who="3" m="45067" /><G1/><T51/><D40/><U26/><E130/><V127/><F3/><W34/><G34/><T83/><D53/><U89/><E124/><N who="2" m="47691" /><F14/><W16/><G23/><T47/><D47/><U128/><E128/><V41/><F58/><W45/><G45/><T116/><D116/><U70/><E132/><V110/><F110/><W7/><G7/><T19/><D30/><U2/><E2/><V98/><F46/><W36/><G36/><T72/><D72/><U105/><E109/><V103/><F103/><W69/><G106/><T44/><D44/><U94/><E105/><V42/><F42/><W25/><G100/><T64/><D64/><U99/><E65/><N who="2" m="41407" /><F41/><W112/><G112/><T93/><REACH who="0" step="1"/><D102/><REACH who="0" ten="245,286,139,320" step="2"/><U57/><E75/><V133/><F133/><W39/><G39/><T27/><AGARI ba="1,1" hai="19,22,27,48,49,51,80,81,83,86,88,90,93,97" machi="27" ten="30,12000,2" yaku="1,1,2,1,0,1,8,1,52,1,54,1,53,0" doraHai="20" doraHaiUra="8" who="0" fromWho="0" sc="245,133,286,-61,139,-31,320,-31" /><INIT seed="2,0,0,2,3,3" ten="378,225,108,289" oya="2" hai0="121,21,98,26,69,87,59,117,81,118,70,95,129" hai1="12,131,43,5,86,96,76,10,22,41,134,37,31" hai2="99,74,94,91,127,112,68,42,50,38,18,13,15" hai3="39,20,52,126,67,56,106,119,24,124,6,111,132"/><V103/><F38/><W130/><G106/><T71/><D121/><U19/><E131/><V123/><F112/><W53/><G119/><N who="0" m="45579" /><D59/><U79/><E134/><V23/><F123/><W105/><G105/><T47/><D47/><U32/><E96/><V8/><F127/><N who="3" m="48683" /><G39/><T27/><D129/><U90/><E32/><V77/><F68/><W55/><G130/><T61/><D61/><U78/><E31/><V48/><F42/><W16/><G132/><T30/><D26/><U133/><E37/><V4/><REACH who="2" step="1"/><F103/><REACH who="2" ten="378,225,98,289" step="2"/><W46/><G111/><T44/><D71/><U113/><E113/><V62/><F62/><N who="3" m="38343" /><G46/><T60/><D44/><U104/><E133/><V135/><F135/><W88/><G88/><N who="0" m="51311" /><D60/><U110/><E110/><V65/><F65/><W93/><G55/><T35/><D35/><U63/><E63/><V40/><F40/><W85/><G53/><T125/><D125/><U54/><E54/><V33/><F33/><W14/><G52/><T108/><D108/><U9/><E43/><V80/><AGARI ba="0,1" hai="4,8,13,15,18,23,48,50,74,77,80,91,94,99" machi="80" ten="30,11700,0" yaku="1,1,0,1,52,1,53,1" doraHai="3" doraHaiUra="89" who="2" fromWho="2" sc="378,-39,225,-39,98,127,289,-39" /><INIT seed="2,1,0,5,1,130" ten="339,186,225,250" oya="2" hai0="62,5,73,135,57,87,88,58,117,110,17,80,43" hai1="0,77,104,119,44,27,79,37,26,97,39,21,94" hai2="50,30,8,85,116,16,68,89,82,55,18,106,122" hai3="38,109,7,64,19,90,99,22,121,129,96,33,124"/><V24/><F116/><W12/><G121/><T134/><D117/><U6/><E119/><V72/><F122/><W65/><G33/><T23/><D110/><U48/><E104/><V1/><F106/><W28/><G109/><T14/><D43/><U127/><E127/><V35/><F68/><W76/><G38/><T115/><D115/><U15/><E0/><V45/><F72/><W31/><G124/><T131/><D131/><U70/><E70/><V2/><REACH who="2" step="1"/><F18/><REACH who="2" ten="339,186,215,250" step="2"/><W98/><G129/><T93/><D73/><U108/><E108/><V75/><F75/><W84/><G7/><T63/><D5/><U42/><E6/><V107/><F107/><W20/><G76/><T4/><D4/><U114/><E79/><V126/><F126/><W40/><G40/><T53/><REACH who="0" step="1"/><D93/><REACH who="0" ten="329,186,215,250" step="2"/><U111/><E42/><V29/><F29/><W54/><G31/><T95/><D95/><U52/><E94/><V3/><F3/><W59/><G28/><T128/><D128/><U71/><E111/><V105/><F105/><W103/><G103/><T67/><AGARI ba="1,2" hai="14,17,23,53,57,58,62,63,67,80,87,88,134,135" machi="67" ten="30,8000,1" yaku="1,1,0,1,52,2,54,1,53,0" doraHai="130" doraHaiUra="133" who="0" fromWho="0" sc="329,103,186,-21,215,-41,250,-21" /><INIT seed="3,0,0,1,2,9" ten="432,165,174,229" oya="3" hai0="85,74,1,41,51,58,42,104,21,27,71,38,7" hai1="60,33,16,133,84,46,29,6,44,86,62,50,73" hai2="94,113,39,22,127,56,117,4,131,59,81,128,40" hai3="17,25,76,75,101,121,37,57,125,89,88,13,124"/><W54/><G37/><T80/><D71/><U2/><E73/><V72/><F117/><W115/><G121/><T108/><D104/><U96/><E133/><V103/><F113/><W111/><G115/><T105/><D105/><U36/><E36/><V122/><F127/><N who="3" m="48715" /><G101/><T107/><D107/><U77/><E96/><N who="2" m="59799" /><F122/><W49/><G111/><T92/><D74/><U45/><E77/><N who="2" m="44199" /><F22/><N who="3" m="11567" /><G25/><T78/><D27/><U112/><E112/><V100/><F4/><W79/><G75/><T66/><D7/><U52/><E29/><V126/><F126/><W5/><G5/><T34/><D38/><U65/><E33/><V118/><F100/><W93/><G89/><T110/><D34/><U35/><E35/><V31/><F31/><W129/><G129/><N who="2" m="49737" /><F118/><W19/><G19/><T67/><D108/><U120/><E120/><V68/><F68/><W114/><G114/><T119/><D110/><U20/><E6/><V32/><F32/><W87/><AGARI ba="0,0" hai="49,54,57,76,79,87,88,93" m="11567,48715" machi="87" ten="30,11700,0" yaku="25,1,18,1,52,1,54,1" doraHai="9" who="3" fromWho="3" sc="432,-39,165,-39,174,-39,229,117" /><INIT seed="3,1,0,2,5,87" ten="393,126,135,346" oya="3" hai0="11,132,97,104,102,115,113,14,38,69,22,21,121" hai1="135,101,86,119,130,84,75,91,48,82,103,72,76" hai2="49,41,65,93,110,54,60,78,124,39,96,44,125" hai3="117,9,120,133,112,26,67,131,63,127,12,73,92"/><W88/><G120/><T20/><D121/><U50/><E130/><V108/><F78/><W17/><G117/><T126/><D126/><N who="2" m="48746" /><F93/><W62/><G127/><T74/><D132/><U30/><E30/><V31/><F31/><W118/><G118/><T25/><D74/><N who="1" m="28203" /><E48/><V15/><F15/><W45/><G112/><N who="0" m="43083" /><D69/><U116/><E50/><V109/><F96/><N who="3" m="57351" /><G73/><T52/><D52/><U19/><E19/><V80/><F80/><W42/><G133/><T36/><D25/><U83/><E135/><V107/><F107/><W85/><G131/><T23/><N who="0" m="5120" /><DORA hai="98" /><T6/><AGARI ba="1,0" hai="6,11,14,36,38,97,102,104" m="5120,43083" machi="6" ten="50,6400,0" yaku="4,1,11,1,52,1" doraHai="87,98" who="0" fromWho="0" sc="393,67,126,-17,135,-17,346,-33" owari="460,56.0,109,-39.1,118,-28.2,313,11.3" /></mjloggm>