<mjloggm ver="2.3"><GO type="225" lobby="0"/><UN n0="%72%65%6E%6B%75%6E" n1="%E6%B4%BE%E9%81%A3%E3%81%AE%E3%82%B8%E3%83%A3%E3%83%83%E3%82%AF" n2="%43%68%65" n3="%E3%81%BE%E3%81%A8%E3%81%9F" dan="17,17,16,16" rate="2237.47,2197.63,2108.50,2123.17" sx="M,M,M,M"/><TAIKYOKU oya="0"/><INIT seed="0,0,0,0,1,114" ten="250,250,250,250" oya="0" hai0="3,52,33,43,121,120,28,26,106,76,111,51,133" hai1="79,68,113,64,58,103,9,30,74,92,125,130,31" hai2="23,45,57,12,41,97,35,91,84,129,83,104,115" hai3="10,112,89,132,86,123,73,101,110,87,53,16,72"/><T1/><D106/><U66/><E68/><V5/><F115/><W77/><G112/><T32/><D43/><U56/><E113/><V119/><F35/><W69/><G69/><T29/><D76/><U50/><E125/><V46/><F129/><W27/><G101/><T61/><D61/><U18/><E130/><V55/><F104/><W65/><G65/><T126/><D126/><U39/><E39/><V122/><F122/><W11/><G77/><T134/><D51/><U47/><E79/><V40/><F97/><W99/><G99/><T102/><D52/><N who="1" m="29791" /><E74/><V85/><F119/><W2/><G73/><T17/><D102/><U96/><E18/><N who="2" m="10695" /><F5/><W8/><G72/><T24/><D17/><U25/><E9/><V48/><F84/><W131/><G86/><T95/><D95/><U90/><E103/><V93/><F93/><W105/><G11/><T71/><D71/><U78/><E78/><V62/><F46/><W82/><G10/><T60/><D60/><N who="1" m="37911" /><E25/><V75/><F75/><W34/><G27/><T44/><D44/><U116/><E116/><V80/><F80/><W128/><G128/><T127/><D127/><U59/><E66/><AGARI ba="0,0" hai="40,41,45,48,55,57,62,66,83,85,91" m="10695" machi="66" ten="30,1000,0" yaku="8,1" doraHai="114" who="2" fromWho="1" sc="250,0,250,-10,250,10,250,0" /><INIT seed="1,0,0,5,4,18" ten="250,240,260,250" oya="1" hai0="53,128,54,127,19,41,114,49,84,32,45,23,51" hai1="44,57,93,2,104,124,86,30,39,67,60,132,126" hai2="50,48,100,74,73,22,26,105,78,1,103,6,35" hai3="80,33,111,102,46,107,117,101,55,81,89,13,108"/><U65/><E2/><V24/><F35/><W92/><G33/><T56/><D32/><U15/><E104/><V110/><F105/><W112/><G46/><T133/><D133/><U66/><E132/><V68/><F68/><W115/><G55/><T42/><D128/><U9/><E30/><V95/><F95/><W69/><G69/><T14/><D127/><N who="1" m="48683" /><E39/><V43/><F1/><W36/><G13/><T72/><D72/><U116/><E44/><V131/><F6/><W76/><G107/><T70/><D70/><U16/><E116/><V130/><F78/><W129/><G129/><T71/><D71/><U83/><E93/><V122/><F110/><N who="3" m="42027" /><G36/><T79/><REACH who="0" step="1"/><D114/><REACH who="0" ten="240,240,260,250" step="2"/><N who="3" m="43561" /><G117/><T37/><D37/><U99/><E99/><V28/><F131/><W38/><G38/><T113/><D113/><U82/><E86/><V11/><F130/><W31/><G31/><T134/><D134/><U27/><E27/><V10/><F28/><W87/><G80/><AGARI ba="0,1" hai="14,19,23,41,42,45,49,51,53,54,56,79,80,84" machi="80" ten="40,5200,0" yaku="1,1,8,1,52,1,53,0" doraHai="18" doraHaiUra="119" who="0" fromWho="3" sc="240,62,240,0,260,0,250,-52" /><AGARI ba="0,0" hai="9,15,16,57,60,65,66,67,80,82,83" m="48683" machi="80" ten="30,2900,0" yaku="18,1,54,1" doraHai="18" who="1" fromWho="3" sc="302,0,240,29,260,0,198,-29" /><INIT seed="1,1,0,4,5,49" ten="302,269,260,169" oya="1" hai0="47,106,117,98,86,121,30,13,113,6,20,61,69" hai1="52,130,78,53,55,105,115,123,83,26,79,131,63" hai2="103,62,102,99,58,82,116,3,54,19,110,100,114" hai3="93,18,101,40,96,59,29,94,35,38,8,80,0"/><U24/><E105/><V72/><F116/><W2/><G35/><T75/><D75/><U132/><E115/><V33/><F114/><W11/><G29/><T135/><D113/><U28/><E123/><V56/><F33/><W17/><G40/><T74/><D74/><U50/><E132/><V51/><F3/><W87/><G38/><T129/><D117/><U108/><E108/><V46/><F110/><W66/><G2/><T34/><D129/><N who="1" m="49163" /><E63/><V89/><F58/><W85/><G0/><T81/><D34/><N who="1" m="20743" /><E26/><V124/><F124/><W84/><G80/><T88/><D30/><U134/><E134/><V44/><F44/><W111/><G111/><T60/><D135/><U21/><E21/><V122/><F122/><W109/><G109/><T65/><D61/><U95/><E95/><V97/><F19/><N who="3" m="7179" /><G66/><T1/><D20/><U77/><E83/><V76/><REACH who="2" step="1"/><F89/><REACH who="2" ten="302,269,250,169" step="2"/><N who="3" m="53415" /><G59/><AGARI ba="1,1" hai="50,52,53,55,59,77,78,79" m="20743,49163" machi="59" ten="30,12000,1" yaku="19,1,52,3,54,1" doraHai="49" who="1" fromWho="3" sc="302,0,269,133,250,0,169,-123" /><INIT seed="1,2,0,2,1,71" ten="302,402,250,46" oya="1" hai0="48,77,91,75,46,55,52,36,92,16,130,121,87" hai1="131,104,102,73,23,70,80,25,41,56,108,61,123" hai2="115,34,27,117,124,14,62,64,66,12,53,101,74" hai3="118,112,13,40,132,72,88,24,9,122,96,103,97"/><U58/><E123/><V44/><F117/><W22/><G122/><T114/><D114/><U35/><E131/><V20/><F74/><W2/><G2/><T134/><D121/><U47/><E108/><V127/><F115/><W68/><G72/><T63/><D130/><U84/><E73/><V109/><F109/><W51/><G112/><T50/><D134/><U107/><E35/><V111/><F111/><W76/><G68/><T32/><D32/><U0/><E0/><V89/><F101/><W15/><G132/><T86/><D63/><U11/><E11/><V83/><F34/><W60/><G76/><T133/><D133/><U1/><E1/><V79/><F79/><W10/><G60/><T5/><D5/><U129/><E129/><V94/><F83/><W85/><G118/><T105/><D105/><U98/><E104/><V125/><F44/><W39/><G103/><T7/><D7/><U43/><E70/><N who="2" m="42263" /><F53/><W65/><G65/><T119/><D119/><U106/><E106/><V54/><F54/><W3/><G3/><T59/><D75/><U120/><E120/><V4/><F66/><W17/><G51/><T126/><D126/><U78/><E58/><V18/><F4/><W29/><G40/><T110/><D110/><U90/><E47/><V67/><F67/><W8/><G39/><T37/><REACH who="0" step="1"/><D16/><REACH who="0" ten="292,402,250,46" step="2"/><U82/><E107/><V30/><F18/><W100/><G17/><T93/><D93/><U6/><E6/><V21/><F20/><W128/><G128/><T99/><D99/><AGARI ba="2,1" hai="12,14,21,27,30,89,94,99,124,125,127" m="42263" machi="99" ten="30,1000,0" yaku="18,1" doraHai="71" who="2" fromWho="0" sc="292,-16,402,0,250,26,46,0" /><INIT seed="2,0,0,4,5,74" ten="276,402,276,46" oya="2" hai0="102,51,115,107,62,30,89,49,4,134,71,32,122" hai1="48,38,126,77,20,7,67,25,15,69,91,120,81" hai2="70,45,33,60,84,36,129,57,132,73,94,34,131" hai3="10,13,112,65,46,14,96,100,42,78,97,76,44"/><V95/><F73/><W50/><G112/><T88/><D115/><U130/><E38/><V114/><F70/><W64/><G50/><N who="0" m="18955" /><D4/><U16/><E126/><V105/><F105/><W135/><G135/><T54/><D54/><U59/><E130/><N who="2" m="49675" /><F114/><W83/><G83/><T103/><D103/><U3/><E69/><V119/><F119/><W106/><G106/><T58/><D58/><U2/><E91/><N who="2" m="53607" /><F95/><W109/><G109/><T56/><D56/><U72/><E120/><V133/><F45/><W90/><G90/><T43/><D43/><U68/><E68/><V80/><F80/><W63/><G10/><T6/><D6/><U117/><E117/><V9/><F9/><W17/><G17/><T41/><D41/><U124/><E124/><V87/><F87/><W118/><G118/><T8/><D8/><U98/><E98/><V108/><F36/><W12/><G12/><T39/><D39/><U19/><E7/><V5/><F5/><W47/><G47/><T21/><D89/><U22/><E2/><V86/><F86/><W35/><G35/><N who="2" m="13321" /><F108/><W104/><G104/><T85/><D107/><U75/><E75/><V127/><F127/><W27/><G42/><T128/><D71/><U101/><E3/><V26/><F26/><W123/><G27/><T52/><D85/><U113/><E113/><V82/><F82/><W110/><G110/><T99/><D128/><U23/><E25/><V116/><F116/><W28/><G123/><T29/><D122/><U111/><E81/><V31/><F31/><W24/><G28/><T40/><D32/><U125/><E111/><RYUUKYOKU ba="0,0" sc="276,-10,402,-10,276,30,46,-10" hai2="57,60,132,133" /><INIT seed="2,1,0,5,5,134" ten="266,392,306,36" oya="2" hai0="109,34,115,129,33,18,62,104,36,71,56,116,79" hai1="119,113,98,66,52,40,48,78,30,54,0,24,118" hai2="80,26,70,3,76,37,97,128,5,43,28,27,32" hai3="61,39,9,108,84,55,57,42,91,107,21,20,16"/><V23/><F70/><W126/><G108/><T59/><D79/><U133/><E0/><V121/><F121/><W86/><G107/><T105/><D18/><U58/><E113/><V106/><F128/><W29/><G39/><T68/><D62/><U64/><E78/><V85/><F106/><N who="0" m="41066" /><D36/><U69/><E98/><V112/><F112/><W73/><G73/><T122/><D115/><U100/><E100/><V103/><F97/><W50/><G126/><T92/><D92/><U125/><E125/><V75/><F103/><W89/><G29/><T111/><D129/><U22/><E40/><V87/><F27/><W93/><G42/><T81/><D81/><U132/><E54/><V8/><REACH who="2" step="1"/><F23/><REACH who="2" ten="266,392,296,36" step="2"/><W95/><REACH who="3" step="1"/><G61/><REACH who="3" ten="266,392,296,26" step="2"/><T72/><D122/><U63/><E132/><V15/><F15/><AGARI ba="1,2" hai="9,15,16,20,21,50,55,57,84,86,89,91,93,95" machi="15" ten="40,8000,1" yaku="1,1,2,1,9,1,8,1,54,1,53,0" doraHai="134" doraHaiUra="65" who="3" fromWho="2" sc="266,0,392,0,296,-83,26,103" /><INIT seed="3,0,0,3,3,54" ten="266,392,213,129" oya="3" hai0="65,39,37,101,34,72,110,58,59,10,2,16,114" hai1="104,4,13,52,80,46,29,36,49,90,133,103,66" hai2="76,50,28,79,27,124,57,88,105,132,21,119,70" hai3="123,135,95,85,32,94,86,134,47,71,12,87,30"/><W42/><G71/><T128/><D34/><U45/><E29/><V3/><F119/><W122/><G30/><T24/><D72/><U18/><E66/><V127/><F70/><W0/><G12/><N who="0" m="7191" /><D2/><U55/><E4/><V121/><F132/><N who="3" m="50731" /><G32/><T68/><D101/><U1/><E1/><V51/><F121/><N who="3" m="46091" /><G0/><T84/><D24/><U48/><E36/><V82/><F3/><W112/><G47/><T111/><D84/><N who="3" m="32361" /><G42/><T40/><D114/><U8/><E133/><V26/><F26/><W61/><G61/><N who="0" m="39983" /><D128/><U75/><E45/><V115/><F115/><W56/><G56/><N who="0" m="21547" /><D40/><U100/><E46/><V78/><F57/><W102/><G112/><T11/><D11/><U81/><E8/><V97/><F127/><W77/><G102/><T96/><D39/><U83/><E100/><V126/><F126/><W60/><G60/><T6/><D6/><U91/><E103/><V63/><F124/><W129/><G129/><T131/><D131/><U33/><E33/><V38/><F38/><W9/><G9/><T19/><D19/><U106/><E18/><V14/><F14/><W93/><N who="3" m="32369" /><W118/><DORA hai="113" /><G77/><T120/><D120/><U130/><E130/><V44/><F63/><W20/><G20/><T74/><D37/><U22/><E22/><V31/><F31/><W117/><AGARI ba="0,0" hai="93,94,95,117,118" m="32369,46091,50731" machi="117" ten="50,18000,2" yaku="28,2,20,1,34,2,52,2" doraHai="54,113" who="3" fromWho="3" sc="266,-60,392,-60,213,-60,129,180" /><INIT seed="3,1,0,0,4,19" ten="206,332,153,309" oya="3" hai0="94,118,9,34,133,121,12,124,59,102,114,14,2" hai1="82,38,113,135,68,73,89,6,61,76,26,110,80" hai2="30,74,81,66,88,56,120,86,100,58,79,15,77" hai3="107,115,21,72,32,134,60,122,43,39,70,112,31"/><W42/><G122/><T117/><D59/><U83/><E38/><V40/><F120/><W123/><G123/><T78/><D78/><U28/><E113/><V47/><F100/><W22/><G32/><T44/><D44/><U29/><E6/><V54/><F30/><W13/><G107/><T3/><D121/><U51/><E29/><V16/><F66/><W62/><G72/><T87/><D87/><U119/><E89/><V130/><F130/><W10/><G134/><T92/><D102/><U48/><E80/><V111/><F111/><W98/><G70/><T52/><D9/><U128/><E83/><V91/><F91/><W69/><G69/><T103/><D103/><U50/><E110/><V0/><F0/><W67/><G39/><T53/><D124/><U85/><E128/><V101/><F101/><W4/><G31/><T129/><D129/><U41/><E135/><V55/><F55/><W93/><G112/><T104/><D133/><U11/><E11/><V25/><F25/><W33/><G33/><T5/><D5/><U106/><E73/><V116/><F116/><W97/><G97/><T125/><D125/><U126/><E126/><V84/><F74/><W99/><G98/><T18/><D34/><N who="1" m="20759" /><E106/><V65/><F65/><W132/><G132/><T63/><D104/><U36/><E119/><V105/><F105/><W35/><G35/><T90/><D114/><U1/><E1/><V17/><F17/><W127/><G127/><T46/><D18/><U57/><E68/><V7/><F16/><W108/><G115/><T109/><D117/><U49/><E41/><RYUUKYOKU ba="1,0" sc="206,0,332,0,153,0,309,0" owari="206,-19.4,332,43.2,153,-34.7,309,10.9" /></mjloggm>