<mjloggm ver="2.3"><GO type="225" lobby="0"/><UN n0="%E6%80%AA%E3%81%97%E3%81%99%E3%81%8E%E3%82%8B%E3%83%81%E3%83%BC" n1="%E3%81%BF%E3%81%BF%E3%81%9A" n2="%E3%81%95%E3%81%8D%E3%81%9F%E3%81%BE%E6%9E%97%E6%AA%8E" n3="%E7%B4%94%E6%BD%94%E3%83%94%E3%83%A9%E3%83%8B%E3%82%A2" dan="16,17,16,17" rate="2059.11,2221.87,2116.29,2183.27" sx="M,M,M,M"/><TAIKYOKU oya="0"/><INIT seed="0,0,0,3,3,25" ten="250,250,250,250" oya="0" hai0="106,50,29,39,135,8,61,104,55,67,99,1,105" hai1="62,45,19,113,71,37,3,80,114,133,86,63,22" hai2="51,110,119,120,40,129,36,26,16,108,48,85,14" hai3="41,96,7,65,72,74,111,91,5,58,6,15,78"/><T84/><D39/><U88/><E3/><V89/><F120/><W83/><G111/><N who="2" m="42537" /><F129/><W23/><G41/><T126/><D126/><U18/><E133/><V46/><F119/><W123/><G123/><T38/><D135/><U132/><E132/><V9/><F26/><W121/><G121/><T134/><D38/><U79/><E71/><V130/><F130/><W13/><G72/><T0/><D134/><U56/><E79/><V35/><F35/><W90/><G96/><T53/><D99/><U103/><E103/><V75/><F75/><W124/><G124/><T27/><D84/><U70/><E70/><V93/><AGARI ba="0,0" hai="9,14,16,36,40,46,48,51,85,89,93" m="42537" machi="93" ten="30,2000,0" yaku="14,1,54,1" doraHai="25" who="2" fromWho="2" sc="250,-10,250,-5,250,20,250,-5" /><INIT seed="1,0,0,2,4,4" ten="240,245,270,245" oya="1" hai0="134,102,85,86,27,70,119,113,118,89,126,43,41" hai1="38,74,56,105,77,73,104,14,5,125,83,123,26" hai2="122,62,94,47,19,67,52,68,48,29,128,96,46" hai3="108,12,91,92,100,97,53,116,98,50,17,124,35"/><U61/><E123/><V30/><F128/><W93/><G108/><T13/><D113/><U111/><E38/><V99/><F122/><W22/><G124/><T115/><D115/><U6/><E125/><V132/><F132/><W76/><G116/><T54/><D126/><U7/><E111/><V23/><F47/><W87/><G35/><T109/><D70/><U81/><E26/><V1/><F1/><W32/><G32/><T10/><D109/><U58/><E14/><V28/><REACH who="2" step="1"/><F94/><REACH who="2" ten="240,245,260,245" step="2"/><W25/><G97/><T49/><D134/><U57/><E61/><V133/><F133/><W79/><REACH who="3" step="1"/><G25/><AGARI ba="0,1" hai="19,23,25,28,29,30,46,48,52,62,67,68,96,99" machi="25" ten="40,5200,0" yaku="1,1,54,1,53,1" doraHai="4" doraHaiUra="15" who="2" fromWho="3" sc="240,0,245,0,260,62,245,-52" /><INIT seed="2,0,0,5,3,44" ten="240,245,322,193" oya="2" hai0="28,2,22,83,7,48,0,20,91,52,90,62,95" hai1="31,127,32,115,125,66,3,94,75,110,123,116,17" hai2="59,102,30,24,120,73,93,100,38,119,130,98,18" hai3="131,82,96,10,13,37,46,79,60,80,50,129,77"/><V56/><F119/><W11/><G37/><T107/><D107/><U9/><E94/><V57/><F120/><W40/><G96/><T27/><D62/><U133/><E66/><V21/><F73/><W88/><G60/><T114/><D114/><U70/><E17/><V8/><F38/><W87/><G11/><T54/><D7/><U51/><E51/><V106/><F106/><W4/><REACH who="3" step="1"/><G77/><REACH who="3" ten="240,245,322,183" step="2"/><T15/><D2/><U135/><E9/><V45/><F8/><W113/><G113/><T105/><D0/><U14/><E115/><V53/><F98/><W12/><G12/><T43/><D15/><U89/><E14/><V121/><F121/><W111/><G111/><T104/><D104/><U81/><E110/><V108/><F108/><W65/><G65/><T97/><D105/><U101/><E3/><V72/><F102/><W86/><AGARI ba="0,1" hai="4,10,13,40,46,50,79,80,82,86,87,88,129,131" machi="86" ten="30,12000,2" yaku="1,1,0,1,25,2,52,1,54,1,53,0" doraHai="44" doraHaiUra="35" who="3" fromWho="3" sc="240,-30,245,-30,322,-60,183,130" /><INIT seed="3,0,0,1,0,76" ten="210,215,262,313" oya="3" hai0="41,28,27,52,102,70,10,53,117,40,11,91,44" hai1="65,3,114,7,74,12,49,13,100,23,127,69,2" hai2="38,31,0,86,115,95,131,24,116,119,104,118,94" hai3="78,101,37,89,18,29,75,126,99,60,1,103,109"/><W98/><G37/><T46/><D117/><U135/><E74/><V122/><F0/><N who="1" m="41" /><E100/><N who="3" m="38474" /><G1/><T43/><D70/><U107/><E49/><V42/><F115/><W125/><G29/><T120/><D120/><U63/><E107/><V72/><F72/><W84/><G109/><T55/><D102/><U133/><E114/><V45/><F104/><W32/><G32/><T123/><D123/><U88/><E7/><V80/><F122/><W77/><G18/><T15/><D91/><U4/><E4/><V26/><F131/><W20/><G20/><N who="0" m="15463" /><D11/><U111/><E111/><V17/><F17/><AGARI ba="0,0" hai="10,15,17,40,41,43,44,46,52,53,55" m="15463" machi="17" ten="30,2000,0" yaku="8,1,54,1" doraHai="76" who="0" fromWho="2" sc="210,20,215,0,262,-20,313,0" owari="230,-17.0,215,-28.5,242,4.2,313,41.3" /></mjloggm>