<mjloggm ver="2.3"><GO type="225" lobby="0"/><UN n0="%E3%81%94%E3%83%BC%E3%81%A9%E3%82%93" n1="%E3%82%AF%E3%82%A3%E3%82%A6" n2="%E3%83%81%E3%83%A7%E3%83%99%E3%83%83%E3%82%AF" n3="%E3%82%A2%E3%83%9E%E3%83%9D%EF%BD%9E%EF%BD%9E%E3%83%A9" dan="16,16,16,17" rate="2101.01,2068.85,2106.95,2118.79" sx="M,M,M,M"/><TAIKYOKU oya="0"/><INIT seed="0,0,0,2,5,85" ten="250,250,250,250" oya="0" hai0="107,123,11,48,44,25,119,52,27,88,99,14,40" hai1="17,105,110,93,81,31,21,3,116,104,84,66,109" hai2="13,28,102,135,8,69,39,115,75,49,63,92,47" hai3="134,1,56,95,98,103,78,94,37,112,106,5,125"/><T33/><D119/><U117/><E117/><V10/><F75/><W42/><G56/><T71/><D123/><U32/><E32/><V59/><F135/><W113/><G42/><T0/><D0/><U20/><E20/><V72/><F72/><W87/><G37/><T26/><D71/><U18/><E18/><V83/><F83/><N who="3" m="47607" /><G5/><T118/><D118/><U96/><E96/><V23/><F39/><W43/><G43/><T36/><D33/><U29/><E29/><V9/><F69/><W97/><G1/><T74/><D74/><U22/><E22/><V65/><F115/><N who="3" m="44107" /><G125/><T124/><D124/><U90/><E90/><V79/><F79/><W120/><G120/><T100/><D88/><U38/><E38/><V45/><F49/><W35/><G35/><T130/><D130/><U58/><E58/><V61/><F61/><W76/><G134/><T126/><D126/><U53/><E53/><V64/><F64/><W108/><G108/><T15/><REACH who="0" step="1"/><D11/><REACH who="0" ten="240,250,250,250" step="2"/><U12/><E12/><V121/><F121/><W55/><G76/><T67/><D67/><U127/><E127/><V122/><F122/><W50/><G98/><T70/><D70/><U7/><E7/><V128/><F128/><W4/><G4/><T34/><D34/><U62/><E62/><V80/><F13/><W111/><G111/><T16/><D16/><U2/><E2/><V131/><F131/><W129/><G129/><T68/><D68/><U132/><E132/><V82/><F82/><W89/><G89/><T41/><D41/><U19/><E19/><V24/><F80/><W30/><G30/><RYUUKYOKU ba="0,1" sc="240,10,250,-30,250,10,250,10" hai0="14,15,25,26,27,36,40,44,48,52,99,100,107" hai2="8,9,10,23,24,28,45,47,59,63,65,92,102" hai3="50,55,94,95,97,103,106" /><INIT seed="0,1,1,2,0,56" ten="250,220,260,260" oya="0" hai0="135,68,3,71,34,127,112,41,58,60,62,120,91" hai1="122,53,74,79,89,100,29,45,115,132,130,49,83" hai2="131,77,4,38,33,105,76,25,7,75,43,42,98" hai3="35,103,85,27,11,0,101,108,9,82,96,30,73"/><T107/><D112/><U6/><E6/><N who="2" m="2091" /><F38/><W22/><G108/><T12/><D3/><U16/><E16/><V81/><F75/><W17/><G73/><T113/><D113/><U40/><E40/><N who="2" m="15403" /><F81/><W106/><G103/><T93/><D120/><U18/><E18/><V90/><F131/><W125/><G125/><T36/><D127/><U50/><E50/><V95/><F105/><W94/><G106/><T119/><D119/><U110/><E110/><V31/><F33/><W133/><G133/><T15/><D135/><U97/><E97/><V8/><F8/><W86/><G86/><T99/><D34/><U24/><E24/><V14/><F14/><W26/><G0/><T118/><D118/><U84/><E84/><V128/><F128/><W69/><G69/><T70/><D107/><U47/><E47/><V10/><F10/><W32/><G32/><T64/><REACH who="0" step="1"/><D62/><REACH who="0" ten="240,220,260,260" step="2"/><U13/><E13/><V123/><F123/><W121/><G121/><T88/><D88/><AGARI ba="1,2" hai="9,11,17,22,26,27,30,35,82,85,88,94,96,101" machi="88" ten="30,2000,0" yaku="7,1,54,1" doraHai="56" who="3" fromWho="0" sc="240,-23,220,0,260,0,260,43" /><INIT seed="1,0,0,3,0,9" ten="217,220,260,303" oya="1" hai0="89,54,126,133,26,71,122,55,110,90,66,68,7" hai1="73,14,47,91,19,115,12,93,24,18,70,102,78" hai2="53,39,88,45,130,49,16,63,28,36,105,59,62" hai3="40,3,35,106,134,99,43,65,64,116,112,33,69"/><U100/><E100/><V123/><F123/><W5/><G112/><T131/><D122/><U127/><E127/><V120/><F105/><W129/><G3/><T4/><D126/><U80/><E80/><V20/><F28/><W108/><G5/><N who="0" m="2123" /><D26/><U30/><E30/><V29/><F29/><W97/><G69/><N who="0" m="26699" /><D66/><U74/><E115/><V56/><F130/><W51/><G51/><T96/><D96/><U87/><E102/><V2/><F2/><W22/><G22/><T119/><D119/><U81/><E74/><V107/><F107/><W0/><G0/><T77/><D77/><U34/><E47/><V17/><F36/><W79/><G79/><T75/><D75/><U101/><E70/><V114/><F39/><W52/><G129/><T44/><D131/><U113/><E113/><V82/><F114/><W98/><G65/><T10/><D110/><U85/><E34/><V57/><F120/><W104/><G64/><T8/><D133/><U111/><E111/><V23/><F20/><W95/><G134/><T1/><D1/><U25/><E73/><V37/><F37/><W94/><G108/><T46/><D8/><N who="1" m="6407" /><E101/><V135/><F135/><W84/><G116/><T11/><D11/><AGARI ba="0,0" hai="11,14,19,24,25,78,81,85,87,91,93" m="6407" machi="11" ten="30,5800,0" yaku="8,1,52,2" doraHai="9" who="1" fromWho="0" sc="217,-58,220,58,260,0,303,0" /><INIT seed="1,1,0,1,3,11" ten="159,278,260,303" oya="1" hai0="69,47,104,117,29,56,26,68,41,51,133,84,80" hai1="40,82,54,58,74,24,115,20,61,64,46,30,108" hai2="135,14,67,111,63,5,34,35,131,134,85,44,38" hai3="89,12,112,118,39,60,28,18,77,49,45,0,126"/><U6/><E115/><V106/><F106/><W132/><G0/><T21/><D133/><N who="2" m="50698" /><F111/><W70/><G39/><T99/><D117/><U19/><E108/><V105/><F105/><W7/><G7/><T87/><D87/><U27/><E6/><V9/><F131/><W4/><G4/><T129/><D129/><U107/><E107/><V13/><F85/><W62/><G70/><T78/><REACH who="0" step="1"/><D56/><REACH who="0" ten="149,278,260,303" step="2"/><N who="1" m="36903" /><E74/><V43/><F14/><W94/><G12/><T32/><D32/><U95/><E46/><V109/><F109/><W73/><G45/><T52/><D52/><U122/><E122/><V55/><F55/><W25/><G132/><T88/><D88/><U10/><E40/><V124/><F124/><W33/><G89/><T97/><D97/><U86/><E58/><AGARI ba="1,1" hai="5,9,13,34,35,38,43,44,58,63,67" m="50698" machi="58" ten="30,2000,0" yaku="20,1,52,1" doraHai="11" who="2" fromWho="1" sc="149,0,278,-23,260,33,303,0" /><INIT seed="2,0,0,5,1,64" ten="149,255,293,303" oya="2" hai0="124,15,63,70,109,72,7,58,69,14,38,86,85" hai1="44,81,122,56,50,80,19,102,88,5,94,9,32" hai2="0,28,31,107,8,131,116,134,100,127,25,21,27" hai3="121,97,91,65,112,2,84,54,1,133,114,62,118"/><V61/><F116/><W20/><G121/><T33/><D72/><U57/><E32/><V96/><F131/><W67/><G133/><T83/><D109/><U13/><E122/><V47/><F134/><W39/><G39/><T132/><D132/><U10/><E102/><V119/><F119/><W23/><G97/><T103/><D38/><U29/><E29/><V125/><F47/><W129/><G129/><T90/><D124/><N who="2" m="47690" /><F61/><W113/><G54/><T74/><D74/><U24/><E57/><V71/><F71/><N who="3" m="42423" /><G67/><T93/><D33/><U35/><E35/><N who="2" m="20879" /><F8/><W26/><G118/><T16/><D7/><U111/><E56/><V130/><F130/><W36/><G36/><T6/><D6/><U104/><E104/><V51/><F51/><W49/><G49/><T126/><D126/><U73/><E111/><V34/><F21/><N who="3" m="8267" /><G26/><T55/><D103/><U12/><E24/><V59/><F59/><W76/><G76/><T110/><D110/><U82/><E73/><V128/><F128/><W101/><G101/><T98/><D98/><U18/><E5/><V77/><F77/><W68/><G68/><T106/><D106/><U3/><E3/><AGARI ba="0,0" hai="0,3,27,31,34,96,100,107" m="20879,47690" machi="3" ten="30,2900,0" yaku="18,1,23,1" doraHai="64" who="2" fromWho="1" sc="149,0,255,-29,293,29,303,0" /><INIT seed="2,1,0,3,4,106" ten="149,226,322,303" oya="2" hai0="99,44,62,109,111,101,126,100,28,8,63,15,24" hai1="75,32,88,124,13,1,133,125,102,79,71,27,56" hai2="59,2,35,55,72,76,47,23,60,29,113,16,37" hai3="34,83,40,33,127,20,45,110,10,38,39,3,73"/><V43/><F113/><W130/><G20/><T4/><D126/><N who="1" m="48747" /><E71/><V84/><F35/><N who="3" m="13323" /><G110/><T46/><D101/><U129/><E1/><V104/><F104/><W9/><G9/><T42/><D111/><U66/><E102/><V7/><F29/><W103/><G103/><T87/><D87/><U6/><E129/><V134/><F134/><W123/><G130/><T61/><D109/><U74/><E79/><V30/><F30/><W65/><G65/><T80/><D80/><U18/><E133/><V54/><F84/><W5/><G123/><T22/><REACH who="0" step="1"/><D42/><REACH who="0" ten="139,226,322,303" step="2"/><U81/><E81/><N who="2" m="45191" /><F43/><W14/><G127/><T86/><D86/><U97/><E97/><V26/><F37/><W51/><G39/><T31/><D31/><N who="1" m="19583" /><E88/><V64/><F55/><W82/><G82/><T120/><D120/><U53/><E66/><V92/><F64/><W121/><G121/><T107/><AGARI ba="1,1" hai="4,8,15,22,24,28,44,46,61,62,63,99,100,107" machi="107" ten="30,2000,0" yaku="1,1,0,1,53,0" doraHai="106" doraHaiUra="85" who="0" fromWho="0" sc="139,33,226,-6,322,-11,303,-6" /><INIT seed="3,0,0,1,3,48" ten="172,220,311,297" oya="3" hai0="23,115,89,107,68,118,20,18,80,33,26,92,52" hai1="73,39,128,82,22,135,21,2,13,59,75,46,84" hai2="81,56,42,94,133,58,50,91,102,79,130,105,66" hai3="3,103,38,77,65,6,100,117,7,90,132,104,120"/><W44/><G120/><T35/><D118/><U112/><E2/><V31/><F31/><W78/><G117/><T119/><D119/><U86/><E112/><V4/><F4/><N who="3" m="1579" /><G104/><T114/><D68/><U121/><E121/><V85/><F66/><W106/><G106/><T108/><D107/><U134/><E128/><V67/><F67/><W123/><G38/><T32/><D108/><U14/><E59/><V63/><F63/><W98/><G3/><T124/><D80/><U71/><E71/><V0/><F0/><W36/><G36/><T131/><D131/><U88/><E39/><V51/><F105/><W113/><G65/><T47/><D124/><U11/><E46/><N who="2" m="25943" /><F102/><N who="3" m="38955" /><G132/><N who="1" m="50730" /><E86/><N who="2" m="48447" /><F133/><W1/><G1/><T30/><D47/><U61/><E61/><V16/><F130/><W96/><G113/><T25/><REACH who="0" step="1"/><D52/><REACH who="0" ten="162,220,311,297" step="2"/><U8/><E75/><V37/><F56/><W116/><G116/><T126/><D126/><U5/><E73/><V101/><F58/><W49/><G123/><T129/><D129/><U10/><E5/><V9/><F37/><W45/><G45/><T111/><D111/><U70/><E70/><V54/><F54/><W15/><G44/><T127/><D127/><U19/><E82/><V24/><F51/><W110/><G49/><T64/><D64/><U17/><E84/><AGARI ba="0,1" hai="18,20,23,25,26,30,32,33,35,84,89,92,114,115" machi="84" ten="40,1300,0" yaku="1,1,53,0" doraHai="48" doraHaiUra="125" who="0" fromWho="1" sc="162,23,220,-13,311,0,297,0" owari="185,-31.5,207,-19.3,311,41.1,297,9.7" /></mjloggm>