<mjloggm ver="2.3"><GO type="225" lobby="0"/><UN n0="%E3%83%81%E3%83%AF%E3%83%AF%E9%9A%8A%E9%95%B7" n1="%E3%81%90%E3%81%A1%E3%82%84%E3%81%BE" n2="%E5%B8%86%E7%AB%8B%E5%A4%8F%E8%A1%A3" n3="%E3%80%90%E3%83%88%E3%83%AA%E3%83%A5%E3%83%95%E3%80%91" dan="16,16,17,16" rate="2097.07,2142.49,2159.65,2111.14" sx="M,M,M,M"/><TAIKYOKU oya="0"/><INIT seed="0,0,0,2,1,59" ten="250,250,250,250" oya="0" hai0="64,35,96,45,73,111,50,100,26,47,21,44,122" hai1="128,93,101,97,107,63,126,81,123,78,72,121,77" hai2="113,69,74,43,68,51,67,80,110,92,27,28,19" hai3="1,14,98,15,70,57,103,125,61,46,20,133,117"/><T40/><D122/><N who="1" m="46603" /><E63/><V55/><F113/><W116/><G1/><T105/><D73/><N who="1" m="43183" /><E128/><V0/><F110/><W33/><G33/><T38/><D111/><U130/><E130/><V13/><F0/><W30/><G70/><T7/><D35/><U84/><E126/><V131/><F131/><W91/><G125/><T132/><D132/><U65/><E65/><V31/><F43/><W23/><G133/><T82/><D82/><N who="1" m="47191" /><E72/><V102/><F80/><W29/><G57/><T109/><D109/><U6/><E6/><V76/><F76/><W87/><G46/><T16/><D7/><U60/><E60/><V62/><F74/><W54/><G61/><T42/><D64/><U36/><E36/><V88/><F69/><W94/><G54/><T5/><D5/><U135/><E135/><V24/><F31/><W124/><G124/><T10/><D10/><U2/><E2/><V49/><F49/><W85/><G30/><T114/><D44/><U25/><E25/><V66/><F66/><W22/><G29/><T118/><D38/><U34/><E34/><V75/><F75/><W95/><G14/><T99/><D45/><U52/><E52/><V120/><F120/><W11/><REACH who="3" step="1"/><G87/><REACH who="3" ten="250,250,250,240" step="2"/><T108/><D108/><U8/><E8/><N who="2" m="6567" /><F28/><W134/><G134/><T127/><D127/><U115/><E115/><V9/><F9/><W3/><G3/><T112/><D112/><U83/><E83/><V56/><F27/><W53/><G53/><T71/><D114/><U41/><E41/><V119/><F24/><W37/><G37/><T89/><D40/><U79/><E79/><RYUUKYOKU ba="0,1" sc="250,-15,250,15,250,-15,240,15" hai1="93,97,101,107" hai3="11,15,20,22,23,85,91,94,95,98,103,116,117" /><INIT seed="1,1,1,1,2,109" ten="235,265,235,255" oya="1" hai0="30,130,4,2,58,74,6,122,79,48,131,28,34" hai1="25,107,95,104,46,40,78,132,110,31,18,111,23" hai2="119,24,38,56,113,91,117,105,42,94,88,67,51" hai3="55,89,14,125,84,65,93,50,81,35,8,45,64"/><U80/><E95/><V43/><F105/><W87/><G35/><T54/><D122/><U115/><E132/><V73/><F73/><W101/><G125/><T128/><D2/><U63/><E63/><V103/><F38/><W11/><G11/><T77/><D74/><N who="1" m="43095" /><E18/><V19/><F117/><W100/><G100/><T36/><D36/><N who="1" m="21767" /><E115/><V33/><F113/><W62/><G62/><T26/><REACH who="0" step="1"/><D28/><REACH who="0" ten="225,265,235,255" step="2"/><U133/><E133/><V3/><F3/><W17/><REACH who="3" step="1"/><G101/><REACH who="3" ten="225,265,235,245" step="2"/><T27/><D27/><U124/><E124/><V60/><F103/><W116/><G116/><T75/><D75/><U106/><E111/><V39/><F24/><W21/><G21/><T16/><D16/><U85/><E110/><V92/><F19/><W135/><G135/><T72/><D72/><U61/><E25/><V15/><F119/><W53/><G53/><T57/><D57/><U114/><E23/><V44/><F15/><W83/><G83/><T96/><D96/><U70/><E31/><V108/><F108/><W52/><G52/><T123/><D123/><U9/><E114/><V90/><F33/><W120/><G120/><T69/><D69/><U66/><E70/><V41/><F39/><W7/><G7/><AGARI ba="1,3" hai="4,6,7,26,30,34,48,54,58,77,79,128,130,131" machi="7" ten="40,2600,0" yaku="1,1,19,1,53,0" doraHai="109" doraHaiUra="10" who="0" fromWho="3" sc="225,59,265,0,235,0,245,-29" /><INIT seed="2,0,0,5,4,79" ten="284,265,235,216" oya="2" hai0="46,58,118,38,27,114,16,78,132,37,90,55,13" hai1="41,69,32,71,110,48,49,6,17,93,67,62,108" hai2="100,4,42,18,0,12,43,102,106,34,121,28,26" hai3="20,129,35,81,15,2,96,54,63,107,52,31,133"/><V91/><F121/><W128/><G2/><T109/><D114/><U92/><E32/><V3/><F3/><W44/><G35/><T73/><D109/><N who="1" m="42091" /><E71/><V61/><F61/><W82/><G133/><T9/><D132/><U134/><E134/><V87/><F106/><W64/><G31/><T21/><D118/><U75/><E75/><V104/><F104/><W56/><G20/><T7/><D46/><N who="1" m="25679" /><E6/><V70/><F70/><W130/><G15/><T116/><D116/><U68/><E68/><V101/><F4/><W95/><G107/><T11/><D11/><U98/><E17/><V40/><F0/><W94/><G94/><N who="1" m="36458" /><E49/><V105/><F105/><W86/><G86/><T103/><D37/><U112/><E98/><V1/><F1/><W120/><G120/><T24/><D38/><U123/><E123/><V76/><F76/><W115/><G115/><AGARI ba="0,0" hai="62,67,69,112,115" m="36458,25679,42091" machi="115" ten="30,1000,0" yaku="14,1" doraHai="79" who="1" fromWho="3" sc="284,0,265,10,235,0,216,-10" /><INIT seed="3,0,0,5,0,5" ten="284,275,235,206" oya="3" hai0="77,69,23,80,50,1,37,24,72,104,54,52,15" hai1="132,4,106,117,112,30,49,95,118,46,65,87,75" hai2="10,48,119,12,51,102,44,38,11,113,123,111,79" hai3="32,76,110,28,67,121,64,124,0,41,127,56,98"/><W83/><G121/><T21/><D1/><U60/><E112/><V6/><F113/><W105/><G0/><T86/><D37/><U92/><E106/><V100/><F123/><W85/><G41/><T96/><D69/><U128/><E75/><V135/><F119/><W9/><G110/><T63/><D72/><U27/><E128/><V36/><F111/><W55/><G28/><T62/><D104/><U14/><E132/><V33/><F33/><W89/><G32/><T34/><D34/><U131/><E131/><V74/><F135/><W45/><G45/><N who="0" m="27727" /><D96/><U40/><E27/><V130/><F130/><W61/><G9/><T90/><D77/><U122/><E30/><V116/><F116/><W88/><G105/><T101/><D101/><U31/><E31/><V68/><F68/><W17/><G17/><N who="0" m="10431" /><D54/><U129/><E46/><V93/><F74/><W16/><G16/><AGARI ba="0,0" hai="16,23,24,62,63,80,86,90" m="10431,27727" machi="16" ten="30,3900,0" yaku="8,1,54,2" doraHai="5" who="0" fromWho="3" sc="284,39,275,0,235,0,206,-39" owari="323,42.3,275,7.5,235,-16.5,167,-33.3" /></mjloggm>