<mjloggm ver="2.3"><GO type="225" lobby="0"/><UN n0="%E6%98%93%E5%88%A9%E8%96%A9%E4%BC%AF" n1="%E3%83%81%E3%83%AF%E3%83%AF%E9%9A%8A%E9%95%B7" n2="%73%73%6B%5F%66%72%65%65" n3="%72%69%6F%75%63%68%61%6E" dan="17,16,16,16" rate="2158.15,2109.63,2146.22,2179.56" sx="F,M,M,M"/><TAIKYOKU oya="0"/><INIT seed="0,0,0,5,2,68" ten="250,250,250,250" oya="0" hai0="69,114,21,41,98,124,28,37,84,31,27,13,91" hai1="35,135,12,96,40,81,55,23,115,134,9,80,89" hai2="75,17,110,93,131,22,46,64,70,85,79,29,119" hai3="18,6,130,43,97,71,128,66,15,60,116,44,117"/><T5/><D114/><U58/><E35/><V52/><F110/><W72/><G72/><T7/><D69/><U88/><E115/><V42/><F131/><N who="3" m="50219" /><G6/><T77/><D124/><U73/><E23/><V0/><F29/><W34/><G97/><T59/><D31/><U51/><E40/><V105/><F105/><W36/><G34/><T106/><D77/><N who="1" m="44079" /><E81/><V25/><F0/><W38/><G38/><T78/><D78/><U127/><E96/><V26/><F119/><W87/><G87/><T20/><D59/><U92/><E92/><V11/><F75/><W76/><G76/><T83/><D20/><AGARI ba="0,0" hai="15,18,20,36,43,44,60,66,71,116,117" m="50219" machi="20" ten="30,2000,0" yaku="19,1,52,1" doraHai="68" who="3" fromWho="0" sc="250,-20,250,0,250,0,250,20" /><INIT seed="1,0,0,2,3,108" ten="230,250,250,270" oya="1" hai0="44,102,73,40,83,104,120,0,12,118,24,107,86" hai1="14,36,75,61,45,122,46,127,42,56,85,97,132" hai2="84,125,18,43,2,106,31,82,90,52,60,38,66" hai3="79,1,37,65,15,80,55,92,72,26,81,131,101"/><U77/><E122/><V91/><F125/><W68/><G1/><T35/><D118/><U49/><E75/><V47/><F2/><W130/><G37/><T123/><D0/><U21/><E127/><V62/><F31/><W126/><G126/><T63/><D73/><U5/><E132/><V53/><F106/><W59/><G68/><T27/><D12/><U124/><E124/><V7/><F7/><W22/><G65/><T95/><D63/><U54/><E97/><V74/><F74/><W32/><G32/><T20/><D95/><U99/><E99/><V39/><F39/><W70/><G70/><T87/><D87/><U114/><E114/><V96/><F60/><W133/><G133/><T64/><D64/><U13/><E5/><V121/><F121/><N who="0" m="46666" /><D35/><U103/><E103/><V134/><F134/><W10/><G81/><T28/><D27/><U98/><E98/><V109/><F109/><W105/><G105/><T71/><D71/><U9/><E9/><V113/><F18/><W93/><G101/><T76/><D102/><U6/><E6/><V115/><F66/><W58/><G15/><T19/><D19/><U110/><E110/><V69/><F69/><W116/><G10/><T16/><D28/><U89/><E21/><V57/><REACH who="2" step="1"/><F53/><REACH who="2" ten="230,250,240,270" step="2"/><W4/><G4/><T33/><D33/><U100/><E54/><V48/><F48/><AGARI ba="0,1" hai="16,20,24,40,44,48,76,83,86,104,107" m="46666" machi="48" ten="30,2000,0" yaku="13,1,54,1" doraHai="108" who="0" fromWho="2" sc="230,30,250,0,240,-20,270,0" /><INIT seed="2,0,0,5,1,19" ten="260,250,220,270" oya="2" hai0="78,116,44,89,99,112,79,40,132,75,64,0,86" hai1="12,96,30,73,31,20,110,61,106,7,121,91,58" hai2="54,66,77,122,87,100,52,94,39,71,92,131,120" hai3="134,43,45,42,102,124,129,59,95,130,76,111,13"/><V38/><F131/><N who="3" m="50187" /><G111/><T11/><D112/><U117/><E117/><V1/><F1/><W88/><G124/><T118/><D132/><U97/><E73/><V81/><F66/><W125/><G125/><T84/><D64/><U28/><E110/><V70/><F100/><W115/><G134/><T24/><D99/><N who="1" m="37963" /><E121/><V65/><F65/><W85/><G115/><T16/><D75/><U34/><E106/><V2/><F2/><W23/><G102/><T32/><D86/><U3/><E3/><V55/><F122/><W68/><G68/><T41/><D41/><U49/><E34/><V6/><F6/><W35/><G35/><T101/><D101/><U82/><E49/><V53/><N who="2" m="13312" /><DORA hai="8" /><V80/><F120/><W123/><G45/><T57/><D57/><U93/><E82/><V113/><F113/><W4/><G123/><T126/><D126/><U37/><E37/><V128/><F128/><W33/><G33/><T109/><D109/><U72/><E72/><V69/><REACH who="2" step="1"/><F81/><REACH who="2" ten="260,250,210,270" step="2"/><N who="3" m="47271" /><G59/><T107/><D0/><U108/><E58/><V50/><F50/><W21/><G4/><T60/><D118/><U9/><E108/><V103/><F103/><W46/><G46/><T17/><D44/><U62/><E7/><V90/><F90/><W22/><G13/><T47/><D47/><U63/><E12/><V56/><F56/><W18/><G18/><T67/><D16/><U10/><E91/><V74/><F74/><W135/><G135/><T15/><D89/><U5/><E5/><V133/><F133/><W119/><G119/><T36/><D116/><U48/><E48/><RYUUKYOKU ba="0,1" sc="260,-15,250,-15,210,15,270,15" hai2="38,39,69,70,71,77,80,87,92,94" hai3="21,22,23,42,43,88,95" /><INIT seed="2,1,1,2,3,7" ten="245,235,225,285" oya="2" hai0="15,99,105,51,135,57,67,97,31,17,107,44,30" hai1="120,12,128,26,71,91,64,115,100,66,14,73,85" hai2="93,98,6,13,103,48,118,129,49,16,25,35,45" hai3="125,130,95,81,124,46,56,58,8,62,10,69,82"/><V23/><F118/><W61/><G69/><T42/><D135/><U88/><E115/><V21/><F129/><W104/><G104/><T1/><D1/><U9/><E73/><V53/><F35/><W131/><G95/><T33/><D107/><U60/><E128/><V63/><F63/><W36/><G46/><T108/><D108/><U40/><E120/><V39/><F39/><AGARI ba="1,1" hai="8,10,36,39,56,58,61,62,81,82,124,125,130,131" machi="39" ten="25,6400,0" yaku="22,2,52,2" doraHai="7" who="3" fromWho="2" sc="245,0,235,0,225,-67,285,77" /><INIT seed="3,0,0,5,4,13" ten="245,235,158,362" oya="3" hai0="17,107,105,42,120,23,47,7,10,94,98,18,93" hai1="52,50,61,55,22,111,46,34,56,60,115,77,133" hai2="28,86,72,124,43,49,122,82,45,125,104,16,14" hai3="53,26,54,64,9,4,112,109,25,39,88,65,51"/><W106/><G39/><T131/><D120/><U95/><E34/><V92/><F104/><W11/><G106/><T1/><D94/><U0/><E115/><V130/><F122/><W33/><G112/><T79/><D79/><U20/><E0/><V3/><F3/><W12/><G109/><T121/><D131/><U36/><E111/><V29/><F130/><W75/><G75/><T127/><D127/><U91/><E133/><V126/><F72/><W38/><G38/><T71/><D71/><U132/><E132/><V66/><F66/><W62/><G33/><T83/><D83/><U96/><E36/><V8/><REACH who="2" step="1"/><F92/><REACH who="2" ten="245,235,148,362" step="2"/><W2/><G65/><T59/><D105/><U21/><E77/><AGARI ba="0,1" hai="8,14,16,28,29,43,45,49,77,82,86,124,125,126" machi="77" ten="40,8000,1" yaku="1,1,2,1,18,1,52,1,54,1,53,0" doraHai="13" doraHaiUra="32" who="2" fromWho="1" sc="245,0,235,-80,148,90,362,0" owari="245,4.5,155,-34.5,238,-16.2,362,46.2" /></mjloggm>