<mjloggm ver="2.3"><GO type="225" lobby="0"/><UN n0="%50%69%73%38" n1="%E3%83%A9%E3%82%A4%E3%83%B3%E3%81%AE%E8%99%8E" n2="%E3%83%81%E3%83%83%E3%82%BF%E3%82%BD%E3%83%BC" n3="%74%61%6B%65%2D%79%6F%75" dan="16,16,16,16" rate="2105.64,2133.80,2115.10,2095.11" sx="M,M,F,M"/><TAIKYOKU oya="0"/><INIT seed="0,0,0,5,5,92" ten="250,250,250,250" oya="0" hai0="3,78,4,123,13,127,33,64,77,103,132,30,44" hai1="119,75,102,90,114,101,131,93,15,34,116,99,105" hai2="2,11,117,111,36,46,67,48,9,91,113,135,68" hai3="96,97,120,134,71,69,16,126,118,87,85,86,76"/><T47/><D123/><U121/><E34/><V115/><F111/><W59/><G118/><N who="1" m="45098" /><E15/><V98/><F117/><W65/><G120/><T35/><D3/><U112/><E121/><V39/><F135/><W19/><G134/><T70/><D132/><U45/><E45/><V133/><F133/><W81/><G126/><T26/><D35/><U54/><E54/><V20/><F20/><W57/><G65/><T110/><D127/><U61/><E61/><V49/><F67/><W53/><G53/><T108/><D103/><N who="1" m="39435" /><E105/><V40/><F91/><W63/><G63/><N who="0" m="40223" /><D44/><U104/><E104/><V94/><F46/><W51/><G51/><T22/><D47/><U72/><E131/><V10/><F68/><W122/><G122/><T62/><D62/><U18/><E18/><N who="3" m="6698" /><G71/><T42/><D42/><U43/><E43/><V107/><F107/><W79/><G69/><T100/><D100/><U124/><E124/><V41/><F2/><W0/><G0/><T125/><D33/><U52/><E52/><V12/><F12/><W84/><G79/><T27/><D125/><U37/><E37/><V60/><F60/><W74/><G74/><AGARI ba="0,0" hai="72,74,75,90,93,99,112,114" m="39435,45098" machi="74" ten="40,5200,0" yaku="34,2,52,1" doraHai="92" who="1" fromWho="3" sc="250,0,250,52,250,0,250,-52" /><INIT seed="1,0,0,2,0,10" ten="250,302,250,198" oya="1" hai0="64,27,118,73,95,4,90,48,7,134,35,49,87" hai1="129,68,133,101,78,107,84,100,2,102,17,104,131" hai2="115,135,79,21,62,80,126,36,30,20,6,5,85" hai3="55,15,83,39,74,58,122,13,72,33,92,111,24"/><U25/><E68/><V57/><F135/><W60/><G122/><T77/><D118/><U14/><E2/><V117/><F126/><W32/><G111/><T3/><D134/><U59/><E133/><V99/><F117/><W19/><G39/><T63/><D77/><U130/><E25/><N who="2" m="16679" /><F36/><W12/><G92/><T40/><D73/><U61/><E84/><V81/><F115/><W108/><G108/><T98/><D98/><U91/><E91/><N who="2" m="51623" /><F99/><W114/><G114/><T9/><D7/><U45/><E78/><V127/><F127/><W82/><G74/><T128/><D128/><U120/><E45/><V132/><F132/><W38/><G38/><T66/><D40/><U96/><E120/><V37/><F37/><W56/><G56/><T89/><D90/><U75/><E75/><V119/><F119/><W0/><G0/><T31/><REACH who="0" step="1"/><D64/><REACH who="0" ten="240,302,250,198" step="2"/><N who="1" m="38975" /><E96/><V123/><F123/><W97/><G97/><T116/><D116/><U65/><E65/><N who="2" m="39119" /><F79/><W94/><G72/><T113/><D113/><U112/><E112/><V121/><F121/><W86/><G86/><T54/><D54/><U69/><E131/><V67/><F67/><W22/><REACH who="3" step="1"/><G94/><REACH who="3" ten="240,302,250,188" step="2"/><T46/><D46/><U34/><E129/><V103/><F81/><AGARI ba="0,2" hai="12,13,15,19,22,24,32,33,55,58,60,81,82,83" machi="81" ten="40,8000,1" yaku="1,1,2,1,52,3,53,0" doraHai="10" doraHaiUra="109" who="3" fromWho="2" sc="240,0,302,0,250,-80,188,100" /><INIT seed="2,0,0,3,4,130" ten="240,302,170,288" oya="2" hai0="100,30,89,71,35,134,104,119,135,45,2,33,111" hai1="92,110,73,58,60,123,106,82,129,38,83,122,50" hai2="51,7,75,81,15,113,9,6,47,72,107,29,65" hai3="86,66,76,61,4,19,84,34,121,24,99,69,114"/><V120/><F113/><W90/><G121/><N who="1" m="46090" /><E106/><V77/><F120/><W80/><G114/><T64/><D111/><U31/><E38/><V0/><F107/><W125/><G125/><T78/><D119/><U22/><E110/><V49/><F72/><W128/><G128/><T62/><D78/><U12/><E129/><V93/><F29/><W70/><G4/><T108/><D108/><U67/><E73/><V3/><F6/><W105/><G69/><T18/><D2/><U55/><E92/><V21/><F65/><W23/><G34/><T32/><D89/><U131/><E131/><V59/><F21/><W98/><REACH who="3" step="1"/><G105/><REACH who="3" ten="240,302,170,278" step="2"/><T39/><D33/><U116/><E116/><V40/><REACH who="2" step="1"/><F93/><AGARI ba="0,1" hai="19,23,24,61,66,70,76,80,84,86,90,93,98,99" machi="93" ten="30,3900,0" yaku="1,1,2,1,7,1,53,0" doraHai="130" doraHaiUra="8" who="3" fromWho="2" sc="240,0,302,0,170,-39,278,49" /><INIT seed="3,0,0,0,4,9" ten="240,302,131,327" oya="3" hai0="72,111,132,107,15,36,128,30,96,93,51,44,29" hai1="5,10,121,65,135,126,7,97,117,53,79,8,102" hai2="3,22,105,50,52,57,110,83,68,33,41,67,131" hai3="12,116,28,13,25,91,42,108,11,90,103,48,70"/><W1/><G116/><T86/><D111/><U125/><E121/><V56/><F33/><W75/><G108/><T119/><D128/><U32/><E32/><V6/><F110/><W127/><G127/><N who="1" m="48650" /><E79/><V37/><F105/><W54/><G75/><T77/><D119/><U101/><E117/><V16/><F131/><W85/><G70/><T31/><D36/><U62/><E53/><V87/><F6/><W40/><G103/><T34/><D132/><U73/><E73/><V24/><F3/><W14/><G1/><T78/><D34/><U23/><E23/><V118/><F118/><W55/><G11/><T2/><D2/><N who="1" m="55" /><E97/><V45/><F68/><W122/><G55/><T80/><D107/><U20/><E20/><V92/><F92/><W113/><G122/><T81/><D51/><U63/><E135/><V18/><F67/><W66/><G66/><T98/><D44/><U26/><E26/><V47/><REACH who="2" step="1"/><F18/><REACH who="2" ten="240,302,121,327" step="2"/><W59/><G28/><T123/><D30/><U134/><E134/><V104/><F104/><W17/><G17/><T60/><D29/><U4/><E4/><V64/><F64/><W76/><G113/><T109/><D31/><U84/><E84/><V43/><F43/><W94/><G42/><T35/><D93/><U133/><E133/><V115/><F115/><W129/><G40/><T69/><D109/><U114/><E114/><V95/><F95/><W74/><G129/><T82/><D69/><N who="1" m="42167" /><E63/><V124/><F124/><W46/><G94/><T99/><D60/><U0/><AGARI ba="0,1" hai="0,7,10,101,102" m="42167,55,48650" machi="0" ten="30,1100,0" yaku="18,1" doraHai="9" who="1" fromWho="1" sc="240,-3,302,21,121,-3,327,-5" owari="237,-16.3,323,42.3,118,-38.2,322,12.2" /></mjloggm>