<mjloggm ver="2.3"><GO type="225" lobby="0"/><UN n0="%E3%81%95%E3%81%8D%E3%81%9F%E3%81%BE%E6%9E%97%E6%AA%8E" n1="%E3%83%B4%E3%82%A3%E3%83%AF%E3%82%B3%E3%82%B0%E3%83%8B" n2="%E7%B4%94%E6%BD%94%E3%83%94%E3%83%A9%E3%83%8B%E3%82%A2" n3="%E3%82%89%E3%81%84%E3%81%82%E3%82%93%E3%81%98%E3%82%83%E3%82%93" dan="16,17,17,17" rate="2126.41,2215.75,2176.92,2187.34" sx="M,M,M,M"/><TAIKYOKU oya="0"/><INIT seed="0,0,0,3,5,55" ten="250,250,250,250" oya="0" hai0="92,100,16,87,63,77,2,42,104,85,117,95,132" hai1="26,27,43,30,17,59,60,108,99,20,82,89,33" hai2="86,9,93,67,73,103,69,134,44,35,38,51,74" hai3="3,81,15,128,116,98,57,1,71,135,122,118,21"/><T23/><D117/><U41/><E108/><V113/><F38/><W130/><G71/><T11/><D104/><U97/><E97/><V133/><F35/><W94/><G81/><T83/><D132/><N who="2" m="50794" /><F113/><W112/><G135/><T126/><D126/><U6/><E6/><V129/><F129/><N who="3" m="49771" /><G112/><T49/><D2/><N who="3" m="521" /><G57/><T32/><D32/><U47/><E47/><V78/><F9/><W7/><G122/><T5/><D11/><U105/><E105/><V34/><F34/><W84/><G84/><T39/><D39/><U0/><E0/><V45/><F45/><W102/><G7/><T61/><D5/><U58/><E58/><V66/><F78/><W75/><G75/><N who="2" m="28681" /><F86/><W14/><G21/><T54/><D87/><U28/><E28/><V8/><F8/><W119/><AGARI ba="0,0" hai="14,15,94,98,102,116,118,119" m="521,49771" machi="119" ten="40,1500,0" yaku="19,1" doraHai="55" who="3" fromWho="3" sc="250,-7,250,-4,250,-4,250,15" /><INIT seed="1,0,0,4,2,133" ten="243,246,246,265" oya="1" hai0="52,18,13,108,125,60,21,94,22,24,119,113,75" hai1="16,117,23,4,6,3,116,66,45,7,101,120,59" hai2="43,80,121,82,51,86,64,110,32,88,8,35,57" hai3="83,9,106,114,31,0,72,25,92,132,55,69,10"/><U79/><E3/><V118/><F121/><W38/><G106/><T40/><D113/><U63/><E120/><V115/><F118/><W12/><G132/><T122/><D119/><U78/><E116/><V54/><F115/><W62/><G38/><T96/><D122/><U2/><E2/><V71/><F110/><W30/><G92/><T27/><D108/><U49/><E101/><V112/><F112/><W135/><G135/><T107/><D107/><U124/><E124/><V85/><F43/><W126/><G12/><T67/><D75/><U5/><N who="1" m="1024" /><DORA hai="17" /><U102/><E102/><V87/><F87/><W99/><G99/><T128/><D125/><U36/><E36/><V1/><F8/><W73/><G25/><N who="0" m="9803" /><D40/><N who="1" m="24743" /><E117/><V81/><F1/><W111/><G0/><T123/><D67/><U109/><E109/><V41/><F41/><W130/><G111/><T91/><D128/><U103/><E103/><V34/><REACH who="2" step="1"/><F85/><REACH who="2" ten="243,246,236,265" step="2"/><W105/><G130/><T26/><D123/><U93/><E93/><V65/><F65/><W56/><G114/><T68/><D68/><U44/><E44/><V14/><F14/><AGARI ba="0,1" hai="14,16,23,59,63,66,78,79" m="24743,1024" machi="14" ten="40,7700,0" yaku="8,1,52,1,54,1" doraHai="133,17" who="1" fromWho="2" sc="243,0,246,87,236,-77,265,0" /><INIT seed="1,1,0,1,4,104" ten="243,333,159,265" oya="1" hai0="7,126,27,69,77,21,36,83,102,113,122,101,3" hai1="79,135,94,71,42,53,44,92,62,100,87,78,54" hai2="9,43,22,63,34,81,108,119,10,129,61,26,134" hai3="31,116,46,28,112,99,33,49,66,24,5,91,55"/><U29/><E135/><V35/><F119/><W67/><G112/><T80/><D113/><U4/><E29/><V20/><F43/><W128/><G116/><T75/><D69/><U110/><E4/><V1/><F129/><W114/><G114/><T47/><D122/><U25/><E25/><V115/><F115/><W64/><G128/><T98/><D126/><U124/><E124/><V96/><F96/><W88/><G5/><T90/><D90/><U12/><E12/><V32/><F108/><W56/><G99/><T82/><D102/><U50/><E110/><V57/><F134/><W72/><G72/><T16/><D98/><N who="1" m="59463" /><E71/><V123/><F123/><W117/><G117/><T48/><D101/><U95/><E53/><V76/><F1/><W127/><G127/><T23/><D23/><U130/><E130/><V121/><F22/><W6/><G6/><T105/><D105/><U132/><E132/><V37/><F37/><W51/><REACH who="3" step="1"/><G28/><REACH who="3" ten="243,333,159,255" step="2"/><T30/><D30/><U18/><E87/><V103/><F121/><W39/><G39/><T40/><REACH who="0" step="1"/><D36/><REACH who="0" ten="233,333,159,255" step="2"/><U68/><E68/><V13/><F103/><W109/><G109/><T86/><D86/><U60/><E95/><V19/><F76/><W73/><G73/><T107/><D107/><U93/><E94/><V45/><F81/><W84/><G84/><T118/><D118/><U38/><E93/><V89/><F89/><W17/><G17/><T85/><D85/><U106/><E106/><V2/><F19/><W58/><G58/><T15/><D15/><U11/><E78/><V59/><F57/><W70/><G70/><RYUUKYOKU ba="1,2" sc="233,15,333,-15,159,-15,255,15" hai0="3,7,16,21,27,40,47,48,75,77,80,82,83" hai3="24,31,33,46,49,51,55,56,64,66,67,88,91" /><INIT seed="2,2,2,5,5,107" ten="248,318,144,270" oya="2" hai0="111,67,115,133,17,42,26,80,94,60,89,38,103" hai1="118,78,25,86,15,49,109,123,50,71,68,102,35" hai2="73,119,21,52,8,39,114,30,45,124,51,22,6" hai3="34,92,48,113,90,46,116,134,85,11,108,10,55"/><V56/><F114/><W57/><G108/><T132/><D111/><U53/><E109/><V43/><F119/><W12/><G134/><N who="0" m="51819" /><D115/><U72/><E72/><V19/><F124/><W36/><G34/><T74/><D103/><U24/><E118/><V37/><F30/><W129/><G129/><T59/><D38/><U31/><E102/><V64/><F64/><W104/><G104/><T91/><D42/><U61/><E49/><V93/><F37/><W27/><G116/><T9/><D94/><U16/><E24/><V4/><F4/><W117/><G117/><T131/><D131/><U76/><E123/><V66/><F93/><W63/><G36/><T47/><D47/><U96/><E96/><V79/><F66/><W84/><G84/><T81/><D81/><U54/><E54/><V87/><F87/><W75/><G75/><T82/><D82/><U101/><E101/><V20/><F79/><W7/><G27/><T112/><D112/><U88/><E76/><V23/><F73/><W40/><G113/><T125/><D125/><U126/><E61/><V98/><F98/><W99/><G99/><T13/><D26/><U70/><E78/><AGARI ba="2,2" hai="9,13,17,59,60,67,74,78,80,89,91" m="51819" machi="78" ten="30,2000,0" yaku="20,1,52,1" doraHai="107" who="0" fromWho="1" sc="248,46,318,-26,144,0,270,0" /><INIT seed="3,0,0,0,3,20" ten="294,292,144,270" oya="3" hai0="22,108,19,103,9,101,82,116,35,115,95,78,38" hai1="23,123,31,75,94,37,89,102,110,131,112,8,69" hai2="7,70,121,104,133,67,53,10,47,63,26,0,100" hai3="41,118,61,125,71,42,60,91,105,126,88,50,122"/><W40/><G118/><T66/><D116/><U109/><E123/><V128/><F121/><W84/><G105/><T83/><D38/><U58/><E112/><V87/><F133/><W132/><G122/><T81/><D35/><U11/><E69/><V62/><F128/><W76/><G50/><T6/><D108/><N who="1" m="41579" /><E75/><V114/><F114/><W51/><G51/><T111/><D111/><U17/><E131/><V4/><F4/><W13/><G13/><N who="0" m="5303" /><D115/><U64/><E31/><V16/><F87/><W129/><G129/><T18/><D66/><U15/><E102/><N who="0" m="38921" /><D95/><U46/><E58/><V27/><F47/><W54/><G54/><T39/><D39/><U98/><E64/><V73/><F73/><W14/><G14/><N who="0" m="9559" /><D19/><U65/><E65/><V1/><F1/><W59/><G59/><T120/><D120/><U85/><E98/><V30/><F30/><W80/><G132/><T44/><D44/><U24/><E24/><V21/><F26/><W119/><G119/><T113/><D113/><U49/><E37/><V135/><F135/><W25/><G25/><T3/><D3/><U28/><E28/><V36/><F36/><W130/><G130/><T99/><D99/><U134/><E134/><V56/><REACH who="2" step="1"/><F100/><REACH who="2" ten="294,292,134,270" step="2"/><W34/><G84/><AGARI ba="0,1" hai="78,81,82,83,84" m="9559,38921,5303" machi="84" ten="30,1000,0" yaku="8,1" doraHai="20" who="0" fromWho="3" sc="294,20,292,0,134,0,270,-10" owari="314,41.4,292,9.2,134,-36.6,260,-14.0" /></mjloggm>