<mjloggm ver="2.3"><GO type="225" lobby="0"/><UN n0="%E3%83%A9%E3%82%B9%E7%8E%87%EF%BC%93%E5%89%B2" n1="%E5%82%8D%E8%8B%A5%E7%84%A1%E4%BA%BA%35%31" n2="%E9%BB%99%E8%81%B4%E3%81%AE%E3%81%99%E3%82%9D%E3%82%81" n3="%E4%BF%BA%E3%81%A8%E5%A6%96%E5%A4%A2" dan="16,16,16,16" rate="2207.54,2158.75,2141.57,2196.39" sx="F,M,M,F"/><TAIKYOKU oya="0"/><INIT seed="0,0,0,0,2,73" ten="250,250,250,250" oya="0" hai0="103,90,67,38,88,112,115,48,96,54,53,97,117" hai1="65,127,76,89,111,85,4,28,102,15,107,75,11" hai2="69,71,21,70,100,132,101,104,99,79,131,91,46" hai3="129,22,62,41,36,66,128,27,25,110,18,24,130"/><T32/><D38/><U2/><E111/><V30/><F131/><W58/><REACH who="3" step="1"/><G110/><REACH who="3" ten="250,250,250,240" step="2"/><T61/><D117/><U49/><E127/><V113/><F113/><W68/><G68/><T23/><D115/><U34/><E65/><V114/><F70/><W77/><G77/><T51/><D112/><U10/><E49/><V63/><F71/><W108/><G108/><T12/><D67/><U80/><E34/><V72/><F69/><W16/><G16/><T74/><D32/><U5/><E28/><V35/><F30/><W135/><G135/><T42/><D51/><U109/><E109/><V84/><F79/><W37/><G37/><T13/><D48/><U86/><REACH who="1" step="1"/><E89/><REACH who="1" ten="250,240,250,240" step="2"/><V0/><F91/><W59/><G59/><T17/><D90/><U121/><E121/><V82/><F35/><W105/><G105/><T95/><D88/><U14/><E14/><V125/><F104/><W106/><G106/><T19/><D12/><U31/><E31/><V118/><F125/><W26/><G26/><T55/><D13/><U126/><E126/><V133/><F114/><W78/><G78/><T81/><D19/><U7/><E7/><V120/><F133/><W8/><G8/><T60/><D17/><U44/><E44/><AGARI ba="0,2" hai="18,22,24,25,27,36,41,44,58,62,66,128,129,130" machi="44" ten="40,5200,0" yaku="21,2,19,1,53,0" doraHai="73" doraHaiUra="119" who="3" fromWho="1" sc="250,0,240,-52,250,0,240,72" /><INIT seed="1,0,0,3,5,61" ten="250,188,250,312" oya="1" hai0="19,40,56,5,118,134,51,79,75,80,83,23,16" hai1="132,88,63,127,78,15,90,76,32,71,129,10,52" hai2="44,62,67,73,70,111,22,99,17,77,128,124,8" hai3="26,130,68,96,110,72,89,100,112,21,66,35,107"/><U4/><E129/><V101/><F111/><W27/><G112/><T98/><D118/><U85/><E132/><V6/><F124/><W11/><G110/><T81/><D134/><U24/><E127/><V50/><F128/><W9/><G130/><T34/><D34/><U122/><E122/><V109/><F77/><W103/><G103/><T84/><D75/><U87/><E71/><V74/><F109/><W1/><G1/><T12/><D98/><U28/><E87/><V60/><F60/><N who="3" m="40007" /><G89/><T31/><D31/><U25/><E25/><V33/><F33/><W125/><G72/><T30/><D30/><U135/><E135/><V58/><F70/><W42/><G42/><T20/><D5/><U114/><E90/><V91/><F91/><W18/><G125/><T115/><D115/><U53/><E114/><V48/><F48/><W126/><G126/><T106/><D106/><U65/><E78/><V54/><F22/><W38/><G38/><T120/><D120/><U102/><E102/><V94/><REACH who="2" step="1"/><F17/><REACH who="2" ten="250,188,240,312" step="2"/><W36/><G36/><T95/><D19/><U45/><E76/><V108/><F108/><W131/><G131/><T57/><D23/><U43/><E88/><V116/><F116/><W39/><G39/><T119/><D119/><U82/><E85/><V13/><AGARI ba="0,1" hai="6,8,13,44,50,54,58,62,67,73,74,94,99,101" machi="13" ten="20,8000,1" yaku="1,1,0,1,7,1,52,1,53,1" doraHai="61" doraHaiUra="97" who="2" fromWho="2" sc="250,-20,188,-40,240,90,312,-20" /><INIT seed="2,0,0,1,5,34" ten="230,148,330,292" oya="2" hai0="114,35,69,68,41,38,1,74,125,3,117,56,128" hai1="106,17,67,53,104,5,65,46,88,85,87,129,62" hai2="102,29,40,15,23,116,45,51,50,115,59,100,12" hai3="61,132,120,80,27,133,31,83,110,7,75,112,109"/><V135/><F115/><W20/><G120/><T10/><RYUUKYOKU type="yao9" ba="0,0" sc="230,0,148,0,330,0,292,0" hai0="1,3,10,35,38,41,56,68,69,74,114,117,125,128" /><INIT seed="2,1,0,3,2,82" ten="230,148,330,292" oya="2" hai0="98,70,76,15,27,94,97,39,35,32,7,107,111" hai1="102,101,122,96,128,92,23,13,37,38,130,53,44" hai2="68,77,48,88,0,24,123,87,113,31,2,41,4" hai3="49,10,95,109,72,36,12,50,103,29,78,64,21"/><V61/><F113/><W9/><G36/><T43/><D111/><U28/><E122/><V26/><F77/><W115/><G109/><T40/><D70/><U57/><E102/><V22/><F4/><W112/><G64/><T69/><D69/><U131/><E44/><V46/><F123/><W66/><G66/><T45/><D43/><U1/><E1/><V120/><F120/><W34/><G34/><T83/><D107/><U114/><E114/><V74/><F74/><W117/><G78/><T18/><D7/><U47/><E47/><V60/><F68/><W133/><G72/><T119/><D27/><U129/><N who="1" m="32768" /><DORA hai="105" /><U104/><E104/><V14/><F14/><W55/><G95/><T20/><D119/><U89/><E101/><V135/><F135/><W91/><G103/><T63/><D63/><U93/><E92/><V118/><F118/><W106/><G106/><T19/><D19/><U132/><E132/><V73/><F73/><W100/><G100/><T86/><REACH who="0" step="1"/><D94/><REACH who="0" ten="220,148,330,292" step="2"/><U81/><E81/><N who="2" m="49263" /><F0/><W6/><G133/><T121/><D121/><U3/><E3/><V134/><F2/><W110/><G110/><T125/><D125/><U54/><E28/><N who="2" m="17431" /><F134/><W52/><G117/><T65/><D65/><U25/><E25/><V51/><F61/><W85/><G29/><T42/><D42/><U127/><E127/><V33/><F60/><W58/><G112/><T5/><D5/><U67/><E67/><V71/><F71/><W108/><G115/><T11/><D11/><U80/><E80/><V62/><F62/><N who="3" m="36167" /><G108/><T99/><AGARI ba="1,1" hai="15,18,20,32,35,39,40,45,76,83,86,97,98,99" machi="99" ten="30,7900,0" yaku="1,1,0,1,52,1,53,1" doraHai="82,105" doraHaiUra="56,8" who="0" fromWho="0" sc="220,92,148,-21,330,-40,292,-21" /><INIT seed="3,0,0,0,3,131" ten="312,127,290,271" oya="3" hai0="52,112,71,77,40,79,44,86,37,56,51,10,31" hai1="38,107,123,29,92,19,33,133,45,48,57,132,17" hai2="14,111,22,118,83,25,90,26,94,0,125,4,60" hai3="35,134,13,41,3,1,11,21,67,58,88,89,72"/><W106/><G35/><T24/><D112/><U50/><E107/><V28/><F111/><W100/><G72/><T62/><D10/><U116/><E123/><V30/><F125/><W8/><G41/><T97/><D97/><U42/><E116/><V108/><F108/><W43/><G43/><T126/><D86/><U23/><E92/><V39/><F39/><W7/><G106/><T6/><D6/><U64/><E33/><V54/><F118/><W63/><G100/><T105/><D105/><U91/><E91/><V102/><F0/><W129/><G129/><T34/><D126/><U130/><E130/><V93/><F102/><W80/><G80/><T16/><D16/><N who="1" m="6219" /><E64/><AGARI ba="0,0" hai="24,31,34,37,40,44,51,52,56,62,64,71,77,79" machi="64" ten="40,5200,0" yaku="24,2,54,1" doraHai="131" who="0" fromWho="1" sc="312,52,127,-52,290,0,271,0" owari="364,46.4,75,-42.5,290,9.0,271,-12.9" /></mjloggm>