<mjloggm ver="2.3"><GO type="225" lobby="0"/><UN n0="%E3%81%A4%E3%81%A3%E3%81%B1%E3%82%8A%E3%83%9D%E3%83%BC%E3%83%AB" n1="%E6%A9%98%E3%83%AF%E3%83%AB%E3%83%84" n2="%E6%97%A5%E6%9B%9C%E6%97%A5%E3%82%88%E3%82%8A%E3%81%AE%E4%BD%BF%E8%80%85" n3="%E3%83%96%E3%83%83%E3%83%91%E3%82%AA%E3%83%96%E3%83%81%E3%82%AD%E3%83%B3" dan="17,16,17,16" rate="2101.41,2105.39,2186.93,2221.32" sx="M,M,M,M"/><TAIKYOKU oya="0"/><INIT seed="0,0,0,3,2,104" ten="250,250,250,250" oya="0" hai0="98,118,20,96,0,24,7,133,49,78,120,122,15" hai1="114,9,52,132,82,127,2,89,110,29,113,91,18" hai2="135,43,67,61,119,35,108,23,32,54,94,84,25" hai3="77,92,12,69,79,8,63,68,16,85,11,58,6"/><T64/><D64/><U22/><BYE who="0" /><E132/><V76/><F108/><UN n0="%E3%81%A4%E3%81%A3%E3%81%B1%E3%82%8A%E3%83%9D%E3%83%BC%E3%83%AB" /><W17/><G79/><T26/><D118/><U117/><E117/><V71/><F135/><W30/><G30/><T101/><D133/><U88/><E110/><V36/><F119/><W66/><G17/><T62/><D0/><U60/><E29/><V10/><F10/><W95/><G95/><T123/><D78/><U37/><E37/><V70/><F70/><W39/><G39/><T90/><D62/><U131/><E131/><V130/><F130/><W121/><G121/><T93/><D49/><U112/><E127/><V19/><F54/><W47/><G47/><T103/><D90/><U56/><E9/><V14/><F25/><W73/><G92/><T126/><D126/><U34/><E34/><V28/><F28/><W3/><REACH who="3" step="1"/><G85/><REACH who="3" ten="250,250,250,240" step="2"/><T107/><REACH who="0" step="1"/><D7/><REACH who="0" ten="240,250,250,240" step="2"/><U40/><E2/><V99/><F76/><W128/><G128/><T1/><D1/><U106/><E106/><V38/><F38/><W80/><AGARI ba="0,2" hai="3,6,8,11,12,16,58,63,66,68,69,73,77,80" machi="80" ten="30,8000,1" yaku="1,1,0,1,52,1,54,1,53,1" doraHai="104" doraHaiUra="55" who="3" fromWho="3" sc="240,-40,250,-20,250,-20,240,100" /><INIT seed="1,0,0,1,5,88" ten="200,230,230,340" oya="1" hai0="99,69,50,76,58,49,2,8,11,114,19,119,127" hai1="75,93,103,34,124,15,81,32,38,36,111,37,40" hai2="53,131,101,24,105,117,71,20,91,63,64,66,6" hai3="107,61,57,116,33,123,77,17,43,90,120,59,109"/><U56/><E40/><V9/><F117/><W133/><G107/><T134/><D69/><U126/><E15/><V1/><F131/><W3/><G3/><T0/><D119/><U100/><E56/><V72/><F72/><W47/><G116/><T122/><D114/><U113/><E113/><V26/><F66/><W60/><G33/><T55/><D134/><U12/><E12/><V125/><F125/><N who="1" m="48233" /><E111/><V35/><F35/><N who="1" m="13353" /><E93/><V46/><F1/><W96/><G109/><T95/><D127/><U65/><E65/><V13/><F64/><W74/><G57/><T97/><D122/><U110/><E110/><V42/><F71/><W21/><G59/><T14/><D11/><U130/><E130/><V7/><F42/><W112/><G43/><T29/><D50/><U70/><E70/><V25/><F9/><W67/><G112/><T121/><D121/><U5/><E5/><V73/><F6/><W22/><G67/><T80/><D2/><U94/><E94/><V48/><F7/><W89/><G133/><T118/><D0/><U45/><E45/><V54/><F13/><W79/><G47/><T62/><D118/><U108/><E108/><V106/><F106/><W44/><G44/><T132/><D49/><U87/><E75/><V10/><F73/><W16/><G74/><N who="0" m="43031" /><D132/><U41/><E41/><V30/><F10/><W39/><REACH who="3" step="1"/><G96/><REACH who="3" ten="200,230,230,330" step="2"/><T98/><D98/><U82/><E87/><V86/><F105/><W128/><G128/><T129/><D129/><U52/><E52/><V23/><F54/><W92/><G92/><T51/><D95/><U18/><E18/><RYUUKYOKU ba="0,1" sc="200,-15,230,15,230,-15,330,15" hai1="36,37,38,81,82,100,103" hai3="16,17,21,22,39,60,61,77,79,89,90,120,123" /><INIT seed="1,1,1,2,5,37" ten="185,245,215,345" oya="1" hai0="135,24,35,30,26,134,83,65,62,78,131,42,109" hai1="80,125,71,18,23,69,82,12,104,67,36,102,119" hai2="64,90,92,51,25,59,15,4,75,53,100,76,63" hai3="88,70,110,111,2,93,33,5,99,120,129,9,115"/><U54/><E119/><V113/><F113/><W10/><G120/><T84/><D109/><U13/><E36/><V87/><F75/><W114/><G70/><T133/><D131/><U41/><E125/><V29/><F76/><W61/><G129/><T117/><D117/><U16/><E67/><V89/><F100/><W107/><G33/><T19/><D26/><U91/><E54/><V34/><F89/><W43/><G61/><T77/><D19/><U106/><E91/><V108/><F108/><N who="3" m="41515" /><G107/><T79/><REACH who="0" step="1"/><D42/><REACH who="0" ten="175,245,215,345" step="2"/><U8/><E41/><V31/><F25/><W66/><G43/><T132/><N who="0" m="33792" /><DORA hai="112" /><T121/><D121/><U1/><E1/><V20/><F34/><W60/><G114/><T55/><D55/><U57/><E23/><V32/><F32/><W81/><G115/><T128/><D128/><U48/><E8/><N who="2" m="4487" /><F20/><W86/><G2/><T44/><D44/><AGARI ba="1,2" hai="29,31,44,51,53,59,63,64,87,90,92" m="4487" machi="44" ten="30,1000,0" yaku="8,1" doraHai="37,112" who="2" fromWho="0" sc="175,-13,245,0,215,33,345,0" /><INIT seed="2,0,0,4,3,19" ten="162,245,248,345" oya="2" hai0="108,23,3,111,112,62,44,68,41,16,59,96,116" hai1="124,113,1,132,94,57,123,7,114,83,134,71,115" hai2="32,26,25,109,39,48,86,18,64,8,89,80,34" hai3="88,74,54,63,60,121,99,21,45,52,6,67,92"/><V70/><F39/><W135/><G121/><T85/><D112/><U27/><E71/><V101/><F109/><N who="0" m="42058" /><D3/><U56/><E123/><V30/><F101/><W131/><G131/><T46/><D68/><U81/><E94/><V65/><F70/><W11/><G135/><N who="1" m="51754" /><E27/><V61/><F61/><N who="3" m="23627" /><G74/><T95/><D85/><U105/><E105/><V73/><F73/><W36/><G36/><T117/><D41/><U119/><E119/><N who="0" m="45641" /><D95/><U9/><E124/><V78/><F78/><W104/><G104/><T31/><D31/><U49/><E49/><V47/><F34/><W126/><G126/><T22/><D96/><U38/><E38/><V40/><F32/><W51/><G67/><N who="2" m="25673" /><F30/><W110/><G110/><T76/><D76/><U69/><E69/><V53/><F40/><W29/><G54/><N who="0" m="34167" /><D23/><U14/><E1/><V37/><F37/><W87/><G99/><T100/><D100/><U12/><E83/><V103/><F103/><W13/><G29/><T55/><D55/><U79/><E81/><V97/><F97/><W72/><G72/><T98/><D98/><U84/><E79/><V129/><F129/><W28/><G28/><T0/><D0/><N who="1" m="231" /><E84/><V10/><F86/><W4/><G11/><T5/><D5/><U43/><E43/><V133/><F8/><N who="3" m="4231" /><G6/><T50/><D50/><U127/><E127/><V17/><F133/><W125/><G125/><T128/><D128/><U106/><E106/><V91/><F10/><W118/><G118/><T120/><D120/><U24/><E115/><V102/><F102/><W107/><G107/><T130/><D130/><U90/><E114/><RYUUKYOKU ba="0,0" sc="162,15,245,-15,248,-15,345,15" hai0="16,22,44,46" hai3="21,45,51,52,87,88,92" /><INIT seed="3,1,0,0,3,25" ten="177,230,233,360" oya="3" hai0="15,76,105,17,130,115,114,124,19,11,97,18,69" hai1="32,21,121,46,84,23,61,12,0,108,128,8,3" hai2="116,55,5,44,103,104,92,134,37,54,82,83,75" hai3="58,34,126,20,43,78,53,77,66,132,109,79,131"/><W119/><G34/><T80/><D69/><U38/><E121/><V42/><F104/><W41/><G119/><T62/><D62/><U91/><E32/><V40/><F116/><W9/><G131/><T57/><D57/><U64/><E128/><V101/><F75/><W102/><G132/><T70/><D70/><U81/><E108/><V26/><F26/><W88/><G126/><T4/><D130/><U98/><E0/><V33/><F44/><W94/><G109/><T28/><D97/><U13/><E3/><V125/><F92/><W87/><G66/><T135/><D105/><U10/><E46/><V113/><F37/><W123/><G123/><T90/><D90/><U120/><E38/><V112/><F5/><W48/><G9/><T31/><D135/><U86/><E98/><V72/><F72/><W22/><G102/><T74/><D124/><U50/><E50/><V110/><F33/><W99/><G99/><T63/><D63/><U89/><E120/><V2/><F2/><W127/><G127/><T111/><D111/><U71/><E71/><V107/><F110/><W6/><G6/><T85/><D74/><U129/><E129/><V16/><F125/><W59/><G59/><T27/><D27/><U95/><E61/><V30/><F107/><W14/><G58/><T96/><D96/><U29/><E64/><V51/><F134/><W47/><G47/><T49/><D49/><U100/><E100/><V93/><F51/><W60/><G48/><T106/><D106/><U45/><E45/><V52/><F103/><W65/><G60/><T68/><D68/><RYUUKYOKU ba="1,0" sc="177,30,230,-10,233,-10,360,-10" hai0="4,11,15,17,18,19,28,31,76,80,85,114,115" owari="207,-29.3,220,-18.0,223,2.3,350,45.0" /></mjloggm>