<mjloggm ver="2.3"><GO type="225" lobby="0"/><UN n0="%E3%83%A9%E3%82%B9%E7%8E%87%EF%BC%93%E5%89%B2" n1="%E3%82%A4%E3%82%AD%E3%83%AA" n2="%E3%81%BF%E3%81%BF%E3%81%9A" n3="%E3%82%BC%E3%83%AB%E3%83%80%E3%81%AE%E4%BC%9D%E8%AA%AC" dan="17,16,17,17" rate="2175.67,2058.92,2215.75,2125.05" sx="F,M,M,M"/><TAIKYOKU oya="0"/><INIT seed="0,0,0,1,4,40" ten="250,250,250,250" oya="0" hai0="37,2,44,130,112,83,32,79,123,86,56,45,84" hai1="103,12,1,58,114,64,80,66,133,116,81,23,9" hai2="117,0,3,125,96,57,122,76,60,68,34,20,82" hai3="121,106,67,36,94,101,108,105,8,52,69,27,25"/><T33/><D112/><U100/><E116/><V92/><F122/><W90/><G121/><T70/><D123/><U131/><E114/><V97/><F34/><W10/><G36/><T19/><D70/><U135/><E1/><V11/><F68/><W118/><G118/><T14/><D2/><U113/><E23/><V51/><F117/><W74/><G74/><T59/><D37/><U5/><E113/><V119/><F119/><W53/><G69/><T99/><D130/><U85/><E131/><V89/><F125/><W63/><G94/><T110/><D110/><U18/><E81/><V77/><F77/><W109/><G63/><T43/><D43/><U91/><E5/><V50/><F97/><W134/><G90/><T93/><D84/><U115/><E115/><V132/><F132/><N who="1" m="50761" /><E58/><N who="0" m="22057" /><D33/><U102/><AGARI ba="0,0" hai="9,12,18,64,66,80,85,91,100,102,103" m="50761" machi="102" ten="30,1100,0" yaku="20,1" doraHai="40" who="1" fromWho="1" sc="250,-5,250,11,250,-3,250,-3" /><INIT seed="1,0,0,1,4,114" ten="245,261,247,247" oya="1" hai0="116,14,124,76,83,44,3,125,55,67,41,39,132" hai1="40,53,129,58,66,102,18,107,2,42,115,35,77" hai2="61,38,128,16,68,56,4,82,85,86,26,60,96" hai3="101,103,81,87,17,99,75,89,135,51,122,27,63"/><U127/><E115/><V79/><F38/><W12/><G122/><T130/><D3/><U46/><E2/><V93/><F128/><W25/><G135/><T121/><D132/><U49/><E129/><V52/><F4/><W70/><G75/><T48/><D130/><U108/><E35/><V10/><F68/><W84/><G51/><T1/><D1/><U119/><E119/><V118/><F118/><W33/><G33/><T80/><D121/><U112/><E112/><V9/><F86/><W97/><G70/><T91/><D91/><U24/><E127/><N who="0" m="48713" /><D116/><U94/><E107/><V73/><F61/><W74/><G74/><T134/><D134/><U37/><E77/><V28/><F73/><W11/><G63/><T113/><D67/><U78/><E78/><V15/><F28/><W109/><G109/><T32/><D32/><U120/><E108/><V131/><F131/><W123/><G123/><T34/><D34/><U19/><E120/><V6/><F26/><N who="3" m="9739" /><G84/><T88/><D76/><U110/><E110/><V104/><F104/><W59/><G59/><N who="0" m="33255" /><D14/><U31/><E66/><V71/><F71/><W100/><AGARI ba="0,0" hai="11,12,17,81,87,89,97,99,100,101,103" m="9739" machi="100" ten="30,1100,0" yaku="8,1" doraHai="114" who="3" fromWho="3" sc="245,-3,261,-5,247,-3,247,11" /><INIT seed="2,0,0,1,5,28" ten="242,256,244,258" oya="2" hai0="96,82,17,32,87,1,83,0,67,56,85,21,127" hai1="98,36,64,113,81,118,132,129,20,74,120,135,37" hai2="29,92,34,51,55,58,13,18,30,33,133,77,53" hai3="60,69,43,49,9,117,6,52,23,121,131,2,3"/><V107/><F107/><W134/><G117/><T27/><D127/><U116/><E113/><V124/><F77/><W94/><G121/><T39/><D39/><N who="1" m="14923" /><E64/><V75/><F75/><W72/><G72/><T11/><D96/><U79/><E20/><V122/><F122/><W88/><G134/><N who="1" m="51242" /><E120/><V63/><F133/><W89/><G131/><T68/><D68/><U14/><E129/><V4/><F124/><W25/><G43/><T26/><D67/><U12/><E98/><V62/><F4/><W93/><G69/><T70/><D56/><U57/><E57/><V22/><F92/><W109/><G60/><T105/><D105/><U78/><E79/><V114/><F114/><W91/><G2/><T15/><D70/><U50/><E50/><V71/><F71/><W95/><G109/><T10/><D1/><U90/><E90/><V40/><F40/><W35/><G35/><T31/><D27/><U73/><E73/><V19/><F51/><W76/><G76/><T111/><D111/><U45/><E45/><V130/><F58/><W46/><REACH who="3" step="1"/><G91/><REACH who="3" ten="242,256,244,248" step="2"/><T80/><REACH who="0" step="1"/><D10/><REACH who="0" ten="232,256,244,248" step="2"/><U38/><E38/><V102/><F130/><W61/><G61/><T44/><D44/><U47/><E47/><V126/><F126/><W5/><G5/><AGARI ba="0,2" hai="0,5,11,15,17,21,26,31,32,80,82,83,85,87" machi="5" ten="40,8000,1" yaku="1,1,24,2,52,1,53,1" doraHai="28" doraHaiUra="7" who="0" fromWho="3" sc="232,100,256,0,244,0,248,-80" /><INIT seed="3,0,0,5,4,47" ten="332,256,244,168" oya="3" hai0="90,83,41,77,22,79,122,99,24,114,70,119,125" hai1="104,101,51,31,76,5,37,15,92,10,68,12,4" hai2="26,123,108,18,72,43,74,129,95,44,121,128,65" hai3="85,82,64,33,126,0,98,56,113,116,36,40,46"/><W14/><G113/><T87/><D70/><U11/><E37/><V3/><F3/><W94/><G116/><T13/><D122/><N who="2" m="46602" /><F95/><W57/><G0/><T25/><D125/><U45/><E68/><V73/><F65/><W39/><G126/><T28/><D41/><U75/><E104/><V134/><F108/><W71/><G39/><T103/><D119/><U111/><E111/><V106/><F106/><W9/><G33/><T54/><D13/><U58/><E31/><V53/><F53/><W78/><G64/><T67/><D67/><U132/><E132/><V38/><F134/><W97/><G71/><T135/><D114/><U117/><E58/><V107/><F107/><W66/><G66/><T60/><D25/><U133/><E133/><V61/><F61/><W34/><G34/><T16/><D28/><U86/><E75/><V42/><F42/><W91/><REACH who="3" step="1"/><G98/><REACH who="3" ten="332,256,244,158" step="2"/><T124/><D135/><U55/><E117/><V110/><F110/><W50/><G50/><T63/><D124/><U88/><E76/><V120/><F120/><W127/><G127/><T115/><D115/><U109/><E109/><V52/><F52/><W17/><AGARI ba="0,1" hai="9,14,17,36,40,46,56,57,78,82,85,91,94,97" machi="17" ten="20,7800,0" yaku="1,1,0,1,7,1,53,1" doraHai="47" doraHaiUra="6" who="3" fromWho="3" sc="332,-26,256,-26,244,-26,158,88" /><INIT seed="3,1,0,2,3,68" ten="306,230,218,246" oya="3" hai0="6,64,134,92,22,73,16,133,11,26,98,41,123" hai1="56,86,66,59,101,90,70,24,57,9,102,46,28" hai2="88,48,5,21,120,100,109,108,36,23,54,25,27" hai3="55,47,37,89,127,114,58,30,97,71,2,39,116"/><W44/><G2/><T110/><D123/><U78/><E78/><V18/><F100/><N who="1" m="38505" /><E70/><V82/><F5/><W130/><G30/><T81/><D110/><N who="2" m="42602" /><F36/><N who="3" m="13899" /><G89/><T122/><D122/><U119/><E46/><N who="3" m="17450" /><G97/><T113/><D41/><U83/><E119/><V50/><F120/><W117/><G114/><T17/><D64/><U40/><E40/><V62/><F62/><N who="3" m="36191" /><G127/><T85/><D73/><U80/><E9/><V75/><F54/><W38/><G38/><T132/><D113/><U43/><E43/><V95/><F82/><W49/><G130/><T32/><D32/><U96/><E96/><N who="2" m="57447" /><F75/><W74/><G74/><T105/><D105/><U129/><E129/><V93/><F93/><W121/><G121/><T15/><D92/><N who="1" m="54359" /><E66/><V10/><F10/><W0/><G0/><T29/><D98/><U99/><E99/><V20/><F20/><AGARI ba="1,0" hai="20,24,28,56,57,59,80,83" m="54359,38505" machi="20" ten="30,1000,0" yaku="8,1" doraHai="68" who="1" fromWho="2" sc="306,0,230,13,218,-13,246,0" owari="306,40.6,243,-15.7,205,-29.5,246,4.6" /></mjloggm>