<mjloggm ver="2.3"><GO type="225" lobby="0"/><UN n0="%E3%81%A4%E3%81%A3%E3%81%B1%E3%82%8A%E3%83%9D%E3%83%BC%E3%83%AB" n1="%E6%98%93%E5%88%A9%E8%96%A9%E4%BC%AF" n2="%E3%83%96%E3%83%83%E3%83%91%E3%82%AA%E3%83%96%E3%83%81%E3%82%AD%E3%83%B3" n3="%E5%A4%8F%E9%88%B4%E9%88%B4%E5%A4%8F" dan="17,17,16,16" rate="2137.28,2135.13,2077.29,2116.35" sx="M,F,M,F"/><TAIKYOKU oya="0"/><INIT seed="0,0,0,2,0,98" ten="250,250,250,250" oya="0" hai0="121,92,82,80,101,14,74,68,13,25,51,97,24" hai1="35,3,114,127,110,26,95,56,4,123,133,33,41" hai2="22,120,69,42,19,5,11,126,109,89,119,21,23" hai3="70,8,131,40,39,55,106,46,75,63,44,103,43"/><T61/><D121/><U93/><E123/><V49/><F120/><W73/><G131/><T20/><D74/><U90/><E110/><V112/><F69/><W50/><G8/><T64/><D51/><U125/><E133/><V71/><F112/><W99/><REACH who="3" step="1"/><G55/><REACH who="3" ten="250,250,250,240" step="2"/><T52/><D52/><U15/><E3/><V1/><F11/><W0/><G0/><T86/><D80/><U128/><E114/><V76/><F1/><W77/><G77/><T132/><D132/><U79/><E128/><V31/><F76/><W83/><G83/><T58/><D68/><U111/><E79/><V54/><F54/><W72/><G72/><T81/><D81/><U135/><E111/><V91/><F71/><W53/><G53/><T59/><D59/><U78/><E56/><V9/><F109/><W87/><G87/><T18/><REACH who="0" step="1"/><D14/><REACH who="0" ten="240,250,250,240" step="2"/><U67/><E15/><V115/><F115/><W102/><G102/><T16/><D16/><U134/><E134/><V100/><F19/><W108/><G108/><T2/><D2/><U47/><E135/><V38/><F100/><W88/><G88/><AGARI ba="0,2" hai="13,18,20,24,25,58,61,64,82,86,88,92,97,101" machi="88" ten="30,12000,1" yaku="1,1,7,1,8,1,52,1,54,1,53,0" doraHai="98" doraHaiUra="105" who="0" fromWho="3" sc="240,140,250,0,250,0,240,-120" /><INIT seed="0,1,0,3,3,85" ten="380,250,250,120" oya="0" hai0="72,127,7,58,77,82,43,92,89,74,68,115,11" hai1="44,51,29,55,132,14,18,87,131,71,109,10,106" hai2="76,47,126,61,23,54,95,46,84,73,65,134,96" hai3="117,93,111,102,9,105,2,26,112,19,69,40,30"/><T91/><D115/><U104/><E109/><V119/><F73/><W22/><G117/><T135/><D68/><U53/><E131/><V88/><F126/><W8/><G112/><T90/><D127/><U75/><E75/><V97/><F119/><W98/><G111/><T0/><D135/><U1/><E132/><V49/><F134/><W6/><G69/><T12/><D72/><U17/><E1/><V32/><F32/><W34/><G40/><T67/><D12/><U60/><E29/><V16/><F47/><W103/><G9/><T81/><D81/><U13/><E55/><V129/><F76/><W79/><G79/><T94/><REACH who="0" step="1"/><D43/><REACH who="0" ten="370,250,250,120" step="2"/><U25/><E25/><N who="2" m="14567" /><F129/><W41/><G41/><T52/><D52/><U35/><E71/><V122/><F122/><W125/><G125/><T36/><D36/><U48/><E14/><V50/><F50/><W78/><G78/><T100/><D100/><U21/><E51/><V101/><F101/><W33/><G103/><T133/><D133/><U123/><E13/><V57/><AGARI ba="1,1" hai="46,49,54,57,61,65,84,88,95,96,97" m="14567" machi="57" ten="30,7900,0" yaku="8,1,52,1,54,2" doraHai="85" who="2" fromWho="2" sc="370,-40,250,-21,250,92,120,-21" /><INIT seed="1,0,0,2,0,126" ten="330,229,342,99" oya="1" hai0="69,51,13,110,127,45,65,129,39,11,55,119,96" hai1="28,113,111,114,115,78,134,72,104,112,66,108,24" hai2="107,99,90,60,25,46,40,103,100,9,10,83,18" hai3="33,50,7,106,85,77,34,14,58,73,122,31,67"/><U133/><N who="1" m="28672" /><DORA hai="35" /><U16/><E104/><V132/><F132/><N who="1" m="50793" /><E66/><V19/><F103/><W62/><G106/><T116/><D65/><U26/><E72/><V47/><F60/><W22/><G73/><T118/><D69/><U125/><E78/><V74/><F47/><W70/><G122/><T44/><D44/><U63/><E63/><V84/><F74/><W52/><G31/><T38/><D45/><U30/><E125/><V102/><F102/><W97/><G97/><T56/><D127/><U0/><E0/><V123/><F123/><W101/><G101/><T135/><D135/><U36/><E36/><V121/><F121/><W131/><G131/><T130/><D96/><U5/><E5/><V59/><F107/><W87/><G7/><N who="0" m="3327" /><D110/><N who="1" m="42027" /><E16/><V76/><F19/><W37/><G37/><T91/><D38/><U68/><E68/><V109/><F18/><W49/><G77/><T48/><D39/><U17/><E17/><V105/><F76/><W23/><G14/><T86/><D48/><U79/><E79/><V42/><F105/><W124/><G49/><T29/><D118/><U61/><E61/><V94/><F109/><W3/><G3/><T8/><D116/><U93/><E93/><V41/><F94/><W2/><G2/><T88/><D119/><U32/><E32/><N who="3" m="12394" /><G124/><T64/><D64/><U117/><E117/><V4/><F4/><W92/><G92/><T89/><D51/><U15/><E15/><V27/><F99/><W98/><G98/><T95/><D95/><U57/><E57/><V53/><F59/><N who="3" m="33175" /><G70/><T120/><D56/><U20/><E30/><RYUUKYOKU ba="0,0" sc="330,-15,229,15,342,-15,99,15" hai1="20,24,26,28" hai3="22,23,58,62,67,85,87" /><INIT seed="1,1,0,1,5,18" ten="315,244,327,114" oya="1" hai0="83,128,133,46,88,45,30,89,74,43,115,127,57" hai1="107,94,1,32,111,22,104,113,118,120,119,7,116" hai2="106,10,75,34,112,50,61,9,40,20,78,72,108" hai3="71,6,66,105,25,16,24,29,33,135,110,69,63"/><U4/><E113/><V102/><F34/><W56/><G110/><T131/><D115/><U82/><E120/><V132/><F112/><W12/><G135/><T47/><D133/><U77/><E32/><V58/><F132/><W36/><G36/><T76/><D127/><U64/><E111/><V26/><F108/><W129/><G129/><N who="0" m="49739" /><D30/><U91/><E64/><V28/><F106/><W5/><G105/><T73/><D73/><U121/><E121/><V103/><F75/><W49/><G24/><T55/><D43/><U11/><E7/><V79/><F72/><W122/><G122/><T14/><D14/><U97/><REACH who="1" step="1"/><E22/><REACH who="1" ten="315,234,327,114" step="2"/><V53/><F9/><W68/><REACH who="3" step="1"/><G49/><AGARI ba="1,1" hai="45,46,47,49,55,57,74,76,83,88,89" m="49739" machi="49" ten="30,2000,0" yaku="19,1,54,1" doraHai="18" who="0" fromWho="3" sc="315,33,234,0,327,0,114,-23" /><INIT seed="2,0,0,5,2,134" ten="348,234,327,91" oya="2" hai0="76,70,15,128,39,17,57,109,34,100,121,54,27" hai1="78,7,116,12,37,51,29,89,0,26,123,63,14" hai2="120,69,83,117,48,47,19,77,106,75,40,16,58" hai3="30,92,35,68,8,59,25,93,23,118,125,102,98"/><V130/><F117/><W112/><G118/><T36/><D121/><U129/><E37/><V44/><F120/><W127/><G112/><T43/><D70/><U67/><E116/><V122/><F122/><W41/><G68/><T111/><D128/><U95/><E123/><V22/><F69/><W10/><G41/><T18/><D100/><U38/><E38/><V84/><F130/><W31/><G59/><T81/><D43/><U107/><E107/><V5/><F106/><W113/><G113/><T124/><D124/><N who="3" m="47689" /><G92/><T126/><D18/><U13/><E78/><V101/><F58/><W86/><G86/><N who="0" m="48423" /><D126/><U73/><E73/><V11/><F75/><W33/><G31/><N who="0" m="19839" /><D54/><U52/><E29/><V97/><F47/><W64/><G64/><T6/><D57/><U114/><E67/><V50/><F50/><W115/><G115/><T32/><D39/><U104/><E63/><V65/><F65/><W85/><G85/><T20/><D36/><U45/><E104/><V28/><F48/><W90/><G102/><T24/><D111/><U82/><E129/><V42/><F44/><W132/><G132/><T21/><D109/><U108/><E108/><V87/><F42/><W3/><G3/><T49/><D49/><U119/><E119/><V66/><F40/><W110/><G110/><T4/><D32/><AGARI ba="0,0" hai="8,10,23,25,30,32,33,35,90,93,98" m="47689" machi="32" ten="30,7700,0" yaku="18,1,52,3" doraHai="134" who="3" fromWho="0" sc="348,-77,234,0,327,0,91,77" /><INIT seed="3,0,0,0,3,22" ten="271,234,327,168" oya="3" hai0="103,120,54,30,5,117,75,29,53,15,104,110,19" hai1="91,106,83,93,7,37,63,98,118,94,80,16,111" hai2="39,87,131,35,45,69,59,81,43,42,36,61,12" hai3="17,68,78,11,44,3,18,33,57,133,67,20,13"/><W129/><G129/><T123/><D117/><U65/><E37/><V51/><F131/><W14/><G133/><T132/><D75/><U127/><E106/><V112/><F112/><W46/><G68/><T113/><D132/><U125/><E7/><V134/><F134/><W89/><G33/><T62/><D5/><U70/><E111/><V6/><F35/><W47/><G3/><T114/><D110/><U10/><E94/><V135/><F135/><W79/><REACH who="3" step="1"/><G89/><REACH who="3" ten="271,234,327,158" step="2"/><T73/><D114/><U25/><E118/><V66/><F69/><W34/><G34/><T40/><D113/><U95/><E95/><V21/><F39/><W85/><G85/><T99/><D120/><U58/><E70/><V4/><F36/><W56/><G56/><T32/><D123/><U92/><E92/><V76/><F43/><W72/><G72/><T82/><D32/><U26/><E125/><V90/><F90/><W121/><G121/><T122/><D40/><U124/><E127/><V130/><F130/><W9/><G9/><T71/><D71/><U41/><E41/><V102/><F102/><W119/><G119/><T0/><D122/><U23/><E124/><V88/><F88/><W105/><G105/><T86/><D73/><U2/><E2/><V100/><F100/><W24/><G24/><N who="1" m="9322" /><E10/><V28/><F28/><N who="0" m="10858" /><D0/><U50/><E50/><V1/><F1/><W126/><G126/><T60/><D86/><U27/><AGARI ba="0,1" hai="16,23,27,58,63,65,80,83,91,93,98" m="9322" machi="27" ten="30,12000,2" yaku="8,1,52,4,54,1" doraHai="22" who="1" fromWho="1" sc="271,-30,234,130,327,-30,158,-60" owari="241,-15.9,364,46.4,297,9.7,98,-40.2" /></mjloggm>