<mjloggm ver="2.3"><GO type="225" lobby="0"/><UN n0="%4B%2E%32%2E%4B%2E" n1="%E3%83%A9%E3%82%B9%E7%8E%87%EF%BC%93%E5%89%B2" n2="%E5%82%8D%E8%8B%A5%E7%84%A1%E4%BA%BA%35%31" n3="%EF%BC%AE%EF%BC%A1%EF%BC%AF%33%33%39" dan="16,17,16,16" rate="2199.85,2228.64,2180.38,2201.74" sx="M,F,M,M"/><TAIKYOKU oya="0"/><INIT seed="0,0,0,4,0,69" ten="250,250,250,250" oya="0" hai0="91,21,75,25,52,68,111,27,118,56,70,77,119" hai1="59,8,76,5,108,4,107,10,120,40,89,15,74" hai2="106,7,123,93,38,41,95,94,57,39,2,66,50" hai3="82,26,87,83,58,32,1,84,20,129,64,44,72"/><T92/><D111/><U122/><E107/><V48/><F123/><W104/><G1/><T73/><D70/><U79/><E108/><V125/><F106/><W16/><G104/><T37/><D68/><U109/><E109/><V135/><F135/><W17/><G32/><T65/><D65/><U43/><E59/><V130/><F130/><W29/><G72/><T78/><D37/><U67/><E89/><V62/><F125/><W36/><G129/><T34/><D34/><U105/><E105/><V112/><F112/><W42/><G58/><T54/><D92/><U31/><E31/><V60/><F60/><W33/><G64/><T86/><D86/><U98/><E98/><V102/><F102/><W81/><REACH who="3" step="1"/><G17/><REACH who="3" ten="250,250,250,240" step="2"/><T35/><D35/><U103/><E67/><V133/><F133/><W100/><G100/><T0/><D56/><U88/><E103/><V134/><F134/><W11/><G11/><T46/><D0/><U53/><E74/><V110/><F110/><W3/><G3/><T85/><D75/><U97/><E122/><V18/><F18/><W121/><G121/><T115/><D73/><U101/><E101/><V51/><REACH who="2" step="1"/><F41/><REACH who="2" ten="250,250,240,240" step="2"/><W14/><AGARI ba="0,2" hai="14,16,20,26,29,33,36,42,44,81,82,83,84,87" machi="14" ten="30,8000,1" yaku="1,1,0,1,52,1,54,1,53,1" doraHai="69" doraHaiUra="28" who="3" fromWho="3" sc="250,-40,250,-20,240,-20,240,100" /><INIT seed="1,0,0,4,2,40" ten="210,230,220,340" oya="1" hai0="45,34,118,70,60,56,54,36,102,127,23,106,131" hai1="80,61,20,49,65,12,105,132,130,99,96,50,15" hai2="69,4,116,86,115,44,28,64,17,25,18,3,135" hai3="83,59,134,39,93,7,95,55,33,79,32,77,113"/><U16/><E130/><V97/><F116/><W14/><G113/><T101/><D118/><U9/><E132/><V35/><F135/><W68/><G68/><T133/><D34/><U104/><E104/><V124/><F115/><W128/><G39/><T98/><D133/><U90/><E105/><V117/><F117/><W88/><G134/><T42/><D127/><U29/><E80/><V41/><F124/><W91/><G14/><T120/><D120/><U38/><E38/><V114/><F114/><W62/><G7/><T63/><D131/><U46/><E90/><V58/><F86/><W71/><G71/><T107/><D23/><U111/><E49/><V121/><F97/><W75/><G79/><T2/><D2/><U8/><E111/><V119/><F69/><W66/><G66/><T89/><D89/><U110/><E110/><V0/><F121/><W10/><G10/><N who="1" m="4202" /><E15/><V37/><F119/><W85/><REACH who="3" step="1"/><G128/><REACH who="3" ten="210,230,220,330" step="2"/><T13/><D13/><U57/><E29/><V73/><F4/><W81/><G81/><T47/><D70/><U27/><E12/><V48/><F3/><W21/><G21/><T76/><D76/><U123/><E123/><V74/><F0/><W22/><G22/><T122/><D122/><U67/><E67/><V103/><F64/><W100/><G100/><T72/><D102/><U125/><E125/><V6/><F6/><W53/><G53/><AGARI ba="0,1" hai="16,20,27,46,50,53,57,61,65,96,99" m="4202" machi="53" ten="30,5800,0" yaku="8,1,52,1,54,1" doraHai="40" who="1" fromWho="3" sc="210,0,230,68,220,0,330,-58" /><INIT seed="1,1,0,4,5,60" ten="210,298,220,272" oya="1" hai0="32,93,39,106,92,109,95,44,52,132,129,18,110" hai1="116,27,79,31,115,11,101,55,42,22,20,81,7" hai2="127,68,91,72,0,80,14,85,126,47,70,56,128" hai3="63,49,73,41,25,10,121,65,67,135,111,84,23"/><U76/><E115/><V105/><F128/><W57/><G73/><T26/><D106/><U38/><E116/><V17/><F0/><W97/><G121/><T118/><D118/><U87/><E101/><V120/><F120/><W12/><G111/><N who="0" m="42507" /><D129/><U123/><E123/><V100/><F56/><W30/><G135/><T51/><D132/><U5/><E79/><V3/><F3/><W58/><G84/><T48/><D39/><U4/><E38/><V102/><F47/><N who="3" m="25839" /><G97/><T6/><D6/><U13/><E42/><V78/><F70/><W89/><G89/><T33/><D51/><U35/><REACH who="1" step="1"/><E55/><REACH who="1" ten="210,288,220,272" step="2"/><V98/><F102/><W45/><G45/><T28/><D44/><U24/><E24/><V61/><F78/><W8/><G12/><T64/><D26/><U108/><E108/><V34/><F72/><W131/><G131/><T2/><D52/><U74/><E74/><V66/><REACH who="2" step="1"/><F34/><REACH who="2" ten="210,288,210,272" step="2"/><W83/><G58/><T133/><D32/><U71/><E71/><V40/><F40/><W94/><G57/><T59/><D133/><U134/><E134/><V46/><F46/><W82/><G25/><T62/><D33/><U75/><E75/><V125/><F125/><W104/><G104/><T1/><D59/><U114/><E114/><V122/><F122/><W88/><G88/><T15/><D62/><U53/><E53/><V54/><F54/><W29/><G63/><T99/><D48/><U19/><AGARI ba="1,2" hai="4,5,7,11,13,19,20,22,27,31,35,76,81,87" machi="19" ten="30,3000,0" yaku="1,1,0,1,53,0" doraHai="60" doraHaiUra="117" who="1" fromWho="1" sc="210,-11,288,53,210,-11,272,-11" /><INIT seed="1,2,0,5,2,67" ten="199,341,199,261" oya="1" hai0="58,14,62,19,73,40,99,28,105,87,126,9,128" hai1="109,91,3,88,103,60,42,69,124,23,125,35,45" hai2="33,112,93,27,130,79,71,29,127,92,97,113,96" hai3="81,39,100,83,30,54,13,52,50,135,34,4,90"/><U1/><E35/><V53/><F130/><W44/><G39/><T78/><D73/><U108/><E103/><V51/><F127/><N who="1" m="48713" /><E23/><V75/><F71/><W68/><G68/><T115/><D115/><N who="2" m="44106" /><F79/><W38/><G38/><T107/><D40/><U121/><E121/><V80/><F75/><W129/><G100/><T118/><D99/><N who="2" m="37962" /><F80/><W74/><G74/><T134/><D134/><U102/><E102/><V72/><F72/><W37/><G135/><T133/><D133/><U56/><E69/><V2/><F2/><N who="1" m="521" /><E56/><AGARI ba="2,0" hai="27,29,33,51,53,56,92,93" m="37962,44106" machi="56" ten="30,1000,0" yaku="11,1" doraHai="67" who="2" fromWho="1" sc="199,0,341,-16,199,16,261,0" /><INIT seed="2,0,0,0,5,65" ten="199,325,215,261" oya="2" hai0="104,105,109,75,49,102,18,1,133,92,43,76,110" hai1="94,122,95,117,10,129,53,0,8,29,35,46,15" hai2="16,83,67,4,78,42,74,113,57,56,19,34,126" hai3="58,108,106,41,66,7,132,25,69,3,50,91,120"/><V121/><F121/><W99/><G120/><T37/><D37/><U13/><E117/><V85/><F113/><W36/><G25/><T45/><D1/><U26/><E0/><V134/><F134/><W128/><G91/><T24/><D133/><U70/><E70/><V97/><F126/><W135/><G99/><N who="0" m="59751" /><D76/><U114/><E114/><V116/><F116/><W60/><G106/><T107/><D18/><U21/><E129/><V61/><F34/><W131/><G7/><T22/><D22/><U48/><E35/><V28/><F28/><W100/><G100/><T98/><D75/><U44/><E44/><V55/><F42/><W40/><G3/><T51/><D24/><U9/><E122/><V103/><F4/><W77/><G77/><T38/><D98/><U72/><E72/><V64/><F74/><W87/><G87/><T33/><D33/><U90/><E95/><V73/><F73/><W118/><G118/><T5/><D5/><U119/><E119/><V68/><F67/><W6/><G6/><T115/><D115/><U30/><REACH who="1" step="1"/><E29/><REACH who="1" ten="199,315,215,261" step="2"/><V125/><F125/><W17/><G135/><T71/><D71/><U124/><E124/><V88/><F68/><W47/><G132/><T20/><D107/><U2/><E2/><V89/><F89/><W81/><G131/><T63/><D105/><U130/><E130/><V12/><F78/><W123/><G128/><T54/><D104/><U86/><AGARI ba="0,1" hai="8,9,10,13,15,21,26,30,46,48,53,86,90,94" machi="86" ten="30,4000,0" yaku="1,1,0,1,8,1,53,0" doraHai="65" doraHaiUra="52" who="1" fromWho="1" sc="199,-10,315,50,215,-20,261,-10" /><INIT seed="3,0,0,1,5,34" ten="189,365,195,251" oya="3" hai0="0,38,99,65,123,46,121,128,2,134,132,53,73" hai1="30,98,47,131,120,86,24,1,44,76,126,72,4" hai2="25,94,71,6,28,20,59,112,7,70,15,130,75" hai3="49,13,124,91,40,43,56,133,83,32,80,96,74"/><W27/><G133/><N who="0" m="51307" /><D128/><U78/><E126/><V66/><F75/><W90/><G124/><T104/><D73/><U115/><E115/><V62/><F112/><W108/><G32/><T33/><D33/><U92/><E120/><N who="0" m="46153" /><D65/><U5/><E5/><V77/><F77/><W79/><G27/><T8/><D8/><U58/><E78/><V64/><F130/><W68/><G68/><T16/><D16/><U127/><E72/><V18/><F94/><W113/><G113/><T3/><D53/><U42/><E127/><V9/><F66/><W89/><G83/><T29/><D29/><U12/><E30/><V105/><F105/><W81/><G81/><T67/><D67/><U95/><E24/><V129/><F129/><W84/><G74/><T48/><D38/><U122/><E122/><V51/><F51/><W88/><G13/><T11/><D11/><U14/><E12/><V103/><F103/><W61/><G49/><T116/><D116/><U60/><E14/><V97/><F97/><W54/><G108/><T102/><D48/><U93/><E131/><V23/><F6/><W106/><G106/><T52/><D52/><U109/><E98/><V31/><F31/><W57/><G57/><T63/><D63/><U85/><E58/><V111/><F111/><W107/><G107/><T22/><D22/><U110/><E60/><V19/><F28/><W45/><G45/><AGARI ba="0,0" hai="0,2,3,45,46,99,102,104" m="46153,51307" machi="45" ten="40,8000,1" yaku="20,1,52,3" doraHai="34" who="0" fromWho="3" sc="189,80,365,0,195,0,251,-80" owari="269,6.9,365,46.5,195,-20.5,171,-32.9" /></mjloggm>