<mjloggm ver="2.3"><GO type="225" lobby="0"/><UN n0="%E5%91%A8%E6%9D%B1" n1="%E6%B4%BE%E9%81%A3%E3%81%AE%E3%82%B8%E3%83%A3%E3%83%83%E3%82%AF" n2="%E6%98%93%E5%88%A9%E8%96%A9%E4%BC%AF" n3="%E3%81%BF%E3%81%BF%E3%81%9A" dan="17,17,17,18" rate="2240.41,2207.72,2191.01,2266.19" sx="M,M,F,M"/><TAIKYOKU oya="0"/><INIT seed="0,0,0,5,4,70" ten="250,250,250,250" oya="0" hai0="28,124,120,116,19,47,108,97,5,82,92,107,37" hai1="30,0,44,2,119,39,53,64,51,27,113,98,84" hai2="79,77,104,129,49,127,132,36,42,56,22,68,3" hai3="35,16,31,65,33,13,83,57,52,24,130,122,126"/><T59/><D120/><U10/><E119/><V29/><F104/><W43/><G122/><T46/><D116/><U34/><E113/><V54/><F3/><W135/><G126/><T67/><D107/><U60/><E84/><V99/><F129/><W100/><G130/><T125/><D108/><U102/><E10/><V103/><F132/><W90/><G135/><T69/><D69/><U55/><E55/><V86/><F68/><W114/><G114/><T115/><D115/><U12/><E12/><V32/><F32/><W71/><G35/><T133/><D133/><U66/><E66/><V9/><F9/><W48/><G100/><T50/><D5/><U40/><E60/><V20/><F86/><W118/><G118/><T110/><D110/><U6/><E64/><V87/><F87/><W111/><G111/><T14/><D28/><U15/><E15/><V76/><F29/><W91/><G83/><T106/><D106/><U8/><E2/><V85/><F85/><W26/><G26/><T105/><D105/><U11/><E11/><V81/><F81/><W21/><REACH who="3" step="1"/><G43/><REACH who="3" ten="250,250,250,240" step="2"/><N who="0" m="22895" /><D82/><U62/><E102/><V123/><F123/><W23/><G23/><N who="0" m="11767" /><D125/><U63/><REACH who="1" step="1"/><E98/><REACH who="1" ten="250,240,250,240" step="2"/><V1/><F99/><W75/><G75/><T128/><D124/><U101/><E101/><V95/><F103/><W25/><G25/><T131/><D97/><U117/><E117/><V88/><F127/><W58/><G58/><AGARI ba="0,2" hai="0,6,8,27,30,34,39,40,44,51,53,58,62,63" machi="58" ten="30,3900,0" yaku="1,1,7,1,52,1,53,0" doraHai="70" doraHaiUra="109" who="1" fromWho="3" sc="250,0,240,59,250,0,240,-39" /><INIT seed="1,0,0,0,4,60" ten="250,299,250,201" oya="1" hai0="102,22,37,87,1,104,130,39,8,36,114,92,90" hai1="73,69,75,98,47,3,108,32,78,124,84,4,29" hai2="113,80,48,7,61,38,68,70,51,96,16,9,25" hai3="65,66,128,116,58,40,30,71,56,50,89,126,107"/><U127/><E84/><V129/><F38/><W72/><G107/><T100/><D114/><U28/><E98/><V57/><F129/><W33/><G72/><T123/><D130/><U83/><E75/><V59/><F113/><W105/><G105/><T120/><D22/><U46/><E108/><V20/><F80/><W19/><G128/><T44/><D44/><U101/><E101/><V17/><F17/><W18/><G71/><T106/><D106/><U35/><E69/><V109/><F109/><W121/><G121/><N who="0" m="46667" /><D104/><U79/><E73/><V34/><F34/><W53/><G126/><T5/><AGARI ba="0,0" hai="1,5,8,36,37,39,87,90,92,100,102" m="46667" machi="5" ten="40,1500,0" yaku="13,1" doraHai="60" who="0" fromWho="0" sc="250,15,299,-7,250,-4,201,-4" /><INIT seed="2,0,0,5,4,18" ten="265,292,246,197" oya="2" hai0="0,2,78,98,31,116,113,120,49,39,36,126,83" hai1="87,70,40,118,66,95,104,130,42,34,97,133,50" hai2="134,54,72,67,129,30,127,61,128,37,77,124,125" hai3="132,88,3,90,58,76,108,71,96,114,100,6,5"/><V20/><F37/><W19/><G71/><T115/><D120/><U14/><E118/><V7/><F54/><W11/><G108/><T106/><D49/><U56/><E34/><V32/><F32/><W64/><G132/><T107/><D31/><U102/><E130/><N who="2" m="50283" /><F7/><N who="3" m="2571" /><G76/><T16/><D116/><U109/><E109/><V27/><F134/><W33/><G33/><T75/><D16/><U44/><E133/><V25/><F25/><W21/><G11/><T69/><D69/><U22/><E42/><V123/><F123/><W121/><G3/><N who="0" m="1067" /><D126/><U111/><E111/><V84/><F72/><W119/><G119/><T23/><D23/><U15/><E22/><V68/><F84/><W112/><G121/><T91/><D39/><U28/><E28/><V74/><F74/><W13/><G58/><T63/><D36/><U62/><E70/><V122/><F122/><W93/><G64/><T24/><D75/><U38/><E38/><V89/><F89/><W101/><G90/><T99/><D91/><U4/><E4/><V46/><F46/><W135/><G135/><T26/><D113/><AGARI ba="0,0" hai="13,19,21,88,93,96,100,101,112,113,114" m="2571" machi="113" ten="30,3900,0" yaku="11,1,52,1,54,1" doraHai="18" who="3" fromWho="0" sc="265,-39,292,0,246,0,197,39" /><INIT seed="3,0,0,5,5,70" ten="226,292,246,236" oya="3" hai0="58,15,16,88,64,22,135,76,107,128,17,96,129" hai1="104,11,7,25,8,65,81,63,79,86,46,53,90" hai2="55,24,87,75,42,2,131,33,113,6,60,85,111" hai3="62,10,84,4,108,21,124,35,115,105,9,125,121"/><W112/><G105/><T92/><D107/><U3/><E104/><V49/><F75/><W26/><G121/><T103/><D135/><U29/><E79/><V30/><F113/><W1/><G84/><T117/><D117/><U73/><E73/><V127/><F111/><W5/><G62/><N who="0" m="37975" /><D76/><U39/><E39/><V68/><F42/><W91/><G91/><T122/><D122/><U28/><E8/><V114/><F131/><N who="0" m="50250" /><D17/><U130/><E130/><V78/><F78/><W31/><G21/><T36/><D36/><U13/><E3/><V98/><F98/><W56/><G56/><T67/><D67/><U99/><E99/><V48/><F87/><W102/><G102/><AGARI ba="0,0" hai="15,16,22,88,92,96,102,103" m="50250,37975" machi="102" ten="30,3900,0" yaku="19,1,54,2" doraHai="70" who="0" fromWho="3" sc="226,39,292,0,246,0,236,-39" /><INIT seed="4,0,0,3,0,47" ten="265,292,246,197" oya="0" hai0="70,7,24,2,32,40,131,26,41,94,92,111,31" hai1="128,78,103,30,77,99,39,91,46,19,109,110,120" hai2="9,130,112,85,106,117,121,25,63,59,76,89,52" hai3="61,17,14,10,64,74,125,18,129,29,20,22,81"/><T100/><D70/><U27/><E120/><V116/><F121/><W44/><G125/><T0/><D111/><U33/><E128/><V71/><F106/><W95/><G129/><T65/><D131/><U101/><E101/><V57/><F112/><W84/><G74/><T107/><D107/><U6/><E6/><V42/><F71/><W73/><G73/><T43/><D65/><U38/><E91/><V72/><F42/><W49/><G29/><T96/><D7/><U56/><E56/><V35/><F9/><W127/><G95/><T45/><D94/><U28/><E28/><V82/><F35/><W86/><G127/><T133/><D133/><U97/><E19/><V134/><F25/><W102/><G102/><T123/><D123/><U53/><E103/><V51/><F134/><W79/><G86/><T105/><D105/><U68/><E68/><V11/><F11/><W50/><G44/><T4/><D4/><U104/><E104/><V36/><F36/><W115/><G115/><T60/><D60/><U55/><E46/><V8/><F8/><W118/><G118/><N who="2" m="45673" /><F130/><W119/><G119/><T34/><D45/><U66/><E33/><V48/><F59/><N who="3" m="36927" /><G10/><T37/><D37/><U54/><E38/><V5/><F5/><W16/><G17/><T15/><D15/><AGARI ba="0,0" hai="14,15,16,18,20,22,49,50,79,81,84" m="36927" machi="15" ten="30,7700,0" yaku="8,1,52,2,54,1" doraHai="47" who="3" fromWho="0" sc="265,-77,292,0,246,0,197,77" /><INIT seed="5,0,0,5,0,119" ten="188,292,246,274" oya="1" hai0="47,3,59,106,20,10,121,95,77,69,44,116,79" hai1="64,67,122,56,60,23,25,22,30,112,40,12,127" hai2="35,29,57,123,83,19,75,49,50,102,18,125,96" hai3="70,93,14,88,117,33,7,16,114,100,108,38,73"/><U90/><E122/><V81/><F125/><W54/><G114/><T63/><D106/><U134/><E112/><V37/><F37/><W9/><G73/><T32/><D32/><U55/><E134/><V103/><F103/><W24/><G108/><T135/><D116/><U28/><E127/><V0/><F0/><W98/><G38/><T101/><D69/><U82/><E40/><V131/><F131/><W107/><G70/><T11/><D135/><U124/><E124/><V13/><F35/><W17/><G117/><T45/><D121/><U53/><E53/><V84/><F29/><W46/><G33/><T128/><D128/><U66/><E12/><V76/><F57/><W62/><G24/><T21/><D3/><U92/><E82/><V42/><F19/><W109/><G109/><T2/><D2/><U91/><E92/><V118/><F42/><W39/><G62/><T105/><D105/><U6/><E6/><V86/><F75/><W41/><G54/><T104/><D104/><U110/><E110/><V94/><F123/><W51/><G39/><T61/><D95/><U85/><E85/><AGARI ba="0,0" hai="7,9,14,16,17,41,46,51,85,88,93,98,100,107" machi="85" ten="30,3900,0" yaku="7,1,54,2" doraHai="119" who="3" fromWho="1" sc="188,0,292,-39,246,0,274,39" owari="188,-31.2,253,5.3,246,-15.4,313,41.3" /></mjloggm>