<mjloggm ver="2.3"><GO type="225" lobby="0"/><UN n0="%E6%98%93%E5%88%A9%E8%96%A9%E4%BC%AF" n1="%E3%81%94%E3%81%BE%E6%B2%B9%E9%A3%B2%E3%81%BF%E5%A4%AA%E9%83%8E" n2="%4B%2E%32%2E%4B%2E" n3="%E5%91%A8%E6%9D%B1" dan="17,16,17,17" rate="2103.00,2087.47,2189.13,2125.11" sx="F,M,M,M"/><TAIKYOKU oya="0"/><INIT seed="0,0,0,2,1,30" ten="250,250,250,250" oya="0" hai0="89,94,44,79,27,56,112,132,41,91,25,131,130" hai1="63,102,101,66,18,3,34,45,120,54,5,70,6" hai2="125,127,49,46,97,108,103,83,78,114,32,36,14" hai3="117,38,75,17,39,48,16,21,60,71,106,116,12"/><T68/><D112/><U90/><E120/><V110/><F114/><W119/><G106/><T133/><D68/><U26/><E18/><V9/><F36/><W104/><G104/><T100/><D100/><U73/><E73/><N who="2" m="43471" /><F97/><W24/><G75/><T29/><D79/><U88/><E102/><V58/><F58/><W92/><G92/><T37/><D56/><U40/><E54/><N who="2" m="30007" /><F32/><W65/><REACH who="3" step="1"/><G48/><REACH who="3" ten="250,250,250,240" step="2"/><T10/><D94/><U20/><E101/><V11/><F103/><W15/><G15/><T57/><D37/><U33/><E3/><V98/><F98/><W72/><G72/><T1/><D1/><U77/><E77/><V59/><F14/><W28/><G28/><T23/><D29/><U113/><E90/><V7/><F7/><W47/><G47/><T99/><D99/><U86/><E113/><V124/><F59/><W105/><G105/><T115/><D57/><U64/><E45/><V118/><F118/><W74/><G74/><T53/><D44/><U61/><E40/><V4/><F4/><W107/><G107/><T0/><D41/><U82/><E6/><V35/><F35/><W85/><G85/><T87/><D87/><U8/><E5/><V52/><F52/><W69/><G69/><T62/><D53/><U31/><E33/><V42/><F42/><W111/><G111/><AGARI ba="0,1" hai="9,11,108,110,111,124,125,127" m="30007,43471" machi="111" ten="40,2600,0" yaku="14,1,18,1" doraHai="30" who="2" fromWho="3" sc="250,0,250,0,250,36,240,-26" /><INIT seed="1,0,0,2,1,53" ten="250,250,286,214" oya="1" hai0="59,127,105,29,122,132,67,77,36,52,76,10,104" hai1="28,126,125,129,26,102,60,133,106,45,11,49,107" hai2="81,61,69,48,40,91,93,89,68,109,73,78,100" hai3="85,65,86,42,116,71,72,97,31,131,35,119,51"/><U99/><E133/><V9/><F109/><W94/><G72/><T101/><D36/><U95/><E129/><V46/><F100/><W123/><G123/><T13/><D132/><U82/><E82/><V33/><F33/><W70/><G131/><T12/><D127/><N who="1" m="48651" /><E11/><V79/><F79/><W8/><G8/><T112/><D112/><U3/><E60/><V23/><F23/><W1/><G1/><T22/><D67/><U88/><E102/><V117/><F117/><N who="3" m="45131" /><G65/><T24/><D13/><U32/><E3/><V134/><F134/><W113/><G113/><T96/><D105/><U38/><E38/><V0/><F61/><W114/><G114/><T118/><D122/><U75/><E75/><V4/><REACH who="2" step="1"/><F89/><REACH who="2" ten="250,250,276,214" step="2"/><N who="3" m="55503" /><G35/><T66/><D118/><U2/><E2/><V128/><F128/><W16/><G31/><T115/><D115/><U130/><E130/><V63/><F63/><W62/><G62/><T110/><D110/><U30/><E30/><V108/><F108/><W44/><G71/><T56/><D66/><U41/><AGARI ba="0,1" hai="26,28,32,41,45,49,88,95,99,106,107" m="48651" machi="41" ten="30,3000,0" yaku="18,1,54,1" doraHai="53" who="1" fromWho="1" sc="250,-10,250,40,276,-10,214,-10" /><INIT seed="1,1,0,1,0,123" ten="240,290,266,204" oya="1" hai0="16,6,115,35,42,20,27,80,62,99,104,113,68" hai1="79,74,69,50,127,117,11,41,132,95,76,66,47" hai2="61,49,94,118,111,108,51,134,13,36,120,71,81" hai3="24,85,37,88,82,28,56,130,48,8,87,65,26"/><U92/><E117/><V31/><F120/><W96/><G130/><T100/><D6/><U52/><E127/><V78/><F118/><W44/><G37/><T131/><D131/><U40/><E132/><V14/><F36/><W110/><G96/><T63/><D42/><N who="1" m="16491" /><E69/><V39/><F39/><W128/><G128/><T21/><D35/><U17/><E66/><V121/><F121/><W84/><G8/><T119/><D119/><U75/><E75/><V107/><F107/><W124/><G124/><T15/><D80/><U5/><E5/><V57/><F71/><W43/><G110/><N who="2" m="42025" /><F31/><W125/><G125/><T86/><D86/><U91/><E74/><N who="2" m="43223" /><F94/><W106/><G106/><T89/><D89/><U45/><E95/><V33/><F33/><W122/><G122/><T53/><D68/><U105/><E105/><V133/><F133/><W19/><G19/><T54/><D113/><U64/><E91/><V83/><F83/><W103/><G103/><T12/><D115/><U9/><E92/><V25/><F25/><W7/><G7/><T59/><D27/><N who="3" m="10281" /><G28/><T38/><D38/><U112/><E17/><V46/><F134/><W70/><G70/><T114/><D114/><U34/><E34/><V30/><F30/><W135/><G135/><T55/><D16/><U98/><E79/><V32/><F32/><W116/><G116/><T72/><D72/><U77/><E77/><V90/><F90/><W129/><G129/><T102/><D102/><U0/><E76/><V97/><F97/><W73/><G73/><T93/><D104/><U126/><E112/><V23/><F13/><RYUUKYOKU ba="1,0" sc="240,-10,290,-10,266,-10,204,30" hai3="43,44,48,56,65,82,84,85,87,88" /><INIT seed="2,2,0,5,5,130" ten="230,280,256,234" oya="2" hai0="3,32,36,111,107,75,98,52,14,5,58,122,43" hai1="74,126,64,85,72,71,87,16,76,96,80,86,134" hai2="89,29,15,57,129,47,37,26,46,69,21,54,117" hai3="119,124,127,97,31,118,59,4,33,39,133,40,93"/><V100/><F69/><W116/><G4/><T22/><D111/><U82/><E64/><V28/><F117/><W77/><G33/><T105/><D75/><N who="1" m="28715" /><E16/><V7/><F129/><W45/><G31/><T35/><D122/><U125/><E71/><V49/><F100/><W114/><G114/><T53/><D3/><U91/><E134/><V13/><F29/><W1/><G1/><T90/><D36/><U56/><E56/><V104/><F104/><W41/><G77/><T92/><D43/><U19/><E19/><V110/><F110/><W9/><G9/><T61/><D53/><U88/><E76/><V94/><F37/><W8/><G8/><T27/><D35/><U120/><E120/><V101/><F7/><W81/><G81/><N who="1" m="31338" /><E96/><V70/><F70/><W23/><G23/><T112/><D112/><U83/><E83/><V102/><F15/><W113/><G113/><T60/><D32/><U11/><E11/><V55/><F13/><W84/><G41/><T73/><D73/><U65/><E65/><V99/><F46/><W51/><G84/><T135/><D14/><U30/><E30/><V78/><F78/><W20/><G20/><T17/><D5/><U132/><E132/><V103/><F55/><N who="3" m="32255" /><G133/><T50/><REACH who="0" step="1"/><D135/><REACH who="0" ten="220,280,256,234" step="2"/><U25/><E25/><V123/><F123/><W109/><G109/><T79/><D79/><U131/><E131/><V68/><F47/><W38/><G38/><T10/><D10/><U0/><E0/><V121/><F121/><W115/><G115/><T128/><D128/><U63/><E63/><AGARI ba="2,1" hai="17,22,27,50,52,58,60,61,63,90,92,98,105,107" machi="63" ten="40,5200,0" yaku="1,1,54,1,53,1" doraHai="130" doraHaiUra="44" who="0" fromWho="1" sc="220,68,280,-58,256,0,234,0" /><INIT seed="3,0,0,3,1,15" ten="288,222,256,234" oya="3" hai0="48,94,123,11,2,4,92,32,46,107,113,68,126" hai1="104,34,131,74,31,96,110,43,78,33,62,66,19" hai2="38,40,84,90,75,115,69,79,50,116,76,44,25" hai3="103,45,29,91,24,56,51,97,71,134,87,17,57"/><W8/><G134/><T119/><D123/><U108/><E131/><V72/><F115/><W0/><G71/><T133/><D119/><U132/><E132/><V23/><F116/><W6/><G17/><T52/><D133/><U106/><E43/><V61/><F75/><W5/><G5/><T128/><D128/><U20/><E31/><V63/><F72/><W60/><G60/><N who="2" m="23113" /><F38/><W10/><G10/><T118/><D118/><U129/><E78/><V85/><F85/><W135/><G135/><T121/><D68/><N who="1" m="42071" /><E74/><V59/><F59/><W120/><G120/><T98/><D113/><U88/><E104/><V39/><F39/><W130/><G130/><T35/><D126/><U99/><E106/><V27/><F27/><W122/><G122/><T70/><D70/><U81/><E99/><V111/><F111/><N who="1" m="42537" /><E129/><V58/><F58/><W28/><G28/><T42/><D42/><U65/><E65/><V55/><F40/><N who="3" m="24999" /><G97/><T49/><D49/><U1/><E1/><V21/><F69/><W12/><G0/><T7/><D121/><U14/><E96/><V64/><F64/><W114/><G114/><T101/><REACH who="0" step="1"/><D7/><REACH who="0" ten="278,222,256,234" step="2"/><U93/><E93/><AGARI ba="0,1" hai="2,4,11,32,35,46,48,52,92,93,94,98,101,107" machi="93" ten="40,5200,0" yaku="1,1,2,1,54,1,53,0" doraHai="15" doraHaiUra="117" who="0" fromWho="1" sc="278,62,222,-52,256,0,234,0" owari="340,44.0,170,-33.0,256,5.6,234,-16.6" /></mjloggm>