<mjloggm ver="2.3"><GO type="225" lobby="0"/><UN n0="%E8%81%B7%E6%A5%AD%E3%80%81%E9%A2%A8%32" n1="%E9%BA%BB%E9%9B%80%E5%B0%91%E5%B9%B4" n2="%E6%B4%BE%E9%81%A3%E3%81%AE%E3%82%B8%E3%83%A3%E3%83%83%E3%82%AF" n3="%E3%82%BC%E3%83%AB%E3%83%80%E3%81%AE%E4%BC%9D%E8%AA%AC" dan="16,17,17,17" rate="2169.53,2152.95,2167.32,2165.69" sx="M,M,M,M"/><TAIKYOKU oya="0"/><INIT seed="0,0,0,2,1,124" ten="250,250,250,250" oya="0" hai0="130,81,101,31,33,116,80,93,105,77,2,4,39" hai1="9,86,20,67,79,26,129,47,68,32,114,56,60" hai2="82,10,0,119,92,65,57,30,58,16,22,64,71" hai3="95,120,111,85,87,135,102,46,3,117,134,98,37"/><T48/><D116/><U45/><E114/><V23/><F119/><W1/><G117/><T27/><D48/><U100/><E32/><V8/><F82/><W96/><G37/><T127/><D93/><U106/><E129/><V55/><F71/><W50/><G111/><T21/><D81/><U108/><E108/><V42/><F42/><W112/><G112/><T29/><D127/><U66/><E100/><V113/><F113/><W107/><G1/><T38/><D21/><U97/><E97/><V43/><F43/><W91/><G3/><T70/><D29/><U5/><E67/><V73/><F73/><W126/><G126/><T72/><D130/><U13/><E68/><V133/><F133/><N who="3" m="50699" /><G120/><T25/><D25/><U74/><E74/><V128/><F128/><W125/><G125/><T52/><D52/><AGARI ba="0,0" hai="46,50,52,85,87,91,95,96,98,102,107" m="50699" machi="52" ten="30,2000,0" yaku="20,1,54,1" doraHai="124" who="3" fromWho="0" sc="250,-20,250,0,250,0,250,20" /><INIT seed="1,0,0,1,4,1" ten="230,250,250,270" oya="1" hai0="99,75,7,42,30,25,60,6,87,46,47,93,129" hai1="51,16,63,113,95,83,49,53,91,55,32,121,111" hai2="128,67,80,34,43,89,123,117,48,119,112,126,35" hai3="92,69,11,106,120,71,131,9,79,90,132,54,114"/><U109/><E113/><V104/><F123/><W70/><G120/><T62/><D129/><U23/><E32/><V3/><F104/><W28/><G114/><T122/><D75/><U59/><E83/><V22/><F112/><W29/><G106/><T130/><D122/><U26/><E121/><V57/><F3/><W82/><G132/><T65/><D130/><U74/><E74/><V10/><F128/><W86/><G131/><T61/><D87/><U125/><E125/><V97/><F126/><W94/><G54/><T4/><D65/><U45/><REACH who="1" step="1"/><E49/><REACH who="1" ten="230,240,250,270" step="2"/><V33/><F80/><W17/><G82/><T127/><D127/><U21/><E21/><V38/><F22/><W133/><G133/><T66/><D66/><U110/><E110/><V36/><F67/><W14/><G79/><T88/><REACH who="0" step="1"/><D42/><REACH who="0" ten="220,240,250,270" step="2"/><U2/><E2/><V27/><F43/><W31/><REACH who="3" step="1"/><G92/><REACH who="3" ten="220,240,250,260" step="2"/><T96/><D96/><AGARI ba="0,3" hai="16,23,26,45,51,53,55,59,63,91,95,96,109,111" machi="96" ten="40,12000,1" yaku="1,1,25,2,54,1,53,0" doraHai="1" doraHaiUra="73" who="1" fromWho="0" sc="220,-120,240,150,250,0,260,0" /><INIT seed="1,1,0,5,2,49" ten="100,390,250,260" oya="1" hai0="134,79,42,98,78,21,32,37,111,17,107,97,36" hai1="3,66,112,26,39,52,95,115,30,43,53,99,96" hai2="122,100,104,101,62,55,34,103,85,19,86,125,9" hai3="23,106,31,38,50,74,81,61,56,60,35,1,27"/><U8/><E66/><V0/><F122/><W33/><G106/><T2/><D32/><U132/><E132/><V20/><F34/><W72/><G38/><T12/><D2/><U44/><E115/><V59/><F104/><W68/><G1/><T15/><D134/><U76/><E112/><V11/><F125/><W126/><G126/><T117/><D111/><U6/><E76/><V64/><F64/><W93/><G68/><T131/><D131/><U82/><E82/><V90/><F0/><W10/><G10/><N who="2" m="3593" /><F90/><W5/><G5/><T7/><D7/><U16/><E16/><V83/><F83/><W128/><G93/><T92/><D17/><U127/><E127/><V54/><F54/><W109/><G109/><T110/><D110/><U120/><E120/><V67/><F67/><W28/><G33/><T24/><D107/><U84/><E84/><V113/><F113/><W80/><G35/><T123/><D42/><U91/><E99/><V41/><F41/><W58/><G128/><T102/><D102/><N who="2" m="26114" /><V114/><DORA hai="18" /><F114/><W57/><G72/><T124/><D124/><U25/><REACH who="1" step="1"/><E30/><REACH who="1" ten="100,380,250,260" step="2"/><V48/><F85/><W51/><G31/><T129/><D123/><U89/><E89/><V45/><F86/><W71/><G80/><T14/><D129/><U40/><E40/><N who="2" m="24615" /><F19/><W88/><G88/><N who="0" m="55431" /><D117/><U135/><E135/><V70/><F70/><W13/><G71/><T94/><D79/><U121/><E121/><V118/><F118/><W65/><G81/><T133/><D78/><U108/><E108/><V22/><AGARI ba="1,1" hai="20,22,55,59,62" m="24615,26114,3593" machi="22" ten="40,8000,1" yaku="8,1,52,3" doraHai="49,18" who="2" fromWho="2" sc="100,-21,380,-41,250,93,260,-21" /><INIT seed="2,0,0,5,0,4" ten="79,339,343,239" oya="2" hai0="130,56,25,117,108,77,3,32,2,107,13,42,83" hai1="118,34,19,115,57,92,119,45,75,39,7,11,61" hai2="129,120,66,18,64,14,114,1,52,80,124,9,53" hai3="33,6,96,38,91,12,122,0,21,47,98,43,131"/><V135/><F120/><W109/><G122/><T49/><D108/><U85/><E75/><V60/><F114/><W36/><G109/><T37/><D117/><U10/><E115/><V72/><F124/><W58/><G131/><T112/><D130/><U16/><E34/><V132/><F129/><W27/><G38/><T88/><D107/><U89/><E119/><V41/><F41/><W63/><G0/><T22/><D112/><U44/><E118/><V106/><F106/><W35/><G91/><T17/><D37/><U101/><E101/><V127/><F127/><W100/><G12/><T121/><D121/><U87/><E87/><V15/><F1/><W8/><G8/><N who="1" m="3114" /><E39/><V105/><F15/><W30/><G6/><T71/><D71/><U126/><E7/><V62/><F105/><W94/><REACH who="3" step="1"/><G98/><REACH who="3" ten="79,339,343,229" step="2"/><T5/><D5/><U133/><E126/><V76/><F135/><W20/><G20/><T31/><D77/><U123/><E133/><V81/><F132/><W93/><G93/><T48/><D42/><U128/><E128/><V84/><F80/><W97/><G97/><T104/><D104/><U113/><E113/><V99/><F99/><W24/><G24/><T86/><REACH who="0" step="1"/><D49/><REACH who="0" ten="69,339,343,229" step="2"/><U116/><E116/><V103/><F76/><W54/><AGARI ba="0,2" hai="21,27,30,33,35,36,43,47,54,58,63,94,96,100" machi="54" ten="20,2700,0" yaku="1,1,0,1,7,1,53,0" doraHai="4" doraHaiUra="74" who="3" fromWho="3" sc="69,-7,339,-7,343,-13,229,47" /><INIT seed="3,0,0,1,0,115" ten="62,332,330,276" oya="3" hai0="33,28,17,134,45,113,80,99,25,96,127,62,92" hai1="109,116,84,75,114,125,5,56,108,131,118,86,31" hai2="15,44,59,3,54,103,10,23,130,24,38,46,19" hai3="43,79,63,18,97,123,104,110,106,117,37,41,47"/><W90/><G123/><T66/><D113/><U69/><E69/><V120/><F3/><W8/><G117/><N who="1" m="45162" /><E75/><V132/><F120/><W50/><G110/><N who="1" m="42602" /><E114/><V22/><F130/><W27/><G79/><T102/><D127/><U26/><E131/><V68/><F68/><W12/><G63/><T7/><D134/><U13/><E125/><V129/><F129/><W81/><G27/><T67/><D7/><U70/><E70/><V65/><F65/><W51/><G37/><T57/><D67/><U126/><E126/><V6/><F132/><W105/><G81/><T48/><D33/><N who="1" m="20727" /><E56/><V128/><F128/><W72/><G72/><T29/><D29/><U94/><E94/><V121/><F121/><W100/><REACH who="3" step="1"/><G90/><REACH who="3" ten="62,332,330,266" step="2"/><T32/><D80/><U1/><E1/><V101/><F38/><W52/><G52/><T107/><D17/><U14/><E14/><N who="2" m="5463" /><F103/><W11/><G11/><AGARI ba="0,1" hai="5,11,13,84,86" m="20727,42602,45162" machi="11" ten="30,8000,1" yaku="12,1,14,1,52,3" doraHai="115" who="1" fromWho="3" sc="62,0,332,90,330,0,266,-80" owari="62,-43.8,422,52.2,330,13.0,186,-21.4" /></mjloggm>