<mjloggm ver="2.3"><GO type="225" lobby="0"/><UN n0="%E9%BB%99%E8%81%B4%E3%81%AE%E3%81%99%E3%82%9D%E3%82%81" n1="%E3%83%B4%E3%83%A0%EF%BC%99%E3%81%A6" n2="%70%68%65%6E%6F%6D%65" n3="%E4%B8%8A%E4%BA%95%E8%8D%89" dan="16,16,16,16" rate="2127.42,2157.08,2150.68,2102.50" sx="M,M,M,M"/><TAIKYOKU oya="0"/><INIT seed="0,0,0,1,5,56" ten="250,250,250,250" oya="0" hai0="13,25,89,128,118,120,121,90,75,15,83,2,1" hai1="11,124,116,94,48,19,100,85,66,7,8,125,57" hai2="112,4,18,69,24,63,52,122,67,71,92,73,27" hai3="54,0,53,42,103,23,126,43,9,98,70,62,34"/><T105/><D105/><U123/><E123/><V21/><F122/><W41/><G34/><T115/><D83/><U45/><E116/><V106/><F106/><W129/><G126/><T31/><D75/><U110/><E110/><V91/><F73/><W127/><G127/><T95/><D31/><U26/><E125/><V86/><F4/><W59/><G70/><T30/><D30/><U46/><E46/><V101/><F112/><W104/><G129/><T72/><D72/><U55/><E124/><V39/><F39/><W22/><G0/><T38/><D38/><U97/><E85/><V135/><F135/><W47/><G9/><T28/><D28/><U108/><E108/><V102/><F71/><W10/><G10/><T58/><D58/><U61/><E7/><V107/><F107/><W16/><G23/><AGARI ba="0,0" hai="8,11,19,23,26,45,48,55,57,61,66,94,97,100" machi="23" ten="40,2600,0" yaku="8,1,52,1" doraHai="56" who="1" fromWho="3" sc="250,0,250,26,250,0,250,-26" /><INIT seed="1,0,0,0,2,132" ten="250,276,250,224" oya="1" hai0="78,51,120,59,9,112,109,13,117,40,2,97,4" hai1="98,127,15,71,52,119,62,19,90,67,70,6,48" hai2="12,63,82,86,34,64,106,80,32,56,126,96,125" hai3="25,54,110,115,42,131,102,92,37,50,55,77,100"/><U33/><E119/><V11/><F106/><W84/><G115/><T69/><D69/><U58/><E33/><V49/><F96/><W16/><G110/><T133/><D112/><U23/><E127/><N who="2" m="48651" /><F49/><W66/><G131/><T57/><D117/><U101/><E6/><N who="2" m="3191" /><F80/><N who="3" m="47119" /><G37/><T87/><D133/><U91/><REACH who="1" step="1"/><E70/><REACH who="1" ten="250,266,250,224" step="2"/><V38/><F38/><W10/><G66/><T88/><D4/><U61/><E61/><V29/><F29/><W17/><G50/><T5/><D51/><U21/><E21/><V116/><F116/><W27/><G42/><T24/><D40/><U129/><E129/><V14/><F14/><N who="3" m="7255" /><G55/><T18/><D13/><U74/><E74/><V93/><F93/><AGARI ba="0,1" hai="15,19,23,48,52,58,62,67,71,90,91,93,98,101" machi="93" ten="30,5800,0" yaku="1,1,7,1,54,1,53,0" doraHai="132" doraHaiUra="104" who="1" fromWho="2" sc="250,0,266,68,250,-58,224,0" /><INIT seed="1,1,0,4,2,17" ten="250,334,192,224" oya="1" hai0="119,90,3,14,92,21,56,44,30,68,13,4,71" hai1="20,61,29,55,40,126,28,75,87,107,114,65,66" hai2="72,76,128,85,47,109,129,53,106,104,32,124,83" hai3="80,62,88,52,24,100,130,79,48,46,69,102,105"/><U23/><E114/><V51/><F109/><W84/><G130/><N who="2" m="50281" /><F124/><W99/><G102/><T59/><D119/><U12/><E75/><V125/><F125/><W117/><G117/><T25/><D3/><U27/><E107/><N who="2" m="41003" /><F32/><W33/><G79/><T11/><D13/><U60/><E126/><V31/><F31/><W10/><G10/><T120/><D120/><U70/><E40/><V18/><F18/><W63/><G69/><T133/><D133/><U95/><E55/><V108/><F108/><W41/><G41/><T81/><D81/><U45/><E45/><V35/><F35/><W37/><G37/><T67/><D44/><U121/><E121/><V5/><F5/><W73/><G73/><AGARI ba="1,0" hai="47,51,53,72,73,76,83,85" m="41003,50281" machi="73" ten="30,1000,0" yaku="19,1" doraHai="17" who="2" fromWho="3" sc="250,0,334,0,192,13,224,-13" /><INIT seed="2,0,0,4,1,94" ten="250,334,205,211" oya="2" hai0="24,105,34,8,74,80,120,41,61,13,87,98,7" hai1="119,125,2,86,63,132,79,106,90,51,10,67,126" hai2="58,52,76,12,60,28,131,113,117,49,36,37,20" hai3="15,6,33,77,112,70,81,116,35,82,118,91,135"/><V107/><F113/><W44/><G70/><T42/><D74/><U69/><E119/><V110/><F117/><W123/><G123/><T56/><D120/><U59/><E132/><V22/><F131/><W47/><G135/><T109/><D109/><U43/><E106/><V103/><F110/><W115/><G6/><T93/><D24/><U19/><E79/><V38/><F76/><W102/><G102/><N who="0" m="60751" /><D34/><U16/><E2/><V32/><F12/><W133/><G77/><N who="0" m="46479" /><D105/><U54/><E43/><V45/><F32/><W127/><G133/><T30/><D30/><U88/><E90/><V134/><F134/><W99/><G127/><N who="1" m="48650" /><E10/><V55/><REACH who="2" step="1"/><F28/><REACH who="2" ten="250,334,195,211" step="2"/><W27/><G15/><T78/><D78/><U9/><E9/><V97/><AGARI ba="0,1" hai="20,22,36,37,38,45,49,52,55,58,60,97,103,107" machi="97" ten="40,12000,1" yaku="1,1,2,1,0,1,52,1,54,1,53,0" doraHai="94" doraHaiUra="128" who="2" fromWho="2" sc="250,-40,334,-40,195,130,211,-40" /><INIT seed="2,1,0,2,2,56" ten="210,294,325,171" oya="2" hai0="95,70,7,99,21,118,124,41,16,57,33,66,130" hai1="48,34,113,29,51,134,23,96,128,31,30,98,3" hai2="84,55,65,50,15,19,129,93,6,74,121,131,80" hai3="101,18,73,36,4,112,114,126,86,116,117,108,12"/><V47/><F121/><W82/><G36/><T25/><D130/><U104/><E113/><N who="3" m="43626" /><G4/><T63/><D124/><U26/><E128/><N who="2" m="49227" /><F65/><W109/><G12/><T83/><D118/><N who="3" m="45673" /><G18/><T127/><D127/><U107/><E3/><V91/><F6/><W46/><G46/><T111/><D111/><N who="3" m="42569" /><G126/><T92/><D41/><U85/><E30/><V52/><F55/><W58/><G58/><T39/><D39/><U17/><E17/><V35/><F35/><W135/><G73/><T77/><D7/><U28/><E28/><V103/><F74/><W11/><G11/><T81/><D33/><U8/><E8/><V120/><F19/><W27/><G27/><T2/><D2/><U62/><E26/><V94/><F15/><W1/><G1/><T133/><D70/><U88/><E29/><V100/><F47/><W69/><G69/><T5/><D5/><U105/><E31/><V89/><F52/><W53/><G53/><T64/><D64/><U13/><E13/><V49/><F49/><W125/><G125/><T79/><D66/><U38/><E48/><V44/><F50/><W132/><G101/><T110/><D110/><U123/><E38/><V87/><F44/><W24/><G24/><T106/><D57/><U119/><E119/><V32/><F32/><W37/><G37/><T97/><D25/><U71/><E51/><V102/><F103/><W0/><G0/><T43/><D43/><U122/><E71/><V10/><F10/><W42/><G42/><T68/><D68/><U59/><E34/><V20/><F102/><W60/><G60/><T78/><D63/><RYUUKYOKU ba="1,0" sc="210,-10,294,-10,325,-10,171,30" hai3="82,86,132,135" /><INIT seed="3,2,0,2,1,34" ten="200,284,315,201" oya="3" hai0="73,52,5,57,7,99,126,77,94,33,106,32,68" hai1="0,93,65,63,58,135,62,72,95,134,125,9,101" hai2="4,115,132,70,27,24,108,83,90,49,30,117,116" hai3="80,89,110,3,45,88,61,19,123,46,120,41,78"/><W40/><G61/><T74/><D68/><U124/><E72/><V43/><F115/><W81/><G78/><T38/><D106/><U102/><E63/><V76/><F70/><W54/><G110/><T71/><D71/><U15/><E93/><V114/><F114/><W92/><G92/><T75/><D38/><U112/><E112/><V1/><F90/><W12/><G12/><T25/><D77/><U36/><E36/><V79/><F79/><W37/><G37/><T17/><D126/><N who="1" m="48747" /><E0/><V103/><F103/><N who="1" m="39433" /><E95/><V23/><F108/><W31/><G31/><T69/><D69/><U56/><E56/><V18/><F1/><W130/><G130/><T48/><D32/><U6/><AGARI ba="2,0" hai="6,9,15,58,62,65,134,135" m="39433,48747" machi="6" ten="30,1100,0" yaku="18,1" doraHai="34" who="1" fromWho="1" sc="200,-5,284,17,315,-5,201,-7" owari="195,-20.5,301,10.1,310,41.0,194,-30.6" /></mjloggm>