<mjloggm ver="2.3"><GO type="225" lobby="0"/><UN n0="%E3%81%AE%E3%81%AA%E3%82%81%E3%83%BC%E3%82%93" n1="%E5%A4%8F%E9%88%B4%E9%88%B4%E5%A4%8F" n2="%E6%98%93%E5%88%A9%E8%96%A9%E4%BC%AF" n3="%E3%80%93%E3%81%97%E3%83%BC%E3%82%89%E3%80%93" dan="16,16,17,16" rate="2097.04,2148.75,2150.27,2226.97" sx="M,F,F,M"/><TAIKYOKU oya="0"/><INIT seed="0,0,0,0,0,100" ten="250,250,250,250" oya="0" hai0="63,115,64,35,97,67,112,96,48,125,26,21,73" hai1="58,11,10,87,9,119,13,50,46,3,95,31,106" hai2="1,56,79,131,17,74,132,62,88,77,120,43,109" hai3="55,45,104,127,92,113,133,20,54,117,0,93,15"/><T7/><D35/><U41/><E119/><V116/><F120/><W91/><G0/><T121/><D121/><U47/><E3/><V59/><F116/><W68/><G68/><T86/><D73/><U111/><E111/><V24/><F1/><W107/><G117/><T66/><D125/><U82/><E106/><N who="3" m="40490" /><G113/><T52/><D63/><U12/><E31/><V80/><F132/><W118/><G118/><T6/><D112/><U4/><E13/><V129/><F43/><W124/><G133/><T130/><D86/><U70/><E70/><V108/><F79/><W51/><G91/><T72/><D72/><U30/><E30/><V57/><F62/><W33/><G33/><T42/><D42/><U101/><E58/><V40/><F40/><N who="3" m="24999" /><G20/><T110/><D115/><U36/><E47/><V89/><F17/><W34/><G15/><T37/><D37/><U78/><E36/><V23/><F23/><W114/><G34/><T102/><D102/><U39/><E39/><V27/><F27/><W81/><G81/><T44/><D110/><N who="2" m="42602" /><F24/><W2/><G2/><T29/><REACH who="0" step="1"/><D130/><AGARI ba="0,0" hai="56,57,59,74,77,80,88,89,129,130,131" m="42602" machi="130" ten="40,5200,0" yaku="19,1,14,1,54,1" doraHai="100" who="2" fromWho="0" sc="250,-52,250,0,250,52,250,0" /><INIT seed="1,0,0,1,0,112" ten="198,250,302,250" oya="1" hai0="36,108,119,114,127,95,86,49,58,48,89,13,30" hai1="23,53,87,71,85,104,106,91,12,50,68,60,21" hai2="0,134,20,61,24,97,115,62,132,8,94,59,123" hai3="84,88,99,17,25,93,27,80,79,56,54,40,78"/><U128/><E128/><V90/><F123/><W67/><G67/><T102/><D114/><U4/><E87/><V39/><F39/><W74/><G40/><T130/><D130/><U63/><E63/><V7/><F115/><W113/><G113/><T32/><D108/><U26/><E4/><V125/><F125/><W131/><G131/><T133/><D127/><U14/><E12/><V34/><F34/><W117/><G117/><T22/><D36/><U98/><E14/><V45/><F45/><W9/><G78/><T57/><D133/><N who="2" m="51306" /><F59/><W75/><G27/><T31/><D119/><U121/><E21/><V70/><F70/><W28/><G9/><T96/><D58/><U129/><E129/><V81/><F81/><W43/><G43/><T126/><D126/><U6/><E6/><V76/><F76/><W15/><G15/><T3/><D3/><U18/><E121/><V69/><F69/><W19/><G75/><T35/><D35/><U33/><E33/><V101/><F101/><W124/><G124/><T51/><D57/><U46/><E98/><V65/><F65/><W42/><G42/><T66/><D66/><U100/><E100/><V5/><F5/><W16/><G74/><T77/><D77/><U44/><E44/><V116/><F116/><W11/><G11/><T1/><D1/><U38/><E38/><V83/><F83/><W2/><G2/><T110/><D32/><U10/><E10/><V55/><F55/><W135/><G135/><T64/><D64/><N who="1" m="40967" /><E71/><V72/><F72/><W73/><G73/><T111/><D111/><U41/><E41/><RYUUKYOKU ba="0,0" sc="198,-15,250,15,302,15,250,-15" hai1="18,23,26,46,50,53,85,91,104,106" hai2="0,7,8,20,24,61,62,90,94,97" /><INIT seed="1,1,0,2,2,122" ten="183,265,317,235" oya="1" hai0="63,55,77,133,71,69,36,20,1,53,75,92,27" hai1="127,30,39,76,38,60,74,72,134,13,111,18,81" hai2="28,4,126,110,80,45,47,59,8,82,103,130,23" hai3="93,87,44,41,84,56,99,123,50,22,65,132,52"/><U79/><E127/><V113/><F126/><W115/><G132/><T117/><D117/><U116/><E116/><V73/><F113/><W121/><G115/><T120/><D133/><U64/><E134/><V31/><F130/><W107/><G107/><T6/><D120/><U46/><E30/><V118/><F118/><W40/><G121/><T16/><D36/><U114/><E114/><V32/><F32/><W135/><G135/><T51/><D77/><U25/><E25/><V9/><F103/><W68/><G123/><T62/><D75/><U86/><E111/><V35/><F35/><W129/><G129/><T78/><D78/><U19/><E19/><V14/><F110/><W108/><G108/><T91/><D6/><U37/><E46/><V57/><F23/><W66/><G22/><T119/><D1/><U112/><E79/><V89/><F89/><N who="3" m="55727" /><G68/><T90/><D90/><U102/><E102/><V61/><F61/><N who="3" m="35975" /><G41/><T11/><D11/><U34/><E34/><V124/><F124/><W125/><G125/><T101/><D101/><U17/><E17/><V5/><REACH who="2" step="1"/><F14/><REACH who="2" ten="183,265,307,235" step="2"/><W85/><AGARI ba="1,1" hai="40,44,50,65,66,84,85,87" m="35975,55727" machi="85" ten="30,2000,0" yaku="8,1,54,1" doraHai="122" who="3" fromWho="3" sc="183,-6,265,-11,307,-6,235,33" /><INIT seed="2,0,0,4,3,1" ten="177,254,301,268" oya="2" hai0="133,23,65,128,122,50,22,54,67,79,91,85,30" hai1="82,109,52,44,108,17,32,90,61,48,71,26,18" hai2="83,49,2,135,0,75,41,124,10,111,59,16,25" hai3="72,6,97,13,94,116,89,70,113,64,27,8,58"/><V69/><F69/><W117/><G72/><T34/><D122/><U105/><E105/><V76/><F135/><W55/><G113/><T21/><D128/><U33/><E90/><V7/><F124/><W120/><G120/><T37/><D37/><U123/><E82/><V78/><F78/><W38/><G38/><T80/><D133/><U100/><E100/><V107/><F107/><W134/><G134/><T68/><D68/><U96/><E96/><V92/><F111/><N who="1" m="42569" /><E123/><V53/><F41/><W46/><G46/><T14/><D79/><U63/><E63/><V60/><F92/><W40/><G40/><T104/><D104/><U125/><E125/><V29/><F2/><W110/><G110/><T88/><D91/><U56/><E71/><V119/><F119/><W98/><G98/><T95/><D80/><U81/><E81/><V57/><F16/><N who="1" m="6249" /><E26/><V93/><F93/><W132/><G132/><T118/><D118/><U84/><E84/><V87/><F87/><W36/><G36/><T42/><D42/><AGARI ba="0,0" hai="32,33,42,44,48,52,56,61" m="6249,42569" machi="42" ten="30,3900,0" yaku="14,1,54,2" doraHai="1" who="1" fromWho="0" sc="177,-39,254,39,301,0,268,0" /><INIT seed="3,0,0,3,4,127" ten="138,293,301,268" oya="3" hai0="0,102,33,26,99,31,44,14,17,43,24,53,111" hai1="130,93,46,109,105,86,32,73,57,2,40,101,126" hai2="124,15,81,45,76,129,25,123,83,35,4,107,5" hai3="116,82,90,13,11,100,77,103,92,108,98,118,23"/><W67/><G67/><T79/><D0/><U60/><E32/><V18/><F107/><W22/><G22/><T38/><D111/><U21/><E2/><V48/><F123/><W113/><G23/><T29/><D79/><U8/><E73/><V65/><F124/><W9/><G9/><T94/><D53/><U36/><E109/><V10/><F129/><W89/><G108/><T66/><D66/><U84/><E130/><V112/><F112/><W125/><G125/><T132/><D132/><U1/><E105/><V59/><F35/><W71/><G71/><T52/><D52/><U106/><E106/><V70/><F25/><W27/><G27/><T41/><D41/><U121/><E121/><V135/><F83/><W12/><G12/><T120/><D120/><U128/><E128/><V55/><F70/><W110/><G110/><T54/><D54/><U75/><E75/><V50/><F135/><W80/><G113/><T20/><REACH who="0" step="1"/><D14/><REACH who="0" ten="128,293,301,268" step="2"/><U58/><E1/><V34/><F65/><W7/><G77/><T3/><D3/><U115/><E126/><V69/><F55/><W114/><G13/><T95/><D95/><U47/><E93/><V87/><F76/><W119/><G92/><T74/><D74/><U62/><E115/><V133/><F15/><W131/><G131/><T78/><D78/><U88/><E62/><V117/><F133/><W16/><G114/><T28/><AGARI ba="0,1" hai="17,20,24,26,28,29,31,33,38,43,44,94,99,102" machi="28" ten="30,2000,0" yaku="1,1,0,1,53,0" doraHai="127" doraHaiUra="104" who="0" fromWho="0" sc="128,30,293,-5,301,-5,268,-10" /><INIT seed="4,0,0,5,4,126" ten="158,288,296,258" oya="0" hai0="5,135,113,26,83,8,53,17,22,55,14,1,4" hai1="76,28,21,125,105,50,11,99,19,108,67,42,129" hai2="111,78,104,9,38,93,88,34,54,69,12,103,24" hai3="85,130,74,52,18,124,10,7,16,20,90,75,49"/><T97/><D113/><U94/><E108/><V13/><F69/><W119/><G130/><T80/><D135/><U77/><E105/><V116/><F38/><W95/><G124/><T51/><D97/><U58/><E129/><V33/><F78/><W70/><G70/><T127/><D127/><U131/><E131/><V82/><F104/><W59/><G119/><T106/><D106/><U47/><E28/><V84/><F111/><W25/><REACH who="3" step="1"/><G18/><REACH who="3" ten="158,288,296,248" step="2"/><T87/><D4/><U86/><E125/><V100/><F116/><W121/><G121/><T23/><D87/><U48/><E86/><V40/><F84/><W71/><G71/><T123/><D123/><U66/><E11/><V107/><F9/><W32/><G32/><T91/><D91/><N who="1" m="55775" /><E67/><V43/><F34/><W102/><G102/><T72/><D72/><U96/><E96/><V30/><F100/><W2/><AGARI ba="0,1" hai="2,7,10,16,20,25,49,52,59,74,75,85,90,95" machi="2" ten="20,12000,2" yaku="1,1,0,1,7,1,54,2,53,1" doraHai="126" doraHaiUra="15" who="3" fromWho="3" sc="158,-60,288,-30,296,-30,248,130" owari="98,-40.2,258,-14.2,266,6.6,378,47.8" /></mjloggm>