<mjloggm ver="2.3"><GO type="225" lobby="0"/><UN n0="%E9%A6%AC%E5%BC%95%E7%81%AB%33" n1="%E5%91%A8%E6%9D%B1" n2="%E3%81%A4%E3%81%A3%E3%81%B1%E3%82%8A%E3%83%9D%E3%83%BC%E3%83%AB" n3="%73%69%67%65%6E%6F%72%69" dan="16,17,17,18" rate="2122.38,2127.81,2167.10,2260.45" sx="M,M,M,M"/><TAIKYOKU oya="0"/><INIT seed="0,0,0,3,4,120" ten="250,250,250,250" oya="0" hai0="91,45,39,26,87,10,115,57,17,28,19,59,56" hai1="64,131,124,128,30,84,13,9,123,70,73,5,110" hai2="27,50,77,3,63,113,8,54,132,33,42,37,38" hai3="127,51,112,134,81,135,111,74,116,58,1,95,65"/><T103/><D115/><U72/><E123/><V4/><F113/><W32/><G112/><T94/><D103/><U6/><E124/><V18/><F132/><N who="3" m="50731" /><G116/><T108/><D108/><U97/><E30/><V68/><F77/><N who="3" m="44215" /><G1/><T21/><D39/><U122/><E122/><V79/><F79/><W15/><G32/><T101/><D101/><U12/><E97/><V35/><F35/><W78/><G78/><T71/><D71/><U0/><E84/><V66/><F42/><W60/><G127/><T88/><D45/><U89/><E89/><V102/><F102/><W100/><G15/><N who="1" m="5706" /><E6/><V2/><F2/><W16/><G16/><N who="0" m="6219" /><D91/><U62/><E110/><V29/><REACH who="2" step="1"/><F18/><REACH who="2" ten="250,250,240,250" step="2"/><W24/><G24/><T109/><D109/><U118/><E118/><V31/><F31/><W48/><G111/><T82/><D10/><U44/><E73/><V67/><F67/><W130/><G130/><N who="1" m="49706" /><E72/><V114/><F114/><W36/><G36/><T47/><D47/><AGARI ba="0,1" hai="0,5,9,44,47,62,64,70" m="49706,5706" machi="47" ten="30,1000,0" yaku="19,1" doraHai="120" who="1" fromWho="0" sc="250,-10,250,20,240,0,250,0" /><AGARI ba="0,0" hai="3,4,8,27,29,33,37,38,47,50,54,63,66,68" machi="47" ten="30,3900,0" yaku="1,1,7,1,53,1" doraHai="120" doraHaiUra="34" who="2" fromWho="0" sc="240,-39,270,0,240,39,250,0" /><INIT seed="1,0,0,1,4,16" ten="201,270,279,250" oya="1" hai0="58,129,62,44,128,93,45,21,12,134,7,100,40" hai1="130,125,105,49,65,76,0,34,46,5,3,8,29" hai2="52,91,82,108,86,54,67,135,66,118,78,61,26" hai3="33,116,17,114,15,6,13,59,64,102,99,69,98"/><U107/><E130/><N who="0" m="50281" /><D134/><U18/><E125/><V11/><F118/><W35/><G114/><T97/><D40/><U60/><E0/><V89/><F135/><W83/><G69/><T50/><D50/><U95/><E76/><V71/><F108/><W123/><G123/><T96/><D96/><U43/><E95/><V109/><F109/><W70/><G70/><T92/><D92/><U77/><E77/><V120/><F120/><W122/><G122/><T51/><D51/><U72/><E72/><V36/><F36/><W117/><G83/><T133/><D133/><U63/><E18/><V126/><F126/><W55/><G98/><T79/><D79/><U10/><E10/><V41/><F41/><W110/><G110/><T75/><D75/><U131/><E131/><V104/><F104/><W32/><G99/><T28/><D7/><U94/><E94/><V80/><F89/><W14/><G6/><T25/><D12/><U119/><E119/><V42/><F42/><W121/><G102/><T132/><D132/><U2/><E2/><V90/><F90/><W111/><G13/><T112/><D112/><U9/><E9/><V30/><F11/><N who="3" m="6367" /><G15/><T68/><D68/><N who="1" m="42023" /><E63/><N who="2" m="40415" /><F91/><W22/><G111/><T87/><D87/><U4/><E4/><V20/><F80/><W39/><G121/><T84/><D84/><U88/><E88/><V1/><F1/><W101/><G117/><T53/><AGARI ba="0,0" hai="21,25,28,44,45,53,58,62,93,97,100" m="50281" machi="53" ten="30,2000,0" yaku="19,1,52,1" doraHai="16" who="0" fromWho="0" sc="201,20,270,-10,279,-5,250,-5" /><INIT seed="2,0,0,2,2,122" ten="221,260,274,245" oya="2" hai0="124,89,45,115,3,131,78,17,41,31,60,100,66" hai1="23,106,83,57,26,10,132,90,96,91,86,110,14" hai2="18,82,79,61,29,53,43,103,1,97,6,102,104" hai3="8,130,73,56,129,5,125,28,128,74,64,101,65"/><V15/><F43/><W38/><G125/><T50/><D115/><U120/><E120/><V4/><F1/><W33/><G38/><T7/><D124/><U49/><E132/><V63/><F29/><W93/><G101/><T36/><D131/><U133/><E133/><V135/><F103/><W32/><G93/><T72/><D31/><U92/><E106/><V52/><F63/><N who="3" m="37991" /><G65/><T46/><D89/><U47/><E57/><V40/><F40/><W30/><G30/><T11/><D17/><U42/><E110/><V62/><F62/><W9/><G28/><T51/><D46/><U68/><E68/><V71/><F135/><W85/><G85/><T22/><D22/><U34/><E34/><N who="3" m="13418" /><G8/><T55/><D55/><U37/><E37/><V70/><F70/><W111/><G111/><T127/><D100/><U107/><E107/><V2/><F2/><AGARI ba="0,0" hai="2,5,9,73,74,128,129,130" m="13418,37991" machi="2" ten="40,1300,0" yaku="19,1" doraHai="122" who="3" fromWho="2" sc="221,0,260,0,274,-13,245,13" /><INIT seed="3,0,0,0,0,15" ten="221,260,261,258" oya="3" hai0="54,77,101,83,26,85,11,120,55,52,133,5,37" hai1="132,74,27,89,3,6,72,56,128,16,116,67,57" hai2="86,12,42,103,60,114,104,58,125,65,111,59,69" hai3="87,31,109,40,121,127,84,90,4,66,95,124,44"/><W18/><G121/><T117/><D117/><U134/><E116/><V49/><F114/><W102/><G109/><T79/><D120/><U99/><E128/><V91/><F111/><W48/><G4/><T25/><D37/><U50/><E3/><V61/><F125/><N who="3" m="48203" /><G31/><T115/><D115/><U51/><E6/><V1/><F1/><W71/><G102/><T34/><D133/><N who="1" m="51307" /><E89/><V70/><F103/><W130/><G130/><T22/><D79/><U20/><E99/><V63/><F104/><W126/><N who="3" m="48211" /><W8/><DORA hai="9" /><G87/><T76/><D76/><U105/><E105/><V64/><F70/><W35/><G35/><T96/><D22/><U53/><E50/><V113/><F69/><W24/><G71/><T119/><D34/><U122/><E122/><V13/><F113/><W112/><G112/><T129/><D129/><U100/><E100/><V45/><F63/><AGARI ba="0,0" hai="16,20,27,51,53,56,57,63,67,72,74" m="51307" machi="63" ten="30,3900,0" yaku="20,1,52,1,54,1" doraHai="15,9" who="1" fromWho="2" sc="221,0,260,39,261,-39,258,0" /><INIT seed="4,0,0,3,3,9" ten="221,299,222,258" oya="0" hai0="107,7,21,17,110,25,125,28,44,74,34,80,100" hai1="11,55,0,126,8,20,102,127,38,2,46,134,83" hai2="65,75,92,37,94,66,90,29,108,63,77,122,115" hai3="53,47,1,69,111,48,117,97,42,23,116,4,43"/><T3/><D125/><N who="1" m="47627" /><E134/><V73/><F37/><W5/><G111/><T124/><D124/><U109/><E109/><V70/><F122/><W22/><G69/><T119/><D119/><U41/><E102/><V24/><F65/><W54/><G97/><T40/><D110/><U120/><E120/><V61/><F61/><W121/><G121/><T85/><D74/><U128/><E128/><V68/><F68/><W59/><G48/><T19/><D3/><N who="1" m="1067" /><E55/><V67/><F108/><W129/><G1/><T113/><D113/><U87/><E20/><V118/><F115/><W135/><G135/><T101/><D7/><U89/><AGARI ba="0,0" hai="8,11,38,41,46,83,87,89" m="1067,47627" machi="89" ten="30,1100,0" yaku="18,1" doraHai="9" who="1" fromWho="1" sc="221,-5,299,11,222,-3,258,-3" owari="216,-28.4,310,41.0,219,-18.1,255,5.5" /></mjloggm>