<mjloggm ver="2.3"><GO type="225" lobby="0"/><UN n0="%73%69%67%65%6E%6F%72%69" n1="%40%77%61%6B%61" n2="%E6%9C%88%E5%B3%B6%E5%9F%BA" n3="%E3%81%BF%E3%81%BF%E3%81%9A" dan="18,16,16,17" rate="2242.25,2095.17,2131.94,2193.16" sx="M,M,M,M"/><TAIKYOKU oya="0"/><INIT seed="0,0,0,3,2,103" ten="250,250,250,250" oya="0" hai0="15,116,47,44,80,55,26,62,71,128,54,99,104" hai1="123,106,12,40,114,41,73,97,30,102,28,29,4" hai2="111,65,6,91,101,61,67,87,36,100,69,108,129" hai3="21,5,115,50,126,46,3,121,66,17,88,10,51"/><T112/><D112/><U98/><E123/><V110/><F36/><W18/><G115/><T56/><D116/><U85/><E73/><V42/><F42/><W133/><G121/><T14/><D128/><U96/><E114/><V117/><F129/><W107/><G126/><T131/><D131/><U93/><E85/><V58/><F117/><W124/><G124/><T24/><D71/><U19/><E4/><V25/><F6/><W63/><G133/><T32/><D32/><U78/><E78/><V7/><F7/><W70/><G107/><T34/><D34/><U57/><E57/><V27/><F67/><W59/><G70/><T127/><D127/><U11/><REACH who="1" step="1"/><E98/><REACH who="1" ten="250,240,250,250" step="2"/><V125/><F125/><W9/><G46/><T35/><D47/><U68/><E68/><V90/><F69/><W53/><G66/><T13/><D80/><U79/><E79/><V74/><F74/><W105/><G5/><T120/><D120/><U135/><E135/><V39/><F87/><W52/><G59/><T23/><D99/><U94/><E94/><V75/><F75/><W1/><G63/><T0/><D44/><U2/><E2/><V38/><F61/><W83/><G83/><T31/><D0/><U16/><E16/><V113/><F113/><W72/><G72/><T22/><D56/><U130/><E130/><V119/><F58/><W86/><G86/><T82/><D62/><U60/><E60/><V122/><F122/><W8/><G1/><T45/><D82/><U92/><E92/><V20/><F119/><W33/><G3/><T84/><D84/><U89/><AGARI ba="0,1" hai="11,12,19,28,29,30,40,41,89,93,96,97,102,106" machi="89" ten="30,7900,0" yaku="1,1,5,1,0,1,52,1,53,0" doraHai="103" doraHaiUra="132" who="1" fromWho="1" sc="250,-39,240,89,250,-20,250,-20" /><INIT seed="1,0,0,3,2,131" ten="211,329,230,230" oya="1" hai0="25,70,106,48,94,58,55,3,53,22,44,89,24" hai1="7,42,2,95,41,111,30,5,100,9,88,23,125" hai2="107,8,86,36,97,109,52,101,39,47,85,4,32" hai3="134,68,116,18,98,61,17,93,59,71,11,110,45"/><U35/><E35/><V54/><F32/><W120/><G120/><T99/><D70/><U21/><E125/><V26/><F26/><W49/><G110/><T118/><D118/><U133/><E133/><V91/><F109/><W114/><G114/><T65/><D3/><U27/><E7/><V33/><F33/><W50/><G116/><T16/><D106/><U1/><E2/><V72/><F72/><W102/><G134/><T81/><D81/><U12/><E100/><V75/><F75/><W127/><G127/><T31/><D65/><U126/><E126/><V28/><F28/><W90/><G49/><T80/><D80/><U13/><E111/><V63/><F86/><W79/><G79/><T104/><D104/><U132/><E132/><V117/><F117/><W76/><G76/><T130/><D130/><U15/><REACH who="1" step="1"/><E23/><REACH who="1" ten="211,319,230,230" step="2"/><V123/><F4/><W87/><G11/><T74/><D74/><U46/><E46/><V119/><F8/><W38/><G45/><T20/><REACH who="0" step="1"/><D58/><REACH who="0" ten="201,319,230,230" step="2"/><U92/><E92/><V37/><F119/><W115/><G68/><T77/><D77/><U83/><E83/><V121/><F121/><W67/><G71/><T19/><D19/><U56/><E56/><V6/><F123/><W43/><G17/><T14/><D14/><U135/><E135/><V34/><F6/><W29/><G18/><T82/><D82/><U73/><E73/><V62/><F107/><W124/><G124/><T51/><D51/><U10/><E10/><V96/><F39/><W128/><G38/><T40/><AGARI ba="0,2" hai="16,20,22,24,25,31,40,44,48,53,55,89,94,99" machi="40" ten="20,8000,1" yaku="1,1,0,1,7,1,8,1,54,1,53,0" doraHai="131" doraHaiUra="69" who="0" fromWho="0" sc="201,100,319,-40,230,-20,230,-20" /><INIT seed="2,0,0,5,3,131" ten="301,279,210,210" oya="2" hai0="17,53,28,114,43,81,115,13,37,30,70,112,89" hai1="121,111,77,55,103,61,100,79,41,122,56,14,80" hai2="44,60,83,40,128,15,42,95,65,123,29,64,75" hai3="74,97,68,125,88,11,18,76,86,94,49,87,62"/><V85/><F123/><N who="1" m="47113" /><E111/><V27/><F128/><W72/><G125/><T36/><D70/><U45/><E14/><V21/><F75/><W52/><G68/><T104/><D104/><U84/><E79/><N who="2" m="46335" /><F60/><W63/><G72/><T90/><D53/><U96/><E96/><V16/><F95/><W130/><G74/><T59/><D59/><U107/><E107/><V92/><F92/><W109/><G109/><T23/><D89/><U7/><E7/><V1/><F1/><W110/><G110/><T78/><D90/><U116/><E116/><V99/><F99/><W22/><G11/><T51/><D81/><U4/><E4/><V105/><F44/><N who="3" m="27687" /><G130/><T24/><D112/><U32/><E32/><V12/><F12/><N who="3" m="9543" /><G97/><T106/><D13/><U50/><AGARI ba="0,0" hai="41,45,50,55,56,61,77,80,84,100,103" m="47113" machi="50" ten="30,1100,0" yaku="13,1" doraHai="131" who="1" fromWho="1" sc="301,-3,279,11,210,-5,210,-3" /><INIT seed="3,0,0,0,1,49" ten="298,290,205,207" oya="3" hai0="2,65,85,57,6,78,16,106,12,58,121,116,107" hai1="132,45,117,53,17,50,134,38,39,0,30,23,75" hai2="102,25,46,18,93,13,40,101,92,55,74,32,21" hai3="66,54,29,83,67,7,47,60,98,111,64,114,90"/><W120/><G114/><T129/><D116/><U88/><E75/><V36/><F74/><W33/><G120/><T109/><D121/><U8/><E117/><V87/><F32/><W11/><G111/><T80/><D109/><U115/><E115/><V31/><F55/><W112/><G112/><T41/><D129/><U22/><E88/><V119/><F119/><W15/><G33/><T70/><D70/><U59/><E30/><V34/><F92/><N who="3" m="56599" /><G29/><T68/><D41/><N who="1" m="22711" /><E39/><V123/><F123/><W94/><G83/><T72/><D72/><U14/><E0/><V20/><F34/><W63/><G94/><T1/><D1/><U81/><E81/><V82/><F93/><W10/><G10/><T86/><D86/><U71/><E71/><V61/><F61/><N who="3" m="23627" /><G47/><T42/><D2/><U128/><E128/><V110/><F110/><W131/><G131/><T3/><D68/><U51/><E51/><V130/><F130/><W26/><G26/><T9/><D107/><U103/><E103/><V95/><F95/><W24/><G24/><T108/><D106/><U48/><E48/><V37/><F36/><W79/><G79/><AGARI ba="0,0" hai="13,18,20,21,25,31,37,40,46,79,82,87,101,102" machi="79" ten="30,1000,0" yaku="7,1" doraHai="49" who="2" fromWho="3" sc="298,0,290,0,205,10,207,-10" /><INIT seed="4,0,0,0,5,91" ten="298,290,215,197" oya="0" hai0="135,8,4,46,66,95,68,40,92,34,50,83,120" hai1="49,38,45,133,10,23,111,132,61,24,62,13,81" hai2="126,42,102,48,122,27,25,90,11,64,65,1,113" hai3="93,32,82,87,75,94,128,105,98,55,33,88,107"/><T73/><D120/><U2/><E2/><V77/><F122/><W7/><G7/><T70/><D34/><U96/><E111/><V56/><F113/><W127/><G55/><T59/><D135/><N who="1" m="51787" /><E96/><V131/><F27/><W36/><G36/><N who="0" m="21767" /><D59/><U3/><E81/><V125/><F25/><W58/><G58/><T31/><D31/><N who="1" m="17823" /><E38/><V115/><F1/><W14/><G14/><T78/><D50/><U103/><E103/><V20/><F48/><W134/><G134/><T63/><D68/><U106/><E106/><N who="3" m="40458" /><G32/><T69/><D69/><U21/><E21/><V109/><F20/><W118/><G33/><T22/><D22/><U130/><E130/><V67/><F131/><W57/><G57/><T6/><D6/><N who="1" m="3287" /><E3/><AGARI ba="0,0" hai="3,4,8,63,66,70,73,78,83,92,95" m="21767" machi="3" ten="30,5800,0" yaku="25,1,52,2" doraHai="91" who="0" fromWho="1" sc="298,58,290,-58,215,0,197,0" owari="356,45.6,232,3.2,215,-18.5,197,-30.3" /></mjloggm>