<mjloggm ver="2.3"><GO type="225" lobby="0"/><UN n0="%E3%82%A4%E3%83%BC%E3%82%B1%E3%83%97%E3%83%A9" n1="%E9%B3%B3%E6%9D%B1%E3%81%AE%E3%81%BF%E3%81%91%E3%81%AB%E3%82%83%E3%82%93" n2="%E3%83%B4%E3%83%A0%EF%BC%99%E3%81%A6" n3="%E3%83%A9%E3%82%B9%E7%8E%87%EF%BC%93%E5%89%B2" dan="17,16,16,17" rate="2234.19,2145.08,2183.01,2219.58" sx="M,F,M,F"/><TAIKYOKU oya="0"/><INIT seed="0,0,0,5,2,133" ten="250,250,250,250" oya="0" hai0="43,123,52,91,84,42,128,13,6,7,76,97,124" hai1="15,119,25,38,48,10,71,96,109,24,54,39,58" hai2="121,55,51,56,3,27,22,116,59,114,106,53,104" hai3="101,70,79,21,33,88,82,20,17,108,113,99,86"/><T41/><D123/><U110/><E119/><V67/><F121/><W98/><G33/><T36/><D128/><U78/><E71/><V112/><F3/><W126/><G70/><T14/><D36/><U57/><E78/><V63/><F116/><W127/><G113/><T90/><D124/><N who="3" m="47657" /><G108/><N who="1" m="41578" /><E58/><V105/><REACH who="2" step="1"/><F67/><REACH who="2" ten="250,250,240,250" step="2"/><W1/><G1/><T18/><D6/><N who="1" m="3543" /><E96/><N who="3" m="36906" /><G101/><T28/><D7/><U122/><E122/><V129/><F129/><W120/><G120/><T47/><D97/><U74/><E74/><V35/><F35/><W134/><G134/><T77/><D43/><U73/><E73/><V93/><F93/><N who="3" m="54423" /><G17/><AGARI ba="0,1" hai="17,22,27,51,53,55,56,59,63,104,105,106,112,114" machi="17" ten="40,2600,0" yaku="1,1,53,1" doraHai="133" doraHaiUra="45" who="2" fromWho="3" sc="250,0,250,0,240,36,250,-26" /><INIT seed="1,0,0,4,4,111" ten="250,250,276,224" oya="1" hai0="83,75,107,129,108,125,13,25,86,135,27,60,79" hai1="1,34,29,94,104,112,49,121,105,32,130,91,2" hai2="88,12,119,115,95,126,31,69,20,10,37,48,101" hai3="113,132,56,89,3,30,102,58,51,8,24,128,110"/><U78/><E121/><V16/><F119/><W96/><G110/><T50/><D108/><U26/><E78/><V98/><F37/><W28/><G128/><T133/><D107/><U80/><E80/><V44/><F69/><W41/><G132/><N who="0" m="50763" /><D129/><U100/><E130/><V43/><F126/><W93/><G3/><T5/><D125/><U54/><E34/><V81/><F115/><W106/><G113/><T64/><D75/><U17/><E112/><V67/><F67/><W109/><G109/><T14/><D50/><U21/><E100/><V116/><F116/><W84/><G8/><N who="0" m="4239" /><D14/><U66/><E66/><V85/><F31/><W82/><G30/><T35/><D35/><U117/><E1/><V36/><F36/><W73/><G51/><T65/><D65/><U131/><E2/><V77/><F10/><W68/><G41/><T97/><D97/><U18/><E117/><V76/><AGARI ba="0,0" hai="12,16,20,43,44,48,76,77,81,85,88,95,98,101" machi="76" ten="30,7900,0" yaku="0,1,8,1,54,2" doraHai="111" who="2" fromWho="2" sc="250,-20,250,-39,276,79,224,-20" /><INIT seed="2,0,0,1,0,82" ten="230,211,355,204" oya="2" hai0="79,71,20,38,16,73,51,59,72,68,131,44,114" hai1="70,2,17,1,35,69,61,25,121,21,133,18,50" hai2="33,7,13,83,103,24,120,12,45,89,81,75,76" hai3="135,96,117,102,78,94,3,80,91,124,132,99,6"/><V87/><F120/><W122/><G6/><T111/><D114/><U9/><E121/><V116/><F116/><W0/><G122/><T55/><D111/><U32/><E133/><N who="3" m="51274" /><G3/><T29/><D29/><U93/><E50/><V41/><F103/><W109/><G0/><N who="1" m="106" /><E93/><V40/><F7/><W11/><G11/><T56/><D131/><U119/><E61/><V19/><F41/><W125/><G117/><T22/><D22/><N who="1" m="13519" /><E69/><V31/><REACH who="2" step="1"/><F19/><REACH who="2" ten="230,211,345,204" step="2"/><W26/><G109/><T130/><D16/><U129/><E119/><V34/><F34/><W128/><G128/><T42/><D130/><U62/><E129/><V98/><F98/><W43/><G43/><T112/><D42/><U54/><E32/><V123/><F123/><W30/><G99/><T46/><D112/><U100/><E35/><V90/><F90/><W28/><G102/><T92/><D38/><AGARI ba="0,1" hai="12,13,24,31,33,38,40,45,75,76,81,83,87,89" machi="38" ten="30,5800,0" yaku="1,1,7,1,52,1,53,0" doraHai="82" doraHaiUra="118" who="2" fromWho="0" sc="230,-58,211,0,345,68,204,0" /><INIT seed="2,1,0,4,2,4" ten="172,211,413,204" oya="2" hai0="95,10,116,121,6,94,67,49,106,109,87,110,12" hai1="37,112,71,56,59,130,73,39,132,62,115,0,32" hai2="38,51,108,76,27,64,40,74,128,18,96,41,99" hai3="104,50,7,30,93,14,44,5,28,42,36,135,3"/><V77/><F128/><W54/><G104/><T131/><D121/><U29/><E73/><V92/><F38/><N who="1" m="14345" /><E0/><V114/><F114/><N who="1" m="43561" /><E29/><V75/><F64/><W57/><G135/><T83/><D106/><U84/><E84/><V72/><F51/><W82/><G7/><T22/><D131/><U68/><E32/><V26/><F108/><N who="0" m="41578" /><D116/><U97/><E97/><V25/><F18/><W85/><G93/><N who="0" m="35339" /><D67/><N who="1" m="39367" /><E130/><V24/><F96/><W65/><G65/><T53/><D22/><U2/><E2/><V100/><F72/><W98/><G98/><T129/><D129/><U120/><E132/><V88/><F100/><W45/><G3/><T11/><D12/><U13/><E13/><V60/><F99/><W52/><G14/><T55/><D6/><U102/><E102/><V35/><F35/><W101/><G5/><T133/><D133/><U48/><E120/><V107/><F107/><W111/><G101/><T103/><D103/><U43/><E43/><V17/><F41/><W122/><G111/><T79/><D55/><AGARI ba="1,0" hai="48,55,59,68,71" m="39367,43561,14345" machi="55" ten="30,2000,0" yaku="34,2" doraHai="4" who="1" fromWho="0" sc="172,-23,211,23,413,0,204,0" /><INIT seed="3,0,0,3,2,31" ten="149,234,413,204" oya="3" hai0="111,52,71,107,127,46,23,101,27,29,28,16,55" hai1="3,79,17,126,8,132,72,77,33,63,4,40,112" hai2="22,45,48,113,99,5,135,6,19,124,131,122,78" hai3="133,38,58,89,0,9,74,68,25,94,86,12,115"/><W10/><G115/><T130/><D71/><U15/><E112/><V75/><F113/><W67/><G133/><T37/><D111/><U106/><E106/><V64/><F135/><W87/><G74/><T61/><D127/><U91/><E72/><V18/><F124/><W34/><G38/><T100/><D130/><U2/><E2/><V110/><F110/><W66/><G68/><T119/><D119/><U43/><E33/><V128/><F64/><W95/><G0/><T26/><D107/><U105/><E105/><V60/><F60/><W118/><G58/><N who="0" m="35015" /><D37/><U117/><E63/><V90/><F122/><W82/><G118/><T70/><D70/><U129/><E3/><V21/><F78/><W76/><G95/><T14/><D28/><U98/><E117/><V59/><F59/><W49/><G49/><N who="0" m="29111" /><D27/><U51/><E126/><V93/><F75/><W35/><G25/><T102/><D102/><U114/><E114/><V1/><F1/><W73/><G73/><T42/><D42/><U134/><E43/><N who="2" m="24639" /><F131/><W92/><G67/><T20/><AGARI ba="0,0" hai="14,16,20,23,26,29,100,101" m="29111,35015" machi="20" ten="30,4000,0" yaku="8,1,54,2" doraHai="31" who="0" fromWho="0" sc="149,40,234,-10,413,-10,204,-20" owari="189,-21.1,224,2.4,403,50.3,184,-31.6" /></mjloggm>