<mjloggm ver="2.3"><GO type="225" lobby="0"/><UN n0="%E9%BB%99%E8%81%B4%E3%81%AE%E3%81%99%E3%82%9D%E3%82%81" n1="%E7%B4%94%E6%BD%94%E3%83%94%E3%83%A9%E3%83%8B%E3%82%A2" n2="%E6%98%93%E5%88%A9%E8%96%A9%E4%BC%AF" n3="%E5%A4%8F%E9%88%B4%E9%88%B4%E5%A4%8F" dan="16,16,17,16" rate="2115.81,2120.78,2118.60,2074.23" sx="M,M,F,F"/><TAIKYOKU oya="0"/><INIT seed="0,0,0,5,4,13" ten="250,250,250,250" oya="0" hai0="4,80,15,40,9,37,119,95,102,108,54,11,25" hai1="86,113,58,109,7,122,52,78,69,42,67,121,87" hai2="118,117,88,17,10,55,46,66,105,12,8,43,114" hai3="123,62,23,127,115,106,39,28,31,129,16,100,135"/><T132/><D119/><N who="2" m="45578" /><F105/><W18/><G115/><T61/><D132/><U104/><E104/><V116/><N who="2" m="45586" /><V64/><DORA hai="85" /><F114/><W35/><G135/><T30/><D108/><U131/><E113/><V34/><F34/><W128/><G127/><T6/><D37/><U74/><E74/><V47/><F10/><W110/><G110/><T99/><D40/><U111/><E7/><V32/><F32/><W89/><G39/><T79/><D61/><U45/><E78/><V60/><F55/><W103/><G123/><N who="1" m="47114" /><E87/><V56/><F64/><W63/><G89/><T57/><D57/><U51/><E86/><V53/><F53/><W26/><G106/><T5/><D54/><U101/><E101/><N who="3" m="38986" /><G31/><T59/><D59/><U96/><E96/><V81/><F43/><W133/><G133/><T125/><D125/><U83/><E83/><V76/><F88/><W2/><G2/><T92/><D92/><U75/><E75/><AGARI ba="0,0" hai="8,12,17,46,47,56,60,66,75,76,81" m="45586" machi="75" ten="40,2600,0" yaku="12,1,52,1" doraHai="13,85" who="2" fromWho="1" sc="250,0,250,-26,250,26,250,0" /><INIT seed="1,0,0,0,0,77" ten="250,224,276,250" oya="1" hai0="74,44,96,102,24,66,25,95,38,27,11,111,124" hai1="49,79,103,81,15,70,39,19,130,107,43,4,105" hai2="84,67,10,32,22,45,54,100,106,34,117,69,132" hai3="75,116,61,18,73,41,5,13,50,56,31,37,125"/><U6/><E39/><V12/><F117/><W115/><G115/><T29/><D111/><U62/><E130/><V122/><F122/><W101/><G125/><T48/><D124/><U28/><E28/><V33/><F22/><W20/><G116/><T68/><D38/><U89/><E89/><V46/><F132/><W17/><G37/><T35/><D74/><U129/><E129/><V30/><F30/><W52/><G5/><T85/><D11/><U7/><E70/><V126/><F54/><W76/><G31/><T0/><D0/><U78/><E78/><V108/><F108/><W113/><G113/><T53/><D68/><U3/><E62/><V93/><F106/><W121/><G121/><T114/><D66/><U23/><E103/><V60/><F126/><W123/><G123/><T83/><REACH who="0" step="1"/><D114/><REACH who="0" ten="240,224,276,250" step="2"/><U65/><E65/><V63/><F67/><W47/><G76/><AGARI ba="0,1" hai="24,25,27,29,35,44,48,53,76,83,85,95,96,102" machi="76" ten="30,7700,0" yaku="1,1,2,1,7,1,52,1,53,0" doraHai="77" doraHaiUra="120" who="0" fromWho="3" sc="240,87,224,0,276,0,250,-77" /><INIT seed="2,0,0,4,1,128" ten="327,224,276,173" oya="2" hai0="48,96,102,55,0,87,62,80,37,67,30,66,24" hai1="11,38,85,79,54,26,41,133,74,90,84,83,115" hai2="29,35,94,93,119,34,9,130,17,4,46,51,14" hai3="21,22,125,98,77,76,20,88,105,63,106,47,68"/><V82/><F119/><W50/><G125/><T1/><D37/><U53/><E115/><V111/><F130/><W6/><G6/><T103/><D55/><U39/><E26/><V92/><F111/><W131/><G131/><T100/><D48/><U95/><E84/><V60/><F60/><W121/><G121/><T45/><D45/><U134/><E11/><V104/><F104/><W81/><G76/><T18/><D18/><U10/><E10/><V109/><F109/><W118/><G118/><T73/><D73/><U2/><E2/><V27/><F82/><W70/><G106/><T57/><D67/><U59/><E53/><V40/><REACH who="2" step="1"/><F35/><REACH who="2" ten="327,224,266,173" step="2"/><W31/><G63/><T99/><D0/><U122/><E122/><V56/><F56/><W61/><G61/><T112/><D1/><U12/><E39/><V8/><F8/><W110/><G110/><T52/><D112/><U97/><E74/><V129/><F129/><W64/><G64/><T42/><D66/><U49/><REACH who="1" step="1"/><E12/><REACH who="1" ten="327,214,266,173" step="2"/><V124/><F124/><W69/><G31/><T19/><D30/><U89/><E89/><V126/><F126/><W5/><G5/><AGARI ba="0,2" hai="4,5,9,14,17,27,29,34,40,46,51,92,93,94" machi="5" ten="40,2000,0" yaku="1,1,53,0" doraHai="128" doraHaiUra="71" who="2" fromWho="3" sc="327,0,214,0,266,40,173,-20" /><INIT seed="2,1,0,4,5,0" ten="327,214,306,153" oya="2" hai0="56,84,87,124,12,3,66,82,114,31,108,83,5" hai1="91,41,90,112,33,60,7,113,21,123,58,55,80" hai2="76,126,63,29,75,132,48,74,106,109,125,24,47" hai3="34,45,10,119,30,27,44,8,102,135,127,17,92"/><V111/><F106/><W15/><G119/><T97/><D3/><U99/><E33/><N who="2" m="20647" /><F63/><W26/><G127/><N who="2" m="48649" /><F132/><W70/><G135/><T13/><D114/><U19/><E123/><V94/><F94/><W100/><G70/><T46/><D124/><U25/><E41/><N who="2" m="24687" /><F76/><W37/><G37/><T57/><D31/><U122/><E122/><V116/><F116/><W110/><G110/><AGARI ba="1,0" hai="74,75,109,110,111" m="24687,48649,20647" machi="110" ten="30,5800,0" yaku="14,1,10,1,18,1" doraHai="0" who="2" fromWho="3" sc="327,0,214,0,306,61,153,-61" /><INIT seed="2,2,0,1,4,48" ten="327,214,367,92" oya="2" hai0="8,119,99,78,22,101,85,20,51,72,132,4,30" hai1="49,111,112,68,50,64,59,102,90,10,26,130,129" hai2="34,109,128,118,19,52,84,66,77,1,55,33,17" hai3="75,96,25,100,42,135,126,13,27,61,70,113,56"/><V28/><F118/><W123/><G123/><T57/><D72/><U89/><E112/><V114/><F114/><W7/><G113/><T122/><D122/><U65/><E26/><V23/><F1/><W24/><G126/><T79/><D132/><U54/><E102/><V3/><F3/><W74/><G135/><T69/><D69/><U6/><E111/><V35/><F128/><N who="1" m="49257" /><E50/><V41/><F109/><W67/><G42/><T18/><D30/><U15/><E68/><V83/><F66/><AGARI ba="2,0" hai="6,10,15,49,54,59,64,65,66,89,90" m="49257" machi="66" ten="30,2000,0" yaku="19,1,52,1" doraHai="48" who="1" fromWho="2" sc="327,0,214,26,367,-26,92,0" /><INIT seed="3,0,0,2,3,74" ten="327,240,341,92" oya="3" hai0="17,82,3,124,38,41,49,81,76,27,110,120,50" hai1="131,108,20,52,99,34,33,65,7,132,111,47,12" hai2="0,16,102,84,31,60,6,10,80,23,79,123,25" hai3="89,72,42,130,114,105,97,87,106,26,36,116,127"/><W15/><G114/><T8/><D120/><U24/><E65/><V58/><F123/><W14/><G116/><T100/><D100/><U95/><E131/><V94/><F102/><W13/><G130/><T119/><D119/><U90/><E132/><V69/><F69/><W68/><G127/><T112/><D82/><U93/><E93/><V129/><F129/><W51/><G68/><T134/><D110/><N who="1" m="42027" /><E12/><V19/><F94/><W29/><G72/><N who="0" m="43143" /><D124/><U21/><E7/><V62/><F62/><W128/><G36/><T37/><D37/><U46/><E21/><V61/><F61/><W70/><G70/><T86/><D86/><U98/><E98/><V48/><F48/><W101/><G128/><T45/><D134/><U117/><E117/><V53/><AGARI ba="0,0" hai="0,6,10,16,19,23,25,31,53,58,60,79,80,84" machi="53" ten="20,5200,0" yaku="0,1,7,1,52,1,54,1" doraHai="74" who="2" fromWho="2" sc="327,-13,240,-13,341,52,92,-26" owari="314,11.4,227,-17.3,393,49.3,66,-43.4" /></mjloggm>