<mjloggm ver="2.3"><GO type="225" lobby="0"/><UN n0="%E7%9A%AE%E3%80%85" n1="%E3%82%A2%E3%83%9E%E3%83%9D%EF%BD%9E%EF%BD%9E%E3%83%A9" n2="%E4%BF%BA%E3%81%A8%E5%A6%96%E5%A4%A2" n3="%E5%B0%8F%E9%B3%A5%E9%81%8A%E7%B7%B4%E7%84%A1%32%31%E6%AD%B3" dan="16,17,16,16" rate="2117.04,2045.09,2117.36,2177.76" sx="M,M,F,F"/><TAIKYOKU oya="0"/><INIT seed="0,0,0,3,2,72" ten="250,250,250,250" oya="0" hai0="96,12,60,121,112,43,135,124,66,10,99,94,1" hai1="70,11,58,50,49,17,59,117,0,103,115,31,25" hai2="32,82,130,8,74,105,111,44,38,73,114,13,63" hai3="104,128,85,47,83,16,90,123,4,113,126,110,87"/><T75/><D112/><U14/><E70/><V77/><F114/><W89/><G113/><T78/><D121/><U48/><E117/><V29/><F105/><W93/><G123/><T5/><D135/><U36/><E115/><V119/><F119/><W41/><G110/><T7/><D124/><U84/><E0/><V108/><F130/><W61/><G128/><T118/><D118/><U34/><E36/><V45/><F73/><W21/><G4/><T20/><D43/><U55/><E103/><V76/><F63/><W92/><G61/><T116/><D116/><U106/><E106/><V57/><F57/><W64/><G64/><T42/><D42/><U37/><E37/><V26/><F76/><W95/><G104/><T80/><D94/><U122/><E59/><V91/><F91/><W81/><G93/><T101/><D101/><U129/><E122/><V22/><F32/><W71/><G71/><T3/><D20/><U39/><E39/><V52/><F38/><W46/><G126/><T134/><D134/><U18/><E129/><V86/><F74/><W109/><G109/><N who="2" m="42057" /><F52/><W79/><G41/><T67/><D67/><U62/><REACH who="1" step="1"/><E84/><REACH who="1" ten="250,240,250,250" step="2"/><V88/><F88/><N who="3" m="51247" /><G47/><T40/><D1/><U98/><E98/><N who="0" m="37417" /><D3/><U23/><E23/><V125/><F125/><W35/><G46/><T33/><D33/><U68/><E68/><V132/><F132/><W100/><G35/><T107/><D107/><U120/><E120/><V6/><AGARI ba="0,1" hai="6,8,13,22,26,29,44,45,77,82,86" m="42057" machi="6" ten="30,2000,0" yaku="14,1,52,1" doraHai="72" who="2" fromWho="2" sc="250,-10,240,-5,250,30,250,-5" /><INIT seed="1,0,0,0,3,109" ten="240,235,280,245" oya="1" hai0="110,3,66,115,80,78,70,119,5,47,56,96,11" hai1="44,87,86,67,1,17,20,23,104,120,26,73,124" hai2="69,68,32,95,4,72,7,90,34,58,130,48,29" hai3="24,83,27,62,114,126,37,84,59,128,0,77,122"/><U61/><E120/><V74/><F58/><W64/><G122/><T113/><D119/><U35/><E73/><V127/><F48/><W108/><G108/><T22/><D110/><U2/><E35/><V81/><F127/><W45/><G0/><T10/><D22/><U57/><E104/><V112/><F130/><W111/><G111/><T134/><D134/><U18/><E124/><V16/><F112/><W92/><G128/><T98/><D56/><U65/><E44/><V135/><F135/><W105/><G105/><T36/><D98/><U49/><E49/><V99/><F7/><W93/><G114/><T15/><D96/><U94/><E67/><V9/><F69/><W97/><G93/><T121/><D121/><U50/><E50/><V38/><F38/><W100/><REACH who="3" step="1"/><G126/><REACH who="3" ten="240,235,280,235" step="2"/><T88/><D115/><U39/><E94/><V102/><F95/><W14/><G14/><T82/><D113/><U52/><E1/><V123/><F123/><W60/><G60/><T85/><D15/><N who="1" m="9279" /><E2/><V117/><F117/><W42/><AGARI ba="0,1" hai="24,27,37,42,45,59,62,64,77,83,84,92,97,100" machi="42" ten="30,4000,0" yaku="1,1,0,1,53,1" doraHai="109" doraHaiUra="76" who="3" fromWho="3" sc="240,-10,235,-20,280,-10,235,50" /><INIT seed="2,0,0,0,5,76" ten="230,215,270,285" oya="2" hai0="105,15,11,72,73,124,116,112,113,45,30,118,77" hai1="13,134,26,53,40,121,43,85,103,119,17,33,41" hai2="9,27,86,131,135,14,8,92,87,23,28,82,109" hai3="39,127,12,99,123,3,70,120,66,69,104,64,63"/><V32/><F131/><W68/><G3/><T61/><D105/><U19/><E119/><N who="0" m="45609" /><D124/><U37/><E37/><V1/><F135/><W34/><G127/><T84/><D30/><U7/><E134/><V130/><F130/><W129/><G129/><T42/><D61/><U29/><E121/><V59/><F109/><W91/><G39/><N who="0" m="21727" /><D84/><U57/><E103/><V2/><F92/><W100/><G12/><T98/><D98/><U94/><E94/><V60/><F87/><W4/><G4/><N who="0" m="3559" /><D77/><U90/><E7/><V101/><F101/><W108/><G91/><T80/><D80/><U31/><E31/><V16/><F8/><W95/><G95/><T21/><D21/><N who="1" m="15567" /><E13/><V6/><F32/><W58/><G34/><T117/><N who="0" m="45617" /><T49/><DORA hai="128" /><D49/><N who="1" m="30895" /><E33/><V122/><F28/><W22/><G22/><T88/><D88/><U25/><E25/><V24/><F24/><W71/><REACH who="3" step="1"/><G108/><REACH who="3" ten="230,215,270,275" step="2"/><T97/><D97/><U81/><AGARI ba="0,1" hai="17,19,40,41,43,81,85,90" m="30895,15567" machi="81" ten="30,2000,0" yaku="8,1,52,1" doraHai="76,128" who="1" fromWho="1" sc="230,-5,215,30,270,-10,275,-5" /><INIT seed="3,0,0,0,1,30" ten="225,245,260,270" oya="3" hai0="83,65,69,19,114,108,33,98,70,39,3,100,55" hai1="38,111,21,51,57,74,131,109,85,41,8,43,104" hai2="17,64,18,6,128,105,92,44,115,103,60,63,29" hai3="16,14,119,27,25,46,52,58,56,0,4,77,133"/><W10/><G133/><T129/><D3/><U5/><E74/><V1/><F115/><W53/><G119/><T87/><D114/><U59/><E104/><V126/><F105/><W24/><G77/><T9/><D39/><U61/><E21/><V88/><F103/><W31/><G46/><T37/><D37/><U86/><E38/><V62/><F128/><W127/><G127/><T34/><D129/><U132/><E132/><V134/><F134/><W42/><G42/><N who="1" m="15882" /><E51/><V130/><F130/><W116/><G116/><T7/><D108/><N who="1" m="41547" /><E131/><V47/><F64/><W15/><G0/><T95/><D55/><N who="3" m="21065" /><G31/><T118/><D118/><U71/><E71/><V93/><F29/><W66/><G66/><T78/><D69/><U48/><E48/><V123/><F123/><W45/><G45/><T89/><D78/><U54/><E59/><V90/><F126/><W73/><G73/><T26/><D7/><U99/><E99/><N who="2" m="57735" /><F6/><W80/><G80/><T107/><D107/><U79/><E79/><V101/><F47/><W84/><G84/><T72/><D72/><U124/><E124/><V2/><F44/><W12/><G4/><T117/><D117/><U50/><E50/><V135/><F135/><W76/><G76/><T112/><D112/><U125/><E125/><V75/><F75/><W96/><G96/><T94/><D83/><U68/><E68/><V102/><F2/><AGARI ba="0,0" hai="2,5,8,54,57,61,85,86" m="41547,15882" machi="2" ten="30,1000,0" yaku="14,1" doraHai="30" who="1" fromWho="2" sc="225,0,245,10,260,-10,270,0" /><INIT seed="4,0,0,0,3,115" ten="225,255,250,270" oya="0" hai0="61,30,93,31,62,26,51,102,104,64,60,44,121" hai1="0,58,91,7,52,107,108,125,123,39,6,72,43" hai2="79,27,114,112,113,53,132,36,16,103,1,46,85" hai3="11,18,21,35,42,119,75,111,9,126,28,80,70"/><T24/><D121/><U17/><E108/><V54/><F1/><W32/><G111/><T77/><D104/><U49/><E123/><V67/><F132/><W48/><G70/><T34/><D77/><U109/><E109/><V59/><F103/><W99/><G126/><T122/><D122/><U129/><E125/><V92/><F67/><W38/><G38/><T2/><D2/><U95/><E107/><V130/><F130/><W98/><G28/><T12/><D12/><U66/><E72/><V89/><F79/><W8/><G80/><T90/><D102/><U97/><E129/><V135/><F135/><W69/><G69/><T118/><D118/><U134/><E134/><V78/><F78/><W19/><G75/><T23/><D64/><U81/><E81/><V13/><F27/><W55/><G42/><T128/><D128/><U45/><E0/><V15/><F59/><W20/><G8/><T124/><D124/><U86/><E97/><V56/><F56/><W76/><G76/><T83/><D83/><U40/><E40/><N who="2" m="22791" /><F13/><W110/><G110/><T133/><D133/><U117/><E117/><V50/><F50/><W100/><G48/><T25/><D25/><U73/><E73/><V29/><F29/><W82/><G100/><T68/><D68/><U57/><E17/><V22/><AGARI ba="0,0" hai="15,16,22,53,54,85,89,92,112,113,114" m="22791" machi="22" ten="30,2000,0" yaku="15,1,54,1" doraHai="115" who="2" fromWho="2" sc="225,-10,255,-5,250,20,270,-5" /><INIT seed="5,0,0,1,1,74" ten="215,250,270,265" oya="1" hai0="75,118,23,15,64,88,11,55,97,8,17,102,27" hai1="36,41,20,105,12,77,100,93,37,76,58,38,6" hai2="116,70,85,56,51,98,31,53,14,32,131,5,48" hai3="7,59,103,80,113,47,122,50,111,119,112,16,72"/><U0/><E105/><V39/><F116/><W90/><G111/><T24/><D118/><U69/><E69/><V79/><F70/><W108/><G108/><T101/><D75/><U104/><E104/><V60/><F39/><W62/><G7/><T61/><D55/><U68/><E68/><V86/><F131/><W52/><G103/><N who="0" m="39435" /><D61/><U124/><E41/><V44/><F98/><W96/><G122/><T94/><D64/><U30/><E0/><V13/><F86/><W10/><G119/><T73/><D73/><U133/><E133/><V127/><F127/><W4/><G4/><T99/><D99/><U26/><E124/><V49/><F5/><W87/><G96/><T22/><D27/><U63/><E93/><V121/><F121/><W109/><G72/><T54/><D54/><U129/><E129/><V89/><F44/><W35/><G35/><T82/><D82/><U92/><E92/><V28/><F32/><W66/><G109/><T29/><AGARI ba="0,0" hai="8,11,15,17,22,23,24,29,88,94,97" m="39435" machi="29" ten="30,2000,0" yaku="8,1,54,1" doraHai="74" who="0" fromWho="0" sc="215,20,250,-10,270,-5,265,-5" /><INIT seed="6,0,0,0,5,66" ten="235,240,265,260" oya="2" hai0="3,120,129,91,22,62,51,74,19,46,88,28,134" hai1="36,77,42,26,86,135,7,34,126,33,71,130,45" hai2="115,41,54,73,116,60,93,75,89,63,17,64,84" hai3="8,103,108,118,6,122,10,79,132,49,133,12,111"/><V39/><F115/><W101/><G118/><T20/><D120/><U61/><E126/><V113/><F113/><W107/><G122/><T55/><D74/><U124/><E124/><V90/><F116/><W121/><G121/><T32/><D3/><U58/><E130/><V92/><F54/><W52/><G79/><T72/><D72/><U119/><E135/><N who="3" m="51786" /><G8/><T67/><D134/><U112/><E112/><V2/><F2/><W35/><G35/><T131/><D32/><U127/><E127/><V100/><F100/><N who="3" m="38475" /><G107/><T5/><D5/><U96/><E7/><V87/><F17/><W31/><G31/><T95/><D28/><U98/><E34/><V53/><F53/><W48/><G48/><T23/><D19/><U27/><E33/><V18/><F18/><W104/><G104/><T59/><REACH who="0" step="1"/><D91/><REACH who="0" ten="225,240,265,260" step="2"/><U47/><E119/><V125/><F125/><W21/><G21/><T97/><AGARI ba="0,1" hai="20,22,23,46,51,55,59,62,67,88,95,97,129,131" machi="97" ten="30,7900,0" yaku="1,1,2,1,0,1,54,1,53,0" doraHai="66" doraHaiUra="37" who="0" fromWho="0" sc="225,89,240,-20,265,-39,260,-20" owari="314,41.4,220,-28.0,226,-17.4,240,4.0" /></mjloggm>