<mjloggm ver="2.3"><GO type="225" lobby="0"/><UN n0="%E3%82%A4%E3%83%BC%E3%82%B1%E3%83%97%E3%83%A9" n1="%E3%81%BF%E3%81%BF%E3%81%9A" n2="%E6%9C%88%E5%B3%B6%E5%9F%BA" n3="%E3%81%8B%E3%82%8F%E3%81%A1%E3%82%83%E3%82%93%35%38" dan="16,17,17,16" rate="2109.42,2212.65,2186.17,2151.07" sx="M,M,M,M"/><TAIKYOKU oya="0"/><INIT seed="0,0,0,1,0,37" ten="250,250,250,250" oya="0" hai0="5,15,89,124,54,62,21,43,26,90,106,85,30" hai1="39,0,114,3,125,24,57,108,133,83,132,14,70" hai2="94,56,8,51,77,123,112,66,1,34,117,107,36" hai3="72,84,134,102,4,79,17,6,73,81,86,20,41"/><T58/><D124/><U13/><E70/><V87/><F107/><W11/><G134/><N who="1" m="51818" /><E39/><V74/><F34/><W7/><G102/><T52/><D106/><U110/><E57/><V130/><F36/><W135/><G135/><T80/><D43/><U115/><E83/><V111/><F130/><W131/><G131/><T46/><D89/><U55/><E24/><V119/><F111/><N who="1" m="42537" /><E55/><V33/><F56/><W9/><G73/><T105/><D105/><U19/><E13/><V91/><F1/><N who="1" m="585" /><E125/><V95/><F117/><W76/><G41/><T42/><D54/><U23/><AGARI ba="0,0" hai="14,19,23,114,115" m="585,42537,51818" machi="23" ten="40,8000,1" yaku="20,1,14,1,34,2" doraHai="37" who="1" fromWho="1" sc="250,-40,250,80,250,-20,250,-20" /><INIT seed="1,0,0,4,0,39" ten="210,330,230,230" oya="1" hai0="51,1,87,8,52,104,133,89,32,60,122,72,101" hai1="68,102,43,73,9,76,121,37,94,100,70,130,110" hai2="125,66,62,64,65,123,120,79,82,10,108,113,93" hai3="115,56,55,22,95,84,97,7,6,134,31,25,127"/><U96/><E121/><V44/><F108/><W85/><G127/><T92/><D32/><U35/><E35/><V124/><F113/><W67/><G67/><T23/><D122/><U21/><E21/><V53/><F93/><W118/><G134/><T63/><D72/><U81/><E110/><V103/><F103/><N who="3" m="60863" /><G118/><T2/><D133/><U114/><E114/><V13/><F120/><W49/><G115/><T12/><D101/><U111/><E111/><V45/><F123/><W30/><G30/><T58/><D104/><U74/><E130/><V28/><F28/><W5/><AGARI ba="0,0" hai="5,6,7,22,25,31,49,55,56,84,85" m="60863" machi="5" ten="30,1100,0" yaku="8,1" doraHai="39" who="3" fromWho="3" sc="210,-3,330,-5,230,-3,230,11" /><INIT seed="2,0,0,5,4,2" ten="207,325,227,241" oya="2" hai0="125,41,118,116,4,25,97,128,131,28,65,92,43" hai1="129,104,88,13,81,127,31,108,57,40,16,46,120" hai2="49,93,53,18,21,83,66,10,133,23,47,54,78" hai3="111,106,56,132,63,45,76,80,126,86,70,6,67"/><V84/><F133/><W58/><G106/><T101/><D65/><U29/><E104/><V5/><F66/><W109/><G132/><T71/><D71/><U27/><E108/><N who="3" m="41546" /><G126/><T12/><D125/><U72/><E127/><V60/><F93/><W64/><G64/><T34/><D12/><U100/><E129/><N who="0" m="49737" /><D4/><U103/><E120/><V51/><F60/><W52/><G6/><T89/><D89/><U48/><E57/><V77/><F77/><W123/><G123/><T11/><D11/><N who="1" m="6207" /><E72/><V82/><F82/><W135/><G135/><T32/><D32/><U113/><E113/><V24/><F23/><W95/><G95/><T42/><AGARI ba="0,0" hai="25,28,34,41,42,43,92,97,101,116,118" m="49737" machi="42" ten="40,1500,0" yaku="19,1" doraHai="2" who="0" fromWho="0" sc="207,15,325,-4,227,-7,241,-4" /><INIT seed="3,0,0,3,3,11" ten="222,321,220,237" oya="3" hai0="107,120,76,98,95,77,16,53,105,108,32,109,21" hai1="19,110,7,84,101,23,67,112,131,125,122,103,79" hai2="17,104,128,1,24,89,62,58,87,121,40,64,37" hai3="134,100,44,116,47,66,81,4,5,60,73,33,88"/><W135/><G116/><T15/><D120/><U68/><E112/><V48/><F1/><W63/><G33/><T26/><D53/><U13/><E122/><V57/><F121/><W114/><G100/><N who="0" m="60511" /><D32/><U85/><E110/><N who="0" m="42601" /><D26/><U130/><E125/><V27/><F104/><AGARI ba="0,0" hai="15,16,21,76,77,104,105,107" m="42601,60511" machi="104" ten="30,3900,0" yaku="14,1,52,1,54,1" doraHai="11" who="0" fromWho="2" sc="222,39,321,0,220,-39,237,0" owari="261,6.1,321,42.1,181,-31.9,237,-16.3" /></mjloggm>