<mjloggm ver="2.3"><GO type="225" lobby="0"/><UN n0="%E3%82%A4%E3%83%BC%E3%82%B1%E3%83%97%E3%83%A9" n1="%6E%65%6F%E3%82%BD%E3%83%83%E3%82%AF%E3%82%B9%E2%99%AA" n2="%E3%83%96%E3%83%83%E3%83%91%E3%82%AA%E3%83%96%E3%83%81%E3%82%AD%E3%83%B3" n3="%E3%81%BF%E3%81%BF%E3%81%9A" dan="16,16,16,17" rate="2155.15,2135.61,2188.27,2190.02" sx="M,M,M,M"/><TAIKYOKU oya="0"/><INIT seed="0,0,0,1,2,62" ten="250,250,250,250" oya="0" hai0="84,111,65,45,48,123,35,116,75,13,130,101,112" hai1="4,18,7,19,51,99,94,78,92,88,39,12,2" hai2="80,109,41,9,79,102,72,8,27,21,107,44,0" hai3="37,56,67,114,85,29,10,52,87,120,121,69,82"/><T40/><D112/><U81/><E39/><V98/><F109/><W68/><G114/><T50/><D116/><U14/><E2/><V63/><F0/><W97/><G37/><T71/><D123/><N who="3" m="47177" /><G29/><T93/><D75/><U70/><E70/><N who="3" m="27242" /><G97/><T59/><D35/><U89/><E51/><V33/><F63/><N who="3" m="38375" /><G10/><T113/><D113/><U106/><E106/><V117/><F33/><W83/><G52/><T125/><D111/><U108/><E108/><V3/><F117/><W26/><G26/><T46/><D71/><U34/><E34/><V47/><F3/><W54/><G54/><T133/><D13/><U38/><E38/><V15/><F15/><W1/><G1/><T95/><D130/><U119/><E119/><V132/><F132/><W126/><G126/><T66/><D125/><U104/><E104/><V134/><F134/><W100/><G100/><T127/><D127/><U86/><E14/><V128/><F128/><W31/><G31/><T115/><D115/><U61/><E61/><V73/><F73/><W22/><G22/><T135/><D59/><U55/><E55/><V17/><REACH who="2" step="1"/><F47/><REACH who="2" ten="250,250,240,250" step="2"/><W32/><G32/><T43/><D101/><U129/><E129/><V5/><F5/><N who="1" m="2121" /><E12/><V57/><F57/><W90/><G87/><AGARI ba="0,1" hai="40,43,45,46,48,50,65,66,84,87,93,95,133,135" machi="87" ten="25,9600,0" yaku="22,2,52,2" doraHai="62" who="0" fromWho="3" sc="250,106,250,0,240,0,250,-96" /><AGARI ba="0,0" hai="18,19,78,81,86,87,88,89,92,94,99" m="2121" machi="87" ten="30,2000,0" yaku="8,1,54,1" doraHai="62" who="1" fromWho="3" sc="356,0,250,20,240,0,154,-20" /><INIT seed="0,1,0,1,2,133" ten="356,270,240,134" oya="0" hai0="59,95,79,54,84,67,119,92,15,17,32,46,38" hai1="1,135,90,128,58,44,28,55,42,7,110,3,89" hai2="6,68,26,100,23,36,4,74,77,134,97,72,101" hai3="43,37,127,48,53,108,16,21,41,75,105,52,62"/><T49/><D119/><U85/><E135/><V40/><F134/><W113/><G113/><T130/><D32/><U87/><E110/><V76/><F68/><W22/><G108/><T123/><D130/><U120/><E120/><V82/><F36/><W83/><G105/><T24/><D123/><U31/><E128/><V51/><F40/><W80/><G37/><T116/><D24/><U94/><E44/><V131/><F51/><W114/><G114/><T132/><D132/><U98/><E42/><N who="3" m="15882" /><G75/><T5/><D5/><U93/><E98/><V129/><F129/><W102/><G102/><T64/><D116/><U12/><E12/><V91/><F131/><W118/><G118/><T73/><D73/><U33/><E7/><V20/><F91/><W111/><G111/><T13/><D13/><U27/><REACH who="1" step="1"/><E31/><REACH who="1" ten="356,260,240,134" step="2"/><V103/><F97/><W115/><G115/><T104/><D38/><U2/><E2/><V81/><REACH who="2" step="1"/><F20/><REACH who="2" ten="356,260,230,134" step="2"/><N who="3" m="7787" /><G127/><T126/><D126/><U60/><AGARI ba="1,2" hai="1,3,27,28,33,55,58,60,85,87,89,90,93,94" machi="60" ten="20,5200,0" yaku="1,1,0,1,7,1,9,1,53,0" doraHai="133" doraHaiUra="121" who="1" fromWho="1" sc="356,-27,260,75,230,-14,134,-14" /><INIT seed="1,0,0,4,4,116" ten="329,335,216,120" oya="1" hai0="100,34,72,74,84,117,37,129,108,61,1,99,48" hai1="88,4,104,126,71,87,135,66,5,133,46,64,40" hai2="106,83,59,22,63,28,79,95,73,112,130,17,27" hai3="30,93,65,29,119,52,26,11,51,69,3,16,23"/><U36/><E104/><V15/><F130/><W8/><G119/><T76/><D37/><U80/><E126/><V38/><F112/><W109/><G109/><T110/><D117/><U89/><E89/><V107/><F38/><W102/><G69/><T92/><D1/><U86/><E86/><V0/><F0/><W113/><G65/><T55/><D34/><U128/><E128/><V13/><F95/><W10/><G3/><T122/><D61/><N who="1" m="40335" /><E66/><V2/><F2/><W47/><REACH who="3" step="1"/><G113/><REACH who="3" ten="329,335,216,110" step="2"/><T121/><D129/><U90/><E135/><V43/><F43/><W42/><G42/><T31/><D110/><U14/><E40/><V85/><F73/><W101/><G101/><T105/><D108/><U67/><E133/><V9/><REACH who="2" step="1"/><F15/><REACH who="2" ten="329,335,206,110" step="2"/><W45/><G45/><T32/><D74/><U33/><E14/><V70/><F70/><W134/><G134/><T96/><D72/><U12/><E46/><V57/><F57/><W24/><G24/><T78/><D55/><AGARI ba="0,2" hai="9,13,17,22,27,28,55,59,63,79,83,85,106,107" machi="55" ten="30,2000,0" yaku="1,1,7,1,53,0" doraHai="116" doraHaiUra="62" who="2" fromWho="0" sc="329,-20,335,0,206,40,110,0" /><INIT seed="2,0,0,4,0,15" ten="309,335,246,110" oya="2" hai0="33,43,100,49,90,57,98,59,18,132,85,0,102" hai1="93,35,80,105,120,65,77,108,46,131,8,68,124" hai2="6,86,38,88,62,101,134,11,5,34,32,110,116" hai3="37,92,119,7,12,113,127,114,21,3,30,89,24"/><V74/><F116/><W47/><G119/><T79/><D0/><U10/><E108/><V53/><F74/><W96/><G127/><T61/><D33/><U25/><E105/><V99/><F38/><W109/><G109/><T9/><D132/><U94/><E124/><V70/><F110/><W84/><G37/><T82/><D43/><U83/><E131/><V78/><F78/><W51/><G3/><T14/><D49/><U69/><E65/><V55/><F134/><W111/><G111/><T130/><D130/><U67/><E67/><V52/><F62/><W19/><G7/><T97/><D59/><U40/><E120/><V60/><F60/><W31/><G113/><T45/><D45/><U126/><E25/><V44/><F44/><W17/><G114/><T41/><D41/><U81/><E35/><V13/><F5/><W118/><G118/><T106/><D79/><U2/><E77/><V39/><F70/><W56/><G96/><N who="0" m="36971" /><D106/><U27/><E126/><V75/><F75/><W54/><REACH who="3" step="1"/><G47/><REACH who="3" ten="309,335,246,100" step="2"/><T107/><D107/><U20/><E2/><V91/><F39/><W64/><G64/><AGARI ba="0,1" hai="9,14,18,57,61,64,82,85,90,100,102" m="36971" machi="64" ten="30,2000,0" yaku="8,1,52,1" doraHai="15" who="0" fromWho="3" sc="309,30,335,0,246,0,100,-20" /><INIT seed="3,0,0,4,2,98" ten="339,335,246,80" oya="3" hai0="80,71,84,113,27,102,10,119,75,34,126,72,99" hai1="91,48,40,73,41,66,106,1,93,68,90,16,76" hai2="100,134,2,30,85,12,0,44,92,15,105,28,59" hai3="43,95,61,45,104,130,64,110,38,121,65,86,118"/><W47/><G118/><T122/><D71/><U96/><E1/><V25/><F105/><W26/><G121/><T52/><D119/><U79/><E106/><V117/><F117/><W97/><G130/><T103/><D122/><U14/><E73/><V69/><F69/><W67/><G110/><T54/><D10/><N who="1" m="6231" /><E68/><V135/><F59/><W17/><G104/><T50/><D126/><U56/><E91/><V20/><F30/><W4/><G4/><T89/><D113/><U7/><E7/><V131/><F131/><W29/><G17/><T58/><D54/><N who="1" m="31815" /><E66/><V23/><F44/><W13/><G13/><T108/><D108/><U77/><AGARI ba="0,0" hai="40,41,76,77,79,90,93,96" m="31815,6231" machi="77" ten="30,2000,0" yaku="8,1,54,1" doraHai="98" who="1" fromWho="1" sc="339,-5,335,20,246,-5,80,-10" owari="334,13.4,355,45.5,241,-15.9,70,-43.0" /></mjloggm>