<mjloggm ver="2.3"><GO type="225" lobby="0"/><UN n0="%77%72%77%72%77%72%77%72" n1="%74%75%72%74%6C%65%2E" n2="%E3%81%90%E3%81%A1%E3%82%84%E3%81%BE" n3="%E3%83%96%E3%83%83%E3%83%91%E3%82%AA%E3%83%96%E3%83%81%E3%82%AD%E3%83%B3" dan="17,16,16,16" rate="2182.19,2048.37,2123.20,2174.89" sx="M,M,M,M"/><TAIKYOKU oya="0"/><INIT seed="0,0,0,2,5,81" ten="250,250,250,250" oya="0" hai0="103,23,95,115,31,134,108,54,16,121,79,45,13" hai1="112,37,11,120,39,131,49,28,126,111,44,119,63" hai2="29,35,30,87,50,12,68,132,129,57,53,124,98" hai3="19,9,67,69,128,65,60,100,125,64,71,133,32"/><T62/><D115/><U22/><E119/><V123/><F123/><W76/><G133/><T89/><D121/><U110/><E120/><V83/><F132/><W99/><G128/><T41/><D134/><U58/><E11/><V114/><F114/><W74/><G125/><T82/><D108/><N who="1" m="41515" /><E112/><V66/><F124/><W118/><G118/><T85/><D31/><U86/><E126/><V92/><F129/><W33/><G74/><T80/><D103/><U8/><E8/><V93/><F35/><W135/><G76/><T38/><REACH who="0" step="1"/><D79/><REACH who="0" ten="240,250,250,250" step="2"/><U21/><E28/><V97/><F30/><W122/><G100/><T14/><D14/><U2/><E131/><V4/><F29/><W40/><G135/><T106/><D106/><U47/><E2/><V17/><F12/><W73/><G122/><T10/><D10/><U104/><E104/><V88/><F4/><W113/><G9/><T46/><D46/><U94/><E44/><N who="2" m="27847" /><F17/><W102/><G19/><T96/><D96/><N who="2" m="36970" /><F68/><W1/><G71/><T42/><D42/><N who="1" m="24823" /><E21/><V15/><F15/><W34/><G34/><T51/><D51/><U77/><E22/><V107/><F107/><W116/><G33/><T109/><D109/><U3/><E3/><V24/><F24/><W72/><G1/><T70/><D70/><U105/><E105/><V5/><F5/><W130/><G32/><T55/><D55/><N who="1" m="34271" /><E77/><V6/><F6/><W36/><G130/><T43/><D43/><U26/><E26/><V59/><F66/><N who="3" m="25707" /><G113/><T91/><D91/><AGARI ba="0,1" hai="37,39,86,91,94" m="34271,24823,41515" machi="91" ten="30,2000,0" yaku="14,1,52,1" doraHai="81" who="1" fromWho="0" sc="240,-20,250,30,250,0,250,0" /><INIT seed="1,0,0,3,2,43" ten="220,280,250,250" oya="1" hai0="114,15,23,111,39,31,64,132,68,96,8,28,18" hai1="71,47,83,5,46,0,131,32,57,36,45,93,13" hai2="107,2,56,77,110,134,85,51,112,60,48,102,80" hai3="90,119,98,73,62,75,20,88,109,63,79,76,41"/><U105/><E105/><V9/><F110/><W123/><G123/><T52/><D114/><U100/><E71/><V97/><F134/><W42/><G109/><T135/><D111/><U17/><E32/><V4/><REACH who="2" step="1"/><F112/><REACH who="2" ten="220,280,240,250" step="2"/><W113/><G113/><T127/><D135/><U50/><E131/><V59/><F59/><W95/><G119/><T3/><D132/><U128/><E128/><V120/><F120/><W14/><G98/><T86/><D96/><U84/><E36/><V106/><F106/><W54/><G73/><T70/><D39/><U74/><E74/><V25/><F25/><W125/><G75/><T27/><D68/><U89/><E57/><V10/><F10/><W16/><G125/><T44/><D127/><U33/><E33/><V122/><F122/><W7/><G20/><T72/><D72/><U117/><E117/><V78/><F78/><W129/><G79/><T103/><D86/><U26/><E26/><V12/><F12/><W22/><G14/><T53/><D3/><U94/><E0/><V101/><F101/><W82/><G22/><T6/><D103/><U115/><E115/><V130/><F130/><W67/><G76/><T29/><REACH who="0" step="1"/><D44/><REACH who="0" ten="210,280,240,250" step="2"/><N who="1" m="17003" /><E100/><V133/><F133/><W116/><G129/><T61/><AGARI ba="0,2" hai="6,8,15,18,23,27,28,29,31,52,53,61,64,70" machi="61" ten="30,4000,0" yaku="1,1,0,1,54,1,53,0" doraHai="43" doraHaiUra="126" who="0" fromWho="0" sc="210,60,280,-20,240,-10,250,-10" /><INIT seed="2,0,0,5,1,33" ten="270,260,230,240" oya="2" hai0="126,123,22,34,6,73,14,119,124,101,81,23,80" hai1="28,103,8,99,88,58,90,134,110,135,109,130,63" hai2="85,87,89,25,115,86,48,30,128,74,53,78,97" hai3="7,104,16,127,84,59,61,35,76,93,5,114,117"/><V52/><F115/><W56/><G117/><T32/><D119/><U13/><E28/><V132/><F128/><W44/><G104/><T41/><D123/><U125/><E130/><V40/><F132/><N who="1" m="50729" /><E125/><N who="0" m="48233" /><D101/><U105/><E58/><V121/><F121/><W62/><G127/><T36/><D6/><N who="1" m="3223" /><E63/><V112/><F112/><W79/><G35/><T21/><D14/><U46/><E46/><N who="2" m="25671" /><F74/><W102/><G44/><N who="0" m="23591" /><D81/><U72/><E72/><V96/><F78/><AGARI ba="0,0" hai="21,22,23,32,34,73,78,80" m="23591,48233" machi="78" ten="30,1000,0" yaku="18,1" doraHai="33" who="0" fromWho="2" sc="270,10,260,0,230,-10,240,0" /><INIT seed="3,0,0,3,3,101" ten="280,260,220,240" oya="3" hai0="122,3,39,82,115,123,17,34,109,84,37,62,105" hai1="66,94,93,30,120,23,8,127,77,2,25,32,126" hai2="42,103,33,41,73,85,106,6,35,49,12,5,89" hai3="99,91,48,68,57,125,27,67,124,58,22,114,110"/><W56/><G114/><T90/><D115/><U107/><E120/><V70/><F73/><W54/><G68/><T50/><D34/><U92/><E66/><V63/><F70/><W20/><G110/><T64/><D3/><U79/><E32/><V36/><F36/><W28/><G22/><T132/><D109/><U1/><E107/><V4/><F63/><W102/><G91/><T86/><D132/><U61/><E61/><V112/><F112/><W88/><G67/><T19/><D105/><U13/><E1/><V52/><F12/><W74/><G74/><T9/><D39/><U130/><E2/><V29/><F103/><W78/><G78/><T46/><D37/><U96/><E96/><V121/><F106/><N who="3" m="63839" /><G88/><T83/><D123/><U111/><E111/><V97/><F97/><W133/><G133/><T76/><D9/><U104/><E104/><V131/><F121/><W81/><G81/><T75/><D75/><U40/><E40/><V16/><F16/><W26/><G26/><T108/><D122/><U10/><E10/><V119/><F119/><W65/><G65/><T59/><D108/><U80/><E80/><N who="2" m="49319" /><F29/><W60/><G60/><T44/><D44/><U14/><E14/><V24/><F24/><W7/><G7/><T0/><D0/><U51/><E77/><V72/><F72/><W69/><G69/><T53/><AGARI ba="0,0" hai="17,19,46,50,53,59,62,64,76,82,83,84,86,90" machi="53" ten="20,2700,0" yaku="0,1,7,1,8,1" doraHai="101" who="0" fromWho="0" sc="280,27,260,-7,220,-7,240,-13" owari="307,40.7,253,5.3,213,-28.7,227,-17.3" /></mjloggm>