<mjloggm ver="2.3"><GO type="225" lobby="0"/><UN n0="%E3%81%AF%E3%82%88%E3%81%8A%E3%81%98%E3%81%95%E3%82%93" n1="%E6%A9%98%E3%83%AF%E3%83%AB%E3%83%84" n2="%E3%83%94%E3%83%B3%E3%82%B5%E3%83%AD%E5%BA%97%E5%93%A1" n3="%E3%83%9D%E3%82%B1%E3%83%83%E3%83%88" dan="17,16,16,16" rate="2141.95,2042.78,2144.45,2073.08" sx="M,M,M,M"/><TAIKYOKU oya="0"/><INIT seed="0,0,0,5,5,106" ten="250,250,250,250" oya="0" hai0="73,123,7,79,28,64,35,81,30,50,109,62,0" hai1="18,36,118,70,104,8,72,54,89,25,94,133,60" hai2="59,126,53,95,26,90,113,40,48,4,108,115,99" hai3="102,124,125,117,15,49,68,19,46,129,130,33,85"/><T47/><D123/><U132/><E104/><V6/><F108/><W101/><G68/><T88/><D109/><U55/><E118/><V86/><F126/><N who="3" m="48747" /><G33/><T84/><D35/><U111/><E36/><V91/><F115/><W23/><G85/><T45/><D7/><U87/><E111/><V9/><F113/><W32/><G32/><T78/><D0/><U122/><E122/><V110/><F110/><W80/><G80/><T38/><D38/><U83/><E70/><V29/><F40/><N who="3" m="24775" /><G117/><T51/><D51/><U12/><E25/><V112/><F112/><W69/><G69/><T31/><D50/><U63/><E63/><V11/><F6/><W24/><G24/><T2/><D2/><U75/><E55/><V103/><F4/><W116/><G116/><T57/><REACH who="0" step="1"/><D79/><REACH who="0" ten="240,250,250,250" step="2"/><U65/><E65/><V74/><F48/><W16/><G19/><T98/><D98/><U34/><E34/><V27/><F99/><W127/><N who="3" m="48755" /><W42/><DORA hai="97" /><G42/><T77/><D77/><U135/><E83/><AGARI ba="0,1" hai="28,30,31,45,47,57,62,64,73,78,81,83,84,88" machi="83" ten="40,12000,1" yaku="1,1,52,1,54,1,53,1" doraHai="106,97" doraHaiUra="105,100" who="0" fromWho="1" sc="240,130,250,-120,250,0,250,0" /><INIT seed="0,1,0,4,5,27" ten="370,130,250,250" oya="0" hai0="30,7,116,23,16,92,132,79,43,41,73,111,35" hai1="24,69,77,108,101,39,22,66,117,97,81,89,114" hai2="42,80,68,38,11,134,55,128,58,131,3,29,109" hai3="10,2,127,8,85,64,112,63,37,54,25,72,88"/><T129/><D116/><U61/><E117/><V50/><F109/><W95/><G112/><T93/><D111/><U40/><E108/><V67/><F134/><W110/><G110/><T34/><D132/><U75/><E114/><V107/><F107/><W20/><G72/><T82/><D129/><U18/><E40/><V9/><F80/><W118/><G118/><T78/><D7/><U60/><E39/><V28/><F67/><W31/><G127/><T76/><D73/><U17/><E89/><V45/><F68/><W14/><G37/><T13/><D82/><U122/><E61/><V135/><F135/><W59/><G2/><T1/><D1/><U96/><E96/><V48/><F38/><W56/><G14/><T119/><D119/><U106/><REACH who="1" step="1"/><E122/><REACH who="1" ten="370,120,250,250" step="2"/><V5/><REACH who="2" step="1"/><F11/><REACH who="2" ten="370,120,240,250" step="2"/><W120/><REACH who="3" step="1"/><G120/><REACH who="3" ten="370,120,240,240" step="2"/><T32/><D78/><U15/><E15/><V44/><F44/><W103/><G103/><T36/><D76/><U19/><AGARI ba="1,3" hai="17,18,19,22,24,60,66,69,75,77,81,97,101,106" machi="19" ten="20,2700,0" yaku="1,1,0,1,7,1,53,0" doraHai="27" doraHaiUra="87" who="1" fromWho="1" sc="370,-14,120,60,240,-8,240,-8" /><INIT seed="1,0,0,3,5,131" ten="356,180,232,232" oya="1" hai0="86,43,33,99,87,25,23,66,39,40,62,129,68" hai1="27,81,98,91,19,94,11,50,67,64,97,85,108" hai2="7,2,1,134,41,92,84,101,70,3,38,61,12" hai3="116,9,72,103,29,82,65,119,76,71,106,132,133"/><U118/><E118/><N who="3" m="45098" /><G29/><T73/><D73/><U112/><E112/><V8/><F38/><W120/><G120/><T121/><D33/><U96/><E108/><V111/><F41/><W28/><G28/><T58/><D68/><U55/><E94/><V105/><F105/><W130/><G130/><T17/><D129/><U51/><E51/><V56/><F70/><W32/><G32/><T52/><D121/><U48/><E48/><V79/><F111/><W74/><G74/><T16/><D39/><U46/><E27/><V30/><F30/><W128/><G9/><T53/><D99/><U102/><REACH who="1" step="1"/><E102/><REACH who="1" ten="356,170,232,232" step="2"/><V31/><F101/><W15/><G128/><T26/><D43/><U109/><E109/><V135/><F92/><W13/><G103/><T89/><D40/><U14/><AGARI ba="0,1" hai="11,14,19,46,50,55,64,67,81,85,91,96,97,98" machi="14" ten="30,18000,2" yaku="1,1,0,1,25,2,8,1,53,1" doraHai="131" doraHaiUra="10" who="1" fromWho="1" sc="356,-60,170,190,232,-60,232,-60" /><INIT seed="1,1,0,4,5,37" ten="296,360,172,172" oya="1" hai0="39,58,86,49,113,70,121,98,128,32,44,88,66" hai1="99,120,122,82,80,59,119,100,8,38,72,111,0" hai2="84,64,7,20,47,126,9,116,16,31,104,27,77" hai3="55,35,4,45,106,54,125,93,114,74,15,56,25"/><U6/><E119/><V81/><F126/><W90/><G106/><T71/><D113/><U89/><E38/><V124/><F124/><W33/><G125/><T133/><D32/><U17/><E111/><V123/><F123/><W91/><G74/><T73/><D73/><U69/><E69/><V97/><F116/><W14/><G114/><T67/><D121/><U60/><E17/><V21/><F64/><W127/><G127/><T118/><D118/><U87/><E80/><V75/><F75/><W78/><G78/><T57/><D98/><U28/><E28/><V134/><F134/><W65/><G65/><N who="0" m="24587" /><D88/><U62/><E72/><V24/><F47/><W41/><G90/><T42/><D86/><U11/><E11/><V105/><REACH who="2" step="1"/><F97/><REACH who="2" ten="296,360,162,172" step="2"/><W101/><G45/><N who="0" m="23775" /><D133/><U117/><E117/><V51/><F51/><W1/><G56/><N who="0" m="21611" /><D128/><U22/><E122/><V13/><AGARI ba="1,1" hai="7,9,13,16,20,21,24,27,31,77,81,84,104,105" machi="13" ten="20,5200,0" yaku="1,1,0,1,7,1,54,1,53,0" doraHai="37" doraHaiUra="135" who="2" fromWho="2" sc="296,-14,360,-27,162,65,172,-14" /><INIT seed="2,0,0,2,1,11" ten="282,333,227,158" oya="2" hai0="45,81,19,32,61,52,91,67,57,31,119,87,3" hai1="117,48,44,39,86,58,113,133,78,7,63,23,124" hai2="98,115,22,50,62,69,129,30,55,93,72,130,123" hai3="64,75,100,95,104,4,80,24,68,66,73,110,37"/><V122/><F72/><W43/><G104/><T94/><D3/><U16/><E117/><V46/><F30/><W65/><G68/><T17/><D119/><U51/><E113/><V59/><F22/><W126/><G110/><T54/><D32/><U20/><E39/><V12/><F115/><W116/><G116/><T101/><D31/><U41/><E7/><V1/><F1/><W14/><G126/><T111/><D111/><U99/><E124/><V15/><F69/><W71/><G71/><T105/><D105/><U42/><E99/><V76/><F76/><W120/><G120/><T21/><D45/><U131/><E133/><V18/><F123/><W77/><G24/><T49/><D49/><U84/><E131/><N who="2" m="50187" /><F18/><W47/><G73/><T33/><D33/><U85/><E23/><V97/><F122/><W35/><G35/><T114/><D114/><U89/><E78/><V83/><F83/><W36/><G36/><T26/><D17/><U107/><E107/><V118/><F98/><AGARI ba="0,0" hai="19,21,26,52,54,57,61,67,81,87,91,94,98,101" machi="98" ten="40,2600,0" yaku="8,1,54,1" doraHai="11" who="0" fromWho="2" sc="282,26,333,0,227,-26,158,0" /><INIT seed="3,0,0,1,5,70" ten="308,333,201,158" oya="3" hai0="98,117,54,131,72,9,87,63,0,77,124,112,18" hai1="99,30,81,24,78,32,83,41,44,110,38,59,71" hai2="133,84,132,15,69,68,14,39,95,111,17,62,122" hai3="65,115,5,35,3,19,129,101,36,26,60,107,4"/><W52/><G115/><T86/><D117/><U125/><E125/><V58/><F111/><W55/><G129/><T40/><D124/><U92/><E110/><V108/><F39/><W89/><G36/><T7/><D131/><U109/><E71/><V51/><F108/><W93/><G107/><T134/><D112/><U114/><E109/><V21/><F122/><W34/><G101/><T102/><D134/><N who="2" m="51818" /><F51/><W91/><G65/><T128/><D128/><U25/><E114/><V33/><F33/><W37/><G37/><T104/><D40/><U100/><E25/><V29/><F29/><W43/><G43/><T31/><D31/><U121/><E121/><V103/><F15/><W11/><G5/><T16/><D72/><U90/><E78/><V6/><F6/><W135/><G135/><T119/><D119/><U10/><E10/><V23/><F23/><N who="3" m="13695" /><G91/><T27/><D77/><U13/><E13/><V123/><F123/><W82/><G82/><T50/><D63/><U28/><E28/><V96/><F84/><N who="3" m="52391" /><G60/><T46/><REACH who="0" step="1"/><D18/><REACH who="0" ten="298,333,201,158" step="2"/><U75/><E75/><V56/><F68/><W42/><G42/><T73/><D73/><U48/><E38/><V130/><F130/><W64/><G64/><AGARI ba="0,1" hai="14,17,21,56,58,62,64,69,95,96,103" m="51818" machi="64" ten="30,1000,0" yaku="20,1" doraHai="70" who="2" fromWho="3" sc="298,0,333,0,201,20,158,-10" owari="298,9.8,333,43.3,221,-17.9,148,-35.2" /></mjloggm>