<mjloggm ver="2.3"><GO type="225" lobby="0"/><UN n0="%77%72%77%72%77%72%77%72" n1="%40%77%61%6B%61" n2="%E3%83%96%E3%83%83%E3%83%91%E3%82%AA%E3%83%96%E3%83%81%E3%82%AD%E3%83%B3" n3="%E3%83%A9%E3%82%B9%E7%8E%87%EF%BC%93%E5%89%B2" dan="17,16,16,17" rate="2204.48,2116.47,2123.51,2225.59" sx="M,M,M,F"/><TAIKYOKU oya="0"/><INIT seed="0,0,0,4,1,117" ten="250,250,250,250" oya="0" hai0="11,129,51,111,107,93,39,21,135,124,58,23,110" hai1="20,7,75,121,90,79,16,98,76,65,134,48,46" hai2="89,43,52,12,25,44,112,91,77,119,28,53,81" hai3="78,92,30,34,10,71,31,125,57,47,109,67,60"/><T108/><D107/><U45/><E134/><V24/><F112/><W123/><G109/><T54/><D135/><U118/><E118/><V49/><F119/><W96/><G125/><T0/><D124/><U13/><E75/><V15/><F77/><W122/><G78/><N who="1" m="29738" /><E65/><V1/><F1/><W114/><G114/><T29/><D129/><U5/><E121/><N who="3" m="46090" /><G47/><N who="1" m="17930" /><E48/><V26/><F28/><N who="3" m="10795" /><G10/><T41/><D29/><U74/><E74/><V94/><F81/><W38/><G38/><T102/><D41/><U37/><E37/><V103/><F103/><N who="3" m="60807" /><G71/><T115/><D39/><U83/><E83/><V22/><F22/><W3/><G3/><T86/><D115/><U36/><E36/><V40/><F40/><W116/><G116/><T72/><D72/><U63/><E63/><V17/><F43/><W85/><G85/><T35/><D35/><AGARI ba="0,0" hai="34,35,57,60,67" m="60807,10795,46090" machi="35" ten="30,7700,0" yaku="13,1,52,3" doraHai="117" who="3" fromWho="0" sc="250,-77,250,0,250,0,250,77" /><INIT seed="1,0,0,3,2,69" ten="173,250,250,327" oya="1" hai0="59,119,58,62,134,103,81,44,15,108,30,73,49" hai1="19,98,45,115,50,109,113,72,77,78,80,6,28" hai2="93,26,25,87,54,124,94,82,34,117,18,132,110" hai3="38,92,5,70,131,122,14,99,60,48,53,3,33"/><U13/><E28/><V100/><F117/><W89/><G131/><T61/><D119/><U46/><E6/><V57/><F110/><W47/><G122/><T36/><D30/><U65/><E65/><V102/><F132/><W17/><G33/><T7/><D108/><U114/><E78/><N who="2" m="46551" /><F124/><W35/><G38/><T43/><D134/><U104/><E109/><V75/><F75/><W86/><G3/><T21/><D103/><N who="2" m="39466" /><F34/><W29/><G5/><T56/><D73/><U133/><E133/><V40/><F40/><W130/><G130/><T9/><D81/><U67/><E67/><V63/><F18/><W24/><G60/><T1/><D1/><U22/><E104/><V129/><F129/><W118/><G70/><T52/><REACH who="0" step="1"/><D21/><REACH who="0" ten="163,250,250,327" step="2"/><U12/><E113/><V79/><F79/><W91/><G118/><T76/><D76/><U121/><E114/><V90/><F90/><W111/><G111/><T4/><D4/><U106/><E80/><V128/><F128/><W123/><G91/><T84/><D84/><U39/><E77/><V96/><F96/><W71/><G99/><T112/><D112/><U42/><E72/><V66/><F66/><W125/><G86/><T88/><D88/><U83/><E115/><V51/><F94/><W10/><G92/><T101/><D101/><U116/><E116/><V107/><F107/><W55/><G89/><T97/><D97/><U74/><E98/><V41/><F93/><W23/><G35/><T127/><D127/><U11/><E106/><V32/><F32/><W135/><G125/><T95/><D95/><U120/><E74/><RYUUKYOKU ba="0,1" sc="163,15,250,-15,250,15,327,-15" hai0="7,9,15,36,43,44,49,52,56,58,59,61,62" hai2="25,26,41,51,54,57,63" /><INIT seed="2,1,1,0,5,34" ten="178,235,265,312" oya="2" hai0="47,106,48,54,85,2,62,130,14,50,63,67,86" hai1="0,118,129,81,33,45,102,98,29,12,68,37,117" hai2="120,69,126,91,73,28,55,39,16,66,132,41,116" hai3="76,59,27,53,70,7,65,89,121,13,87,32,44"/><V101/><F116/><W42/><G121/><T38/><D106/><N who="1" m="63831" /><E12/><V35/><F120/><W79/><G32/><T46/><D130/><U90/><E90/><V84/><F73/><W23/><G70/><T11/><D38/><U8/><E81/><V22/><F132/><W58/><G65/><T57/><D2/><U131/><E68/><V64/><F126/><W51/><G13/><T108/><D108/><U61/><E61/><V72/><F72/><W105/><G7/><T74/><D74/><U75/><E75/><V9/><F101/><W43/><G58/><T133/><D133/><U21/><E21/><V80/><F69/><W134/><G105/><T40/><D40/><BYE who="0" /><N who="3" m="15401" /><G44/><UN n0="%77%72%77%72%77%72%77%72" /><T124/><D124/><U25/><E45/><V96/><F55/><W114/><G114/><T107/><D107/><U3/><E37/><V127/><F127/><W99/><G99/><T56/><D47/><U113/><E113/><V5/><F22/><W109/><G109/><T112/><D112/><U36/><E36/><V103/><F96/><W82/><G134/><T94/><D46/><U6/><E3/><V122/><F41/><W31/><AGARI ba="1,1" hai="23,27,31,51,53,59,76,79,82,87,89" m="15401" machi="31" ten="30,1100,0" yaku="8,1" doraHai="34" who="3" fromWho="3" sc="178,-4,235,-4,265,-6,312,24" /><INIT seed="3,0,0,5,5,133" ten="174,231,259,336" oya="3" hai0="80,89,24,77,17,30,86,0,84,8,105,54,59" hai1="62,46,90,116,41,70,39,97,66,108,126,51,6" hai2="132,29,114,16,55,121,129,73,48,3,58,44,119" hai3="11,99,4,135,21,103,43,22,18,32,98,109,63"/><W124/><G32/><T52/><D105/><U72/><E72/><V111/><F58/><W125/><G109/><T15/><D0/><U78/><E78/><V120/><F16/><W27/><G135/><T88/><D88/><U115/><BYE who="0" /><E6/><V95/><F55/><UN n0="%77%72%77%72%77%72%77%72" /><W7/><G43/><T25/><D30/><U36/><E97/><V65/><F48/><W61/><G99/><T40/><D40/><U23/><E23/><V106/><F44/><W9/><G22/><T81/><REACH who="0" step="1"/><D54/><REACH who="0" ten="164,231,259,336" step="2"/><N who="1" m="30071" /><E90/><V50/><F106/><W71/><G103/><T37/><D37/><U47/><E115/><V34/><F3/><W93/><G93/><T68/><D68/><U69/><E108/><V107/><F29/><W67/><G98/><T128/><D128/><U5/><E70/><V102/><F107/><W56/><G71/><T14/><D14/><U130/><E130/><V45/><F102/><W20/><G27/><T35/><D35/><U118/><E36/><V60/><F34/><W74/><G67/><T85/><D85/><U57/><E69/><V96/><F65/><W131/><G131/><T31/><D31/><U91/><E91/><V79/><F96/><W38/><G38/><T1/><D1/><U134/><E134/><V112/><F132/><W92/><G92/><T53/><D53/><U13/><E13/><V12/><F95/><W28/><G28/><T33/><D33/><U94/><E94/><V76/><F12/><W113/><G113/><T64/><D64/><U117/><E5/><V42/><F114/><W49/><G7/><T82/><D82/><U26/><E26/><RYUUKYOKU ba="0,1" sc="164,15,231,15,259,-15,336,-15" hai0="8,15,17,24,25,52,59,77,80,81,84,86,89" hai1="39,41,47,57,62,66,116,117,118,126" owari="179,-32.1,246,4.6,244,-15.6,331,43.1" /></mjloggm>