<mjloggm ver="2.3"><GO type="225" lobby="0"/><UN n0="%77%72%77%72%77%72%77%72" n1="%2D%E8%B1%8A%E5%8F%A3%E3%82%81%E3%81%90%E3%81%BF%2D" n2="%4C%4F%4C%49%54%41" n3="%79%75%72%69%6D%6F%67" dan="17,17,16,16" rate="2156.91,2216.24,2089.67,2129.97" sx="M,F,F,F"/><TAIKYOKU oya="0"/><INIT seed="0,0,0,2,0,42" ten="250,250,250,250" oya="0" hai0="100,106,77,52,35,101,79,114,97,102,108,36,17" hai1="86,11,103,33,131,85,53,15,121,111,30,23,71" hai2="82,47,38,34,116,122,49,99,21,63,0,41,74" hai3="14,40,28,57,120,67,76,59,93,43,7,8,112"/><T80/><D114/><U117/><E117/><V125/><F122/><W113/><G112/><T81/><D35/><U126/><E121/><V58/><F34/><W50/><G113/><T95/><D36/><U98/><E111/><V75/><F125/><W13/><G120/><T44/><D108/><U61/><E126/><V6/><F116/><W37/><G37/><T12/><D106/><U31/><E131/><V5/><F49/><W65/><G76/><N who="0" m="29259" /><D80/><U128/><E128/><V24/><F82/><W96/><G28/><T45/><D81/><U124/><E124/><V132/><F132/><W105/><G43/><T3/><D3/><U119/><E119/><V118/><F99/><W88/><G105/><T110/><D110/><U107/><E23/><V87/><F87/><W10/><G59/><T104/><D104/><U22/><E22/><V55/><F118/><W129/><G129/><T39/><D39/><U9/><E9/><V60/><F60/><W83/><G83/><T134/><D134/><U4/><E53/><V92/><F92/><W16/><G57/><T94/><D94/><U72/><E72/><V135/><F135/><W51/><G51/><N who="0" m="28775" /><D45/><AGARI ba="0,0" hai="7,8,10,13,14,16,40,45,50,65,67,88,93,96" machi="45" ten="40,8000,1" yaku="8,1,52,1,54,2" doraHai="42" who="3" fromWho="0" sc="250,-80,250,0,250,0,250,80" /><INIT seed="1,0,0,3,0,54" ten="170,250,250,330" oya="1" hai0="82,2,49,4,28,59,110,43,10,118,113,29,71" hai1="108,120,21,112,114,32,135,122,103,53,102,51,6" hai2="44,20,46,123,63,48,17,97,37,56,92,130,35" hai3="88,79,76,19,107,13,106,39,94,22,24,52,85"/><U41/><E32/><V61/><F130/><W73/><G39/><T57/><D113/><U111/><E6/><V121/><F35/><W70/><G70/><T124/><D118/><U38/><E21/><V55/><F37/><W66/><G66/><T72/><D71/><U3/><E3/><V40/><F44/><W12/><G107/><T18/><D110/><N who="1" m="42027" /><E103/><V129/><F63/><W1/><G1/><T50/><D124/><U83/><E83/><V81/><F81/><W132/><G106/><T84/><D72/><U125/><E102/><V98/><F129/><W77/><G73/><T14/><D4/><U109/><E109/><V93/><F98/><W9/><G132/><T80/><D80/><U11/><E11/><V78/><F78/><W91/><G91/><N who="0" m="51607" /><D2/><U25/><E25/><V87/><F87/><W34/><G34/><T89/><D89/><U119/><E135/><V31/><F31/><N who="0" m="11850" /><D43/><U99/><E99/><V86/><F86/><W116/><G116/><T47/><D47/><N who="1" m="23991" /><E119/><V62/><F97/><W65/><G9/><T115/><D115/><N who="1" m="44075" /><E125/><V42/><F42/><W69/><G13/><T68/><D68/><U60/><E60/><N who="2" m="23147" /><F93/><W15/><G69/><T58/><AGARI ba="0,0" hai="10,14,18,49,50,57,58,59" m="11850,51607" machi="58" ten="30,7900,0" yaku="8,1,52,3" doraHai="54" who="0" fromWho="0" sc="170,79,250,-39,250,-20,330,-20" /><INIT seed="2,0,0,3,1,32" ten="249,211,230,310" oya="2" hai0="31,53,118,50,73,65,22,52,88,108,44,4,27" hai1="58,56,26,111,113,99,81,7,119,132,110,66,102" hai2="90,38,21,75,77,12,43,0,28,57,39,23,9" hai3="59,70,126,89,107,13,106,115,33,87,54,3,40"/><V71/><F71/><W48/><G33/><T93/><D73/><U64/><E113/><V24/><F23/><W61/><G126/><T104/><D104/><U67/><E119/><V68/><F68/><W122/><G3/><T51/><D118/><U45/><E132/><V74/><F0/><W42/><G122/><T95/><D108/><N who="1" m="41515" /><E45/><V60/><F90/><W120/><G120/><T127/><D127/><U96/><E81/><V1/><F1/><W131/><G131/><T101/><D4/><U105/><E7/><V37/><F77/><W18/><G107/><T55/><D65/><N who="1" m="16643" /><U20/><DORA hai="41" /><E99/><V124/><F124/><W15/><G106/><T11/><D11/><U72/><E72/><V25/><F43/><W5/><G61/><T30/><D30/><AGARI ba="0,0" hai="20,26,30,56,58,96,102,105" m="16643,41515" machi="30" ten="40,1300,0" yaku="14,1" doraHai="32,41" who="1" fromWho="0" sc="249,-13,211,13,230,0,310,0" /><INIT seed="3,0,0,0,2,69" ten="236,224,230,310" oya="3" hai0="75,40,110,97,127,83,49,11,73,101,14,34,28" hai1="114,43,8,16,23,120,87,39,113,94,52,12,111" hai2="68,77,90,31,64,54,98,106,36,67,32,38,48" hai3="126,30,79,135,62,92,56,72,124,19,7,116,26"/><W132/><G79/><T50/><D110/><U29/><E120/><V109/><F77/><W2/><G72/><T122/><D122/><U35/><E35/><V131/><F109/><W20/><G92/><T130/><D130/><U112/><E111/><V119/><F119/><W86/><G86/><T123/><D123/><U65/><E65/><V129/><F31/><W18/><G56/><T1/><D1/><U17/><E29/><V70/><F32/><W88/><G88/><T125/><D28/><U71/><E71/><N who="2" m="27179" /><F90/><W103/><G62/><T89/><D89/><U44/><E94/><V102/><F67/><W22/><G103/><T99/><D34/><U10/><E87/><V134/><F64/><W42/><G42/><T84/><D40/><U81/><E81/><V25/><F25/><W13/><G116/><T3/><D3/><U45/><REACH who="1" step="1"/><E17/><REACH who="1" ten="236,214,230,310" step="2"/><V107/><F106/><W66/><G66/><T53/><D84/><U104/><E104/><V133/><F129/><W5/><G30/><T115/><D83/><U91/><E91/><V6/><F131/><W37/><G37/><T21/><D73/><U0/><E0/><V60/><F6/><N who="3" m="2059" /><G2/><T100/><D75/><U46/><E46/><N who="2" m="27927" /><F60/><W24/><G24/><T63/><D63/><U78/><E78/><V128/><F128/><W96/><G96/><T4/><D97/><U57/><E57/><V80/><F80/><W15/><G26/><T59/><D99/><U58/><E58/><V82/><F82/><W95/><G95/><T33/><D33/><U51/><AGARI ba="0,1" hai="8,10,12,16,23,39,43,44,45,51,52,112,113,114" machi="51" ten="40,8000,1" yaku="1,1,0,1,52,1,54,2,53,0" doraHai="69" doraHaiUra="61" who="1" fromWho="1" sc="236,-20,214,90,230,-20,310,-40" owari="216,-18.4,304,40.4,210,-29.0,270,7.0" /></mjloggm>