<mjloggm ver="2.3"><GO type="225" lobby="0"/><UN n0="%E6%B8%A9%E2%98%85%E6%83%85%E2%98%85%E6%8E%AA%E2%98%85%E7%BD%AE" n1="%E6%9C%88%E5%B3%B6%E5%9F%BA" n2="%E3%81%BF%E3%81%BF%E3%81%9A" n3="%E5%8D%A0%E3%81%84%E5%B8%AB%E8%A3%8F%E3%81%AA%E3%81%84%E3%81%97" dan="17,16,17,17" rate="2200.14,2050.80,2171.25,2212.91" sx="M,M,M,M"/><TAIKYOKU oya="0"/><INIT seed="0,0,0,2,2,76" ten="250,250,250,250" oya="0" hai0="87,5,42,120,94,84,31,98,124,24,123,74,26" hai1="53,110,102,29,66,17,59,121,82,88,90,61,55" hai2="40,93,73,91,3,125,14,78,57,15,22,71,135" hai3="44,34,75,56,46,52,65,72,19,95,35,97,50"/><T122/><D124/><U96/><E121/><V100/><F125/><W116/><G116/><T6/><D74/><U109/><E29/><V127/><F127/><W41/><G65/><T114/><D114/><U1/><E1/><V92/><F92/><W104/><G104/><T119/><D42/><U132/><E132/><V81/><F71/><W36/><G72/><T25/><D31/><U79/><E17/><V99/><F3/><W30/><G75/><T28/><D28/><U105/><E55/><V67/><F135/><W39/><G30/><T108/><D119/><U7/><E7/><V85/><F40/><W115/><G115/><T27/><N who="0" m="6144" /><DORA hai="86" /><T126/><D126/><U8/><E8/><V45/><F45/><W129/><G129/><T128/><D128/><U47/><E66/><V23/><F22/><W131/><G131/><T54/><D54/><U134/><E47/><V58/><F23/><W2/><G2/><T101/><REACH who="0" step="1"/><D108/><REACH who="0" ten="240,250,250,250" step="2"/><N who="1" m="41579" /><E134/><V118/><F118/><W69/><G34/><T107/><D107/><U21/><E21/><V16/><F67/><W117/><G35/><T70/><D70/><U106/><E106/><N who="2" m="63775" /><F16/><W111/><G19/><T13/><D13/><AGARI ba="0,1" hai="13,14,15,57,58,73,78,81,85,91,93" m="63775" machi="13" ten="30,3900,0" yaku="24,1,52,2" doraHai="76,86" who="2" fromWho="0" sc="240,-39,250,0,250,49,250,0" /><INIT seed="1,0,0,3,1,119" ten="201,250,299,250" oya="1" hai0="117,12,54,134,94,1,118,22,72,130,52,42,86" hai1="114,45,120,5,93,85,57,4,32,135,84,115,18" hai2="127,108,133,70,106,107,46,104,99,63,17,36,34" hai3="55,101,31,129,88,91,71,74,79,77,58,128,110"/><U0/><E32/><V102/><F108/><W113/><G71/><T59/><D1/><U73/><E73/><V111/><F111/><W47/><G113/><T78/><D72/><U25/><E135/><V19/><F127/><W9/><G110/><T41/><D134/><U37/><E120/><V69/><F133/><W29/><G101/><T49/><D130/><N who="3" m="50281" /><G47/><T92/><D118/><U48/><E37/><V125/><F125/><W64/><G64/><T87/><D117/><U109/><E0/><V116/><F116/><W43/><G43/><N who="0" m="16395" /><D54/><N who="1" m="29967" /><E109/><V126/><F126/><W53/><G9/><T51/><D51/><U66/><E114/><V33/><F46/><W67/><G67/><T26/><D12/><U60/><E115/><V105/><F36/><W13/><G13/><T39/><D39/><U6/><E93/><N who="0" m="35945" /><D78/><N who="3" m="29705" /><G74/><T15/><D15/><U68/><E68/><V100/><F100/><W28/><G55/><T50/><D50/><AGARI ba="0,0" hai="28,29,31,50,53,58,88,91" m="29705,50281" machi="50" ten="30,2000,0" yaku="19,1,54,1" doraHai="119" who="3" fromWho="0" sc="201,-20,250,0,299,0,250,20" /><INIT seed="2,0,0,4,4,131" ten="181,250,299,270" oya="2" hai0="69,68,65,107,79,13,114,62,22,121,99,61,10" hai1="126,25,50,27,3,133,57,95,41,96,5,109,17" hai2="100,60,58,134,30,59,77,118,47,31,85,124,7" hai3="75,132,32,18,127,82,40,103,102,117,19,12,54"/><V89/><F118/><W23/><G117/><T84/><D121/><U104/><E109/><V92/><F124/><W0/><G127/><T74/><D114/><U6/><E126/><V4/><F134/><W123/><G123/><T71/><D74/><U105/><E133/><V42/><F100/><W24/><G0/><T106/><D22/><U37/><E37/><V36/><F58/><W129/><G129/><T130/><D130/><U53/><E41/><V87/><F77/><W64/><G64/><T119/><D119/><U67/><E67/><V2/><F85/><W1/><G1/><T72/><D72/><U97/><E104/><V94/><F92/><W81/><G40/><T112/><D112/><U33/><E105/><V51/><F36/><W83/><G75/><T49/><D49/><U26/><E33/><V73/><F73/><W101/><G132/><T56/><D62/><U113/><E3/><V76/><F76/><W44/><G32/><T70/><N who="0" m="17408" /><DORA hai="88" /><T86/><D79/><U45/><E97/><V93/><F94/><W11/><G54/><T21/><D21/><N who="1" m="13487" /><E45/><AGARI ba="0,0" hai="11,12,18,19,23,24,44,45,81,82,83,101,102,103" machi="45" ten="40,1300,0" yaku="8,1" doraHai="131,88" who="3" fromWho="1" sc="181,0,250,-13,299,0,270,13" /><INIT seed="3,0,0,2,3,111" ten="181,237,299,283" oya="3" hai0="78,18,132,2,59,135,88,44,125,33,118,15,64" hai1="17,5,105,63,55,16,102,34,42,21,60,114,75" hai2="14,81,129,119,30,76,25,98,130,112,66,10,92" hai3="77,131,9,106,62,61,86,35,13,73,8,117,57"/><W90/><G117/><T43/><D2/><U38/><E34/><V74/><F112/><W53/><G35/><T80/><D118/><U48/><E75/><V122/><F119/><W100/><G131/><N who="2" m="50185" /><F66/><W26/><G26/><T54/><D33/><U97/><E114/><V124/><F124/><W46/><G73/><T108/><D64/><U22/><E5/><N who="2" m="3407" /><F122/><W7/><G77/><T29/><D29/><U49/><E38/><V69/><F69/><W11/><G46/><T91/><D125/><U110/><E48/><V104/><F104/><W28/><G28/><T82/><D108/><U107/><E42/><V65/><F65/><W24/><G24/><T70/><D70/><U94/><E105/><V95/><F98/><W1/><G62/><N who="0" m="36215" /><D44/><N who="1" m="28071" /><E107/><V115/><F115/><W72/><G72/><T27/><D27/><N who="1" m="14759" /><E110/><V99/><F99/><W20/><G106/><T12/><D43/><U123/><E123/><V120/><F120/><W109/><G109/><T133/><D15/><AGARI ba="0,0" hai="15,17,22,60,63,94,97,102" m="14759,28071" machi="15" ten="30,2000,0" yaku="8,1,54,1" doraHai="111" who="1" fromWho="0" sc="181,-20,237,20,299,0,283,0" /><INIT seed="4,0,0,1,0,105" ten="161,257,299,283" oya="0" hai0="13,28,59,128,37,120,53,5,89,10,1,39,88" hai1="41,92,133,75,90,132,107,126,113,130,4,16,80" hai2="87,56,27,44,0,117,111,3,58,131,32,55,24" hai3="49,31,97,7,129,93,21,68,9,124,33,65,71"/><T99/><D120/><U57/><E107/><V95/><F111/><W70/><G33/><T125/><D128/><U91/><E4/><V64/><F44/><W52/><G129/><T8/><D125/><U77/><E41/><V82/><F131/><W85/><G124/><T23/><D28/><U121/><E130/><V98/><F117/><W15/><G85/><T45/><D23/><U67/><E126/><V38/><F38/><W62/><G21/><T46/><D39/><U86/><E121/><V110/><F110/><W135/><G135/><N who="1" m="51786" /><E113/><V20/><F32/><W42/><G42/><T76/><D76/><U94/><E16/><V61/><F3/><W106/><G106/><T74/><D74/><U30/><E30/><V47/><F0/><W51/><G51/><T29/><D29/><U109/><E109/><V119/><F47/><W134/><G31/><T48/><D37/><U112/><E112/><V36/><F36/><W26/><G26/><T43/><D99/><N who="1" m="57751" /><E57/><V83/><F119/><W11/><G11/><T19/><REACH who="0" step="1"/><D46/><REACH who="0" ten="151,257,299,283" step="2"/><U14/><E75/><V69/><F20/><W66/><G134/><T102/><D102/><U18/><E77/><V101/><F24/><W81/><G97/><T79/><D79/><U72/><E72/><V118/><F27/><W115/><G115/><T100/><D100/><U104/><E86/><V50/><F118/><W17/><G9/><T116/><D116/><U25/><E25/><V123/><F123/><W54/><G70/><T60/><AGARI ba="0,1" hai="1,5,8,10,13,19,43,45,48,53,59,60,88,89" machi="60" ten="20,7800,0" yaku="1,1,0,1,7,1,54,1,53,0" doraHai="105" doraHaiUra="96" who="0" fromWho="0" sc="151,88,257,-26,299,-26,283,-26" /><INIT seed="4,1,0,2,3,86" ten="239,231,273,257" oya="0" hai0="84,2,59,90,41,36,58,108,89,131,87,133,16" hai1="38,49,82,28,80,63,9,67,18,65,95,51,20" hai2="105,98,77,31,113,115,99,26,132,24,55,17,122" hai3="107,52,79,75,15,88,42,102,97,103,30,118,8"/><T110/><D2/><U83/><E38/><V12/><F122/><W93/><G118/><T76/><D133/><U101/><E28/><V32/><F132/><W120/><G120/><T81/><D131/><U85/><E9/><V96/><F77/><W29/><G42/><T129/><D129/><U11/><E11/><V127/><F127/><W27/><G75/><T69/><D69/><U124/><E124/><V10/><F55/><W71/><G71/><T109/><D16/><U128/><E128/><V70/><F70/><W62/><G79/><T19/><D19/><U44/><E63/><V73/><F73/><W21/><G29/><T123/><D123/><U135/><E135/><V68/><F68/><W91/><G103/><T119/><D119/><U78/><E78/><V72/><F72/><W134/><G107/><T14/><D14/><N who="1" m="9303" /><E51/><V40/><F40/><W13/><G13/><T23/><D23/><U25/><E25/><V5/><F26/><W35/><G35/><T104/><D104/><U57/><E57/><N who="0" m="21513" /><D84/><U37/><E37/><V125/><F125/><W64/><G134/><T7/><D7/><U22/><E22/><V53/><F105/><W111/><G21/><T1/><D1/><U6/><E6/><V112/><F53/><W60/><G52/><T34/><D34/><U33/><E33/><V46/><F5/><N who="3" m="3471" /><G27/><T92/><D92/><U130/><E130/><V126/><F126/><W56/><G30/><T94/><D94/><U100/><E95/><V54/><F54/><N who="3" m="33815" /><G111/><T45/><AGARI ba="1,0" hai="36,41,45,76,81,87,89,90,108,109,110" m="21513" machi="45" ten="40,7800,0" yaku="10,1,52,2" doraHai="86" who="0" fromWho="0" sc="239,81,231,-27,273,-27,257,-27" owari="320,42.0,204,-29.6,246,4.6,230,-17.0" /></mjloggm>