<mjloggm ver="2.3"><GO type="225" lobby="0"/><UN n0="%E3%81%BE%E3%81%A8%E3%81%9F" n1="%E8%B5%A4%E3%81%84%E8%9B%99%31%31" n2="%E3%81%99%E3%83%BC%5F%E9%88%B4%E6%9C%A8%E6%B5%A9%E5%B9%B3" n3="%E7%99%BD%E5%92%B2%E8%8A%B1%E3%81%A1%E3%82%83%E3%82%93" dan="16,16,16,16" rate="2142.91,2111.50,2080.80,2155.67" sx="M,M,M,F"/><TAIKYOKU oya="0"/><INIT seed="0,0,0,3,5,29" ten="250,250,250,250" oya="0" hai0="14,115,128,72,35,64,34,16,19,127,48,96,83" hai1="42,11,8,78,2,112,56,39,10,114,0,93,13" hai2="22,116,62,7,77,104,53,43,33,31,60,54,6" hai3="61,75,118,18,68,111,123,124,69,74,15,84,88"/><T131/><D115/><N who="1" m="44075" /><E78/><V129/><F104/><W24/><G118/><T17/><D127/><U27/><E93/><V59/><F116/><W20/><G124/><T25/><D25/><U36/><E56/><N who="2" m="34831" /><F33/><N who="0" m="12298" /><D64/><U94/><E94/><V119/><F119/><W5/><G111/><T100/><D48/><U134/><E134/><V86/><F129/><N who="0" m="49738" /><D83/><U70/><E70/><V65/><F65/><W90/><G69/><T23/><D72/><U95/><E95/><AGARI ba="0,0" hai="14,16,17,19,23,95,96,100" m="49738,12298" machi="95" ten="30,12000,1" yaku="19,1,52,3,54,1" doraHai="29" who="0" fromWho="1" sc="250,120,250,-120,250,0,250,0" /><INIT seed="0,1,0,0,5,40" ten="370,130,250,250" oya="0" hai0="7,119,97,101,20,10,76,11,13,50,133,8,55" hai1="78,33,59,54,26,68,104,47,60,5,98,111,115" hai2="15,53,63,41,51,29,99,106,72,67,42,118,94" hai3="77,96,100,27,28,35,88,36,105,4,16,1,84"/><T124/><D119/><U32/><E111/><V110/><F72/><W82/><G36/><T87/><D133/><U113/><E78/><V127/><F106/><W64/><G64/><T43/><D43/><U132/><E5/><V109/><F118/><W125/><G125/><T18/><D87/><U130/><E130/><V123/><F123/><W83/><G16/><T70/><D76/><U3/><E3/><V126/><F29/><W44/><G44/><T49/><D49/><U116/><E116/><V46/><F15/><W21/><G35/><T39/><D70/><U23/><E132/><V128/><F128/><W69/><G69/><T74/><D74/><U135/><E135/><V79/><F79/><W108/><G108/><N who="2" m="41577" /><F94/><W45/><G45/><T103/><D39/><U112/><E68/><N who="2" m="42111" /><F99/><W131/><G131/><T86/><D97/><U0/><E0/><V25/><F25/><W93/><REACH who="3" step="1"/><G77/><REACH who="3" ten="370,130,250,240" step="2"/><T129/><D124/><AGARI ba="1,1" hai="41,42,46,51,53,124,126,127" m="42111,41577" machi="124" ten="30,8000,1" yaku="18,1,14,1,34,2,52,1" doraHai="40" who="2" fromWho="0" sc="370,-83,130,0,250,93,240,0" /><INIT seed="1,0,0,4,2,46" ten="287,130,343,240" oya="1" hai0="82,37,97,80,84,91,14,53,95,131,112,130,11" hai1="85,117,57,110,59,40,135,35,67,18,65,51,64" hai2="58,1,93,107,26,89,121,0,123,48,90,111,4" hai3="29,63,133,8,114,77,7,66,55,88,83,120,5"/><U73/><E117/><V12/><F107/><W126/><G120/><T118/><D37/><U109/><E73/><V38/><F38/><W42/><G114/><T100/><D118/><U28/><E35/><V87/><F111/><N who="1" m="42505" /><E28/><V9/><F26/><W79/><G133/><T41/><D41/><U72/><E72/><V31/><F31/><W13/><G42/><T78/><D112/><U124/><E124/><V3/><REACH who="2" step="1"/><F89/><REACH who="2" ten="287,130,333,240" step="2"/><W103/><G29/><T10/><D130/><U22/><E135/><V54/><AGARI ba="0,1" hai="0,1,3,4,9,12,48,54,58,87,90,93,121,123" machi="54" ten="40,8000,1" yaku="1,1,2,1,0,1,52,1,53,0" doraHai="46" doraHaiUra="99" who="2" fromWho="2" sc="287,-20,130,-40,333,90,240,-20" /><INIT seed="2,0,0,3,5,113" ten="267,90,423,220" oya="2" hai0="103,57,33,8,89,2,82,134,47,3,4,115,92" hai1="116,13,63,88,38,10,114,54,121,118,104,58,100" hai2="85,1,56,112,32,123,16,12,83,22,61,110,44" hai3="98,128,48,23,51,27,15,84,67,76,132,97,62"/><V11/><F112/><W99/><G128/><T34/><D2/><U120/><E114/><V5/><F123/><N who="1" m="47177" /><E38/><V35/><F110/><W21/><G132/><T80/><D103/><U96/><E88/><V59/><F44/><W25/><G15/><T7/><D115/><U119/><E13/><V14/><F14/><W79/><G62/><T94/><D47/><U75/><E75/><V40/><F40/><W31/><G67/><T53/><D134/><U109/><E10/><V131/><F56/><W90/><G90/><T87/><D7/><U124/><E124/><V45/><F45/><W26/><G84/><T28/><D34/><U19/><E19/><V74/><F74/><W9/><G9/><T24/><REACH who="0" step="1"/><D80/><REACH who="0" ten="257,90,423,220" step="2"/><U29/><E29/><V133/><F133/><W66/><G31/><T101/><D101/><U73/><E73/><V91/><F131/><W41/><G41/><T69/><D69/><U105/><E109/><V86/><F35/><W30/><G30/><T50/><AGARI ba="0,1" hai="3,4,8,24,28,33,50,53,57,82,87,89,92,94" machi="50" ten="20,5200,0" yaku="1,1,0,1,7,1,53,1" doraHai="113" doraHaiUra="49" who="0" fromWho="0" sc="257,62,90,-13,423,-26,220,-13" /><INIT seed="3,0,0,1,0,60" ten="319,77,397,207" oya="3" hai0="13,54,119,34,79,10,58,112,71,105,78,11,33" hai1="127,111,91,100,122,52,95,20,68,96,3,37,116" hai2="39,110,53,27,69,30,104,51,109,65,74,132,121" hai3="117,46,0,31,42,82,128,81,9,85,113,101,6"/><W40/><G128/><T22/><D71/><U107/><E3/><V115/><F115/><W99/><G117/><T57/><D105/><U28/><E116/><V102/><F132/><W62/><G113/><T76/><D119/><U126/><E37/><V75/><F39/><W15/><G31/><T48/><D112/><U90/><E28/><V44/><F121/><W124/><G124/><N who="1" m="47658" /><E20/><V50/><F50/><W4/><G81/><T97/><D97/><N who="1" m="61839" /><E52/><V77/><F27/><W80/><G80/><T55/><D33/><U108/><E68/><V103/><F30/><W67/><G0/><T118/><D118/><U73/><E73/><V92/><F104/><W135/><G135/><T35/><D34/><U18/><E18/><V88/><F74/><W32/><G32/><T94/><D35/><U19/><E19/><V45/><F75/><W56/><G4/><T129/><D94/><U59/><E59/><V47/><F92/><N who="3" m="58599" /><G46/><T123/><D123/><U1/><E1/><V63/><F44/><W61/><G61/><T83/><D83/><U120/><E91/><AGARI ba="0,0" hai="6,9,15,40,42,56,62,67,82,85,91" m="58599" machi="91" ten="30,2900,0" yaku="8,1,52,1" doraHai="60" who="3" fromWho="1" sc="319,0,77,-29,397,0,207,29" /><INIT seed="3,1,0,5,2,18" ten="319,48,397,236" oya="3" hai0="59,76,125,108,49,96,120,72,109,134,107,71,113" hai1="6,116,87,75,73,119,39,65,94,118,34,133,58" hai2="79,53,129,30,9,11,131,52,20,122,35,101,86" hai3="78,7,36,69,3,38,82,68,61,132,93,84,110"/><W60/><G132/><T95/><D71/><U135/><E39/><V47/><F35/><W55/><G93/><T43/><D43/><U42/><E42/><V100/><F122/><W91/><G110/><N who="0" m="42603" /><D59/><U70/><E70/><V1/><F101/><W25/><G69/><T51/><D49/><U13/><E65/><V106/><F106/><W102/><G102/><N who="0" m="62919" /><D51/><U50/><E50/><N who="2" m="28767" /><F100/><W4/><G61/><T111/><N who="0" m="42611" /><T104/><DORA hai="128" /><D120/><U127/><E58/><V29/><F53/><W88/><G25/><T67/><D67/><U63/><E63/><V21/><F1/><W130/><G130/><N who="2" m="49673" /><F79/><W115/><G115/><T27/><D104/><U57/><E57/><V98/><F9/><W64/><G55/><T124/><D27/><U112/><E112/><V44/><F44/><W121/><G121/><T126/><D113/><U14/><E34/><V5/><F5/><W85/><G7/><T12/><D12/><N who="1" m="4715" /><E6/><V81/><F11/><W89/><G85/><T105/><D105/><U22/><E127/><V0/><F0/><W45/><G45/><T26/><D26/><U41/><E41/><V77/><F98/><W33/><G33/><T2/><D2/><U46/><E46/><V117/><F30/><W114/><G114/><T90/><D76/><U10/><E10/><V66/><F29/><W19/><G38/><T92/><D134/><N who="1" m="51211" /><E22/><V17/><F20/><W103/><G36/><T123/><D123/><U37/><E37/><V83/><F21/><W56/><G68/><T24/><D24/><U74/><E94/><N who="0" m="35881" /><D72/><N who="1" m="18435" /><U54/><DORA hai="23" /><E54/><V16/><F66/><RYUUKYOKU ba="1,0" sc="319,15,48,15,397,-15,236,-15" hai0="90,124,125,126" hai1="87,116,118,119" owari="334,13.4,63,-43.7,382,48.2,221,-17.9" /></mjloggm>