<mjloggm ver="2.3"><GO type="225" lobby="0"/><UN n0="%E3%83%B4%E3%83%A0%EF%BC%99%E3%81%A6" n1="%EF%BC%AE%EF%BC%A1%EF%BC%AF%33%33%39" n2="%77%72%77%72%77%72%77%72" n3="%E3%81%BF%E3%81%BF%E3%81%9A" dan="16,16,17,18" rate="2168.57,2126.30,2152.78,2193.78" sx="M,M,M,M"/><TAIKYOKU oya="0"/><INIT seed="0,0,0,5,1,129" ten="250,250,250,250" oya="0" hai0="57,130,73,116,14,37,48,103,65,55,60,15,4" hai1="9,64,71,0,74,51,80,11,119,134,106,97,98" hai2="61,18,100,104,132,38,6,89,53,78,62,77,25" hai3="59,95,118,54,63,86,69,46,133,35,31,91,87"/><T22/><D130/><U85/><E119/><V27/><F38/><W23/><G118/><T50/><D116/><U131/><E74/><V94/><F6/><W110/><G110/><T29/><D37/><U58/><E71/><V83/><F132/><W96/><G35/><T13/><D73/><U39/><E39/><V79/><F104/><W122/><G122/><T43/><D43/><U108/><E131/><V68/><F68/><W44/><G69/><T32/><D32/><U2/><E108/><V114/><F114/><W52/><G133/><T70/><D103/><U34/><E34/><V5/><F5/><W24/><G54/><T123/><D123/><U41/><E2/><V20/><F100/><W26/><G24/><T49/><D29/><U1/><E1/><V84/><F27/><W66/><G66/><T10/><REACH who="0" step="1"/><D22/><REACH who="0" ten="240,250,250,250" step="2"/><U102/><E41/><V3/><F3/><AGARI ba="0,1" hai="3,4,10,13,14,15,48,49,50,55,57,60,65,70" machi="3" ten="40,3900,0" yaku="1,1,2,1,53,0" doraHai="129" doraHaiUra="99" who="0" fromWho="2" sc="240,49,250,0,250,-39,250,0" /><INIT seed="0,1,0,5,3,51" ten="289,250,211,250" oya="0" hai0="68,61,3,92,60,43,73,46,37,53,26,59,48" hai1="84,65,19,111,72,103,2,81,116,85,21,0,129" hai2="10,99,79,95,109,123,125,23,88,106,8,86,33" hai3="4,50,7,1,124,12,133,71,113,96,42,74,25"/><T5/><D73/><U22/><E116/><V118/><F123/><W78/><G113/><T13/><D3/><U47/><E103/><V24/><F33/><W120/><G71/><T34/><D92/><U75/><E65/><V41/><F118/><W97/><G120/><T76/><D76/><U117/><E117/><V128/><F109/><W77/><G1/><T114/><D114/><U66/><E66/><V105/><F128/><W134/><G25/><T126/><D126/><U38/><E38/><V28/><F125/><W110/><G124/><T130/><D130/><U36/><E36/><V39/><F39/><W57/><G110/><T94/><D94/><U115/><E47/><V69/><F69/><W45/><G57/><T44/><D68/><U20/><E111/><V16/><F41/><W101/><G97/><T107/><D107/><U54/><E129/><V93/><F79/><N who="3" m="30219" /><G12/><T49/><D13/><U15/><E2/><V108/><F108/><W87/><G87/><T122/><D122/><U102/><E0/><V98/><F86/><W52/><G74/><T67/><D5/><U11/><E84/><V119/><F119/><W6/><G42/><N who="0" m="22607" /><D26/><U135/><E115/><V18/><F106/><W80/><G80/><T32/><D32/><U89/><E75/><V112/><F105/><W9/><G9/><N who="2" m="3689" /><F112/><W63/><G63/><N who="0" m="38399" /><D34/><U91/><E72/><V40/><F40/><W14/><G14/><T55/><D43/><U70/><E70/><V104/><F104/><W64/><G64/><T58/><AGARI ba="1,0" hai="46,48,49,53,55,58,60,61" m="38399,22607" machi="58" ten="30,18000,2" yaku="35,5,52,2" doraHai="51" who="0" fromWho="0" sc="289,183,250,-61,211,-61,250,-61" /><INIT seed="0,2,0,5,5,126" ten="472,189,150,189" oya="0" hai0="84,131,135,77,47,115,74,57,86,11,60,6,121" hai1="87,62,9,69,108,35,85,59,40,42,66,105,67" hai2="14,82,100,55,78,88,44,51,63,26,19,106,25" hai3="122,95,32,12,20,50,83,111,23,71,119,133,17"/><T79/><D115/><U113/><E105/><V4/><F4/><W110/><G119/><T109/><D121/><U27/><E113/><V7/><F7/><W92/><G32/><T34/><D34/><U1/><E1/><V36/><F36/><W54/><G71/><T53/><D135/><U18/><E35/><V129/><F129/><W98/><G133/><T13/><D131/><U46/><E42/><V21/><F63/><W90/><G122/><T3/><D109/><N who="3" m="41481" /><G83/><T80/><D77/><U73/><E73/><V118/><F118/><W22/><G95/><T29/><D29/><U120/><E120/><V39/><F39/><W96/><G96/><T114/><D114/><U49/><E108/><V99/><REACH who="2" step="1"/><F88/><REACH who="2" ten="472,189,140,189" step="2"/><W28/><G28/><T43/><D3/><U91/><E91/><V89/><F89/><W61/><G61/><T52/><D60/><U75/><E62/><V116/><F116/><W24/><G12/><T58/><D13/><U134/><E134/><V117/><F117/><W45/><AGARI ba="2,1" hai="17,20,22,23,24,45,50,54,90,92,98" m="41481" machi="45" ten="30,1100,0" yaku="14,1" doraHai="126" who="3" fromWho="3" sc="472,-7,189,-5,140,-5,189,27" /><INIT seed="1,0,0,4,1,104" ten="465,184,135,216" oya="1" hai0="31,102,103,119,46,12,68,47,100,88,79,129,120" hai1="53,81,111,55,60,117,121,35,38,11,52,107,115" hai2="7,135,84,86,41,20,1,133,61,93,6,2,14" hai3="109,16,69,13,128,72,75,96,49,108,78,40,48"/><U10/><E107/><V90/><F41/><W76/><G69/><T3/><D3/><U21/><E35/><V45/><F45/><W101/><G128/><T29/><D119/><U112/><E38/><V130/><F130/><W63/><G63/><T8/><D68/><U125/><E117/><V83/><F61/><W51/><G40/><T91/><D79/><N who="3" m="30249" /><G96/><T44/><D120/><U64/><E121/><V97/><F84/><W92/><G92/><T58/><D58/><U71/><E81/><V34/><F34/><W106/><G101/><T89/><D129/><U123/><E123/><V26/><F1/><W67/><G67/><T56/><D56/><U57/><E71/><V126/><F2/><W99/><G99/><T62/><D62/><U70/><E70/><V73/><F73/><W33/><G106/><T25/><D25/><U28/><E125/><V66/><F66/><W39/><G39/><T23/><D23/><U24/><REACH who="1" step="1"/><E111/><REACH who="1" ten="465,174,135,216" step="2"/><N who="3" m="42570" /><G33/><T94/><D94/><U54/><N who="1" m="13312" /><DORA hai="36" /><U5/><E5/><AGARI ba="0,1" hai="5,8,12,29,31,44,46,47,88,89,91,100,102,103" machi="5" ten="50,8000,1" yaku="29,2,8,1,54,1" doraHai="104,36" who="0" fromWho="1" sc="465,90,174,-80,135,0,216,0" /><INIT seed="2,0,0,3,0,96" ten="555,94,135,216" oya="2" hai0="1,38,98,113,23,54,133,41,72,57,101,100,123" hai1="75,85,31,18,4,109,29,20,10,60,8,34,116" hai2="107,83,49,9,95,11,115,6,125,32,131,81,15" hai3="114,127,17,12,59,16,88,76,30,89,53,43,73"/><V14/><F115/><W52/><G43/><T105/><D113/><U92/><E75/><V91/><F107/><W51/><G30/><T13/><D1/><U77/><E116/><V71/><F32/><W25/><G114/><T0/><D0/><U35/><E60/><V93/><F71/><W94/><G127/><T104/><D123/><U74/><E74/><V48/><F131/><W22/><G73/><T126/><D72/><U84/><E92/><V44/><F125/><W121/><G121/><T19/><D126/><U66/><E66/><V28/><F28/><N who="1" m="10825" /><E85/><V45/><F6/><W103/><G76/><T2/><D133/><U80/><E84/><V47/><F47/><N who="3" m="27775" /><G103/><T129/><D19/><U128/><E80/><V82/><F82/><W36/><G36/><T70/><D23/><U50/><E50/><V130/><F130/><W62/><G94/><T68/><D2/><N who="1" m="23" /><E77/><V56/><F56/><W135/><G135/><T64/><D129/><U33/><E109/><V112/><F112/><W110/><G110/><T55/><D68/><U111/><E111/><V65/><F65/><W39/><G39/><T122/><D70/><U99/><E99/><V26/><F91/><W97/><G97/><T87/><D122/><U79/><E79/><V21/><F21/><AGARI ba="0,0" hai="12,16,17,21,22,25,53,59,62,88,89" m="27775" machi="21" ten="30,7700,0" yaku="8,1,54,3" doraHai="96" who="3" fromWho="2" sc="555,0,94,0,135,-77,216,77" /><INIT seed="3,0,0,1,5,7" ten="555,94,58,293" oya="3" hai0="20,65,0,102,134,98,37,91,116,28,11,31,39" hai1="92,109,71,126,34,62,133,93,41,121,81,57,27" hai2="90,47,63,108,123,75,86,84,130,124,105,60,58" hai3="43,74,8,95,22,68,89,113,14,83,33,16,13"/><W120/><G113/><T96/><D116/><U80/><E71/><V29/><F105/><W56/><G120/><T119/><D119/><U77/><E121/><V61/><F123/><W44/><G68/><T111/><D111/><U112/><E112/><V38/><F75/><W17/><G33/><T32/><D32/><U53/><E41/><V99/><F108/><W118/><G118/><T129/><D129/><U87/><E109/><V18/><F130/><W46/><G74/><T72/><D65/><U107/><E107/><V94/><F124/><W125/><G125/><T51/><D134/><U73/><E133/><V3/><F3/><W12/><G83/><T122/><D122/><U132/><E132/><V5/><F5/><W45/><G56/><T19/><D51/><U26/><E126/><V135/><F135/><W117/><G117/><T9/><D91/><U25/><REACH who="1" step="1"/><E34/><REACH who="1" ten="555,84,58,293" step="2"/><V114/><F114/><W100/><G100/><T42/><D96/><U82/><E82/><V64/><F29/><W97/><REACH who="3" step="1"/><G13/><REACH who="3" ten="555,84,58,283" step="2"/><T59/><D0/><U49/><E49/><V69/><F69/><W30/><G30/><T79/><D102/><U127/><E127/><V2/><F2/><W50/><AGARI ba="0,2" hai="8,12,14,16,17,22,43,44,45,46,50,89,95,97" machi="50" ten="20,18000,2" yaku="1,1,0,1,7,1,8,1,52,1,54,1,53,0" doraHai="7" doraHaiUra="1" who="3" fromWho="3" sc="555,-60,84,-60,58,-60,283,200" owari="495,59.5,24,-37.6,-2,-50.2,483,28.3" /></mjloggm>