<mjloggm ver="2.3"><GO type="225" lobby="0"/><UN n0="%E3%83%B4%E3%83%A0%EF%BC%99%E3%81%A6" n1="%E6%A1%9C%E8%8A%B1%E9%96%83%E3%80%85" n2="%E7%9A%AE%E3%80%85" n3="%E3%81%8B%E3%82%8F%E3%81%A1%E3%82%83%E3%82%93%35%38" dan="16,16,16,16" rate="2158.67,2096.19,2082.19,2141.20" sx="M,M,M,M"/><TAIKYOKU oya="0"/><INIT seed="0,0,0,0,5,50" ten="250,250,250,250" oya="0" hai0="43,5,122,85,94,62,24,9,83,44,2,47,65" hai1="89,42,40,46,118,70,131,113,66,4,119,87,15" hai2="102,36,111,124,72,56,90,63,30,69,103,101,22" hai3="125,79,26,45,39,75,21,80,129,61,108,93,121"/><T1/><D122/><U67/><E131/><V133/><F111/><W92/><G108/><T48/><D24/><U77/><E113/><V32/><F36/><W10/><G129/><T31/><D31/><U112/><E112/><V20/><F133/><W74/><G74/><T98/><D47/><U57/><E70/><V114/><F114/><W130/><G130/><T120/><D120/><U60/><E67/><V128/><F128/><W84/><G121/><T7/><D7/><U8/><E77/><V6/><F69/><W132/><G132/><T35/><D35/><U16/><E4/><V58/><F72/><W54/><G125/><T37/><D37/><U117/><REACH who="1" step="1"/><E46/><REACH who="1" ten="250,240,250,250" step="2"/><V59/><F6/><W18/><G75/><T99/><D1/><U11/><E11/><V28/><F124/><W96/><G10/><T17/><D2/><U73/><E73/><V91/><F32/><W27/><G45/><T105/><D5/><U29/><E29/><N who="2" m="11371" /><F63/><W19/><G61/><T95/><D62/><U135/><E135/><V106/><F106/><W88/><G19/><T14/><D105/><U76/><E76/><V68/><F68/><W134/><G134/><T41/><D17/><U53/><E53/><V25/><F25/><N who="3" m="14519" /><G54/><T55/><D55/><U104/><E104/><V33/><F33/><W51/><G26/><T23/><D65/><U38/><E38/><V97/><F97/><N who="3" m="57479" /><G39/><T110/><D110/><U0/><E0/><V3/><F3/><W115/><G115/><T123/><D123/><U49/><E49/><V52/><F52/><W107/><G107/><T34/><D48/><RYUUKYOKU ba="0,1" sc="250,-15,240,15,250,15,250,-15" hai1="8,15,16,40,42,57,60,66,87,89,117,118,119" hai2="20,22,56,58,59,90,91,101,102,103" /><INIT seed="1,1,1,2,5,134" ten="235,255,265,235" oya="1" hai0="127,17,70,68,58,83,98,102,73,132,111,120,26" hai1="75,29,40,128,87,93,123,2,121,96,67,13,16" hai2="82,69,47,133,45,55,86,62,66,95,35,124,97" hai3="43,56,81,36,109,54,100,101,1,63,48,0,90"/><U24/><E75/><V22/><F133/><W19/><G36/><T30/><D132/><U11/><E128/><V60/><F35/><W27/><G0/><T10/><D111/><U107/><E40/><V72/><F72/><W42/><G1/><T39/><D39/><U4/><E67/><V116/><F116/><W85/><G109/><T25/><D120/><U103/><E87/><V18/><F60/><W135/><G135/><T105/><D58/><U118/><E107/><V3/><F55/><W8/><G48/><T89/><D10/><U92/><E92/><V125/><F3/><W57/><G57/><T104/><D104/><U76/><E76/><N who="2" m="46407" /><F18/><W71/><G71/><T49/><D73/><U65/><E65/><V74/><F22/><N who="3" m="13791" /><G8/><T84/><D49/><U122/><E118/><V50/><F50/><W78/><G78/><T34/><D68/><U53/><E53/><V114/><F114/><W117/><G117/><T64/><D70/><U112/><E112/><V46/><F74/><W99/><G99/><T80/><D64/><U88/><E2/><V126/><F46/><W9/><G9/><T15/><D34/><U44/><E44/><V91/><AGARI ba="1,1" hai="45,47,62,66,69,91,95,97,124,125,126" m="46407" machi="91" ten="30,7900,0" yaku="18,1,52,3" doraHai="134" who="2" fromWho="2" sc="235,-21,255,-40,265,92,235,-21" /><INIT seed="2,0,0,1,2,75" ten="214,215,357,214" oya="2" hai0="115,40,30,84,55,82,2,12,87,48,5,13,49" hai1="9,47,53,119,73,121,90,34,134,42,96,46,111" hai2="35,125,15,85,107,61,28,81,122,56,105,64,66" hai3="23,74,69,39,126,95,1,77,127,29,4,41,10"/><V131/><F122/><W93/><G69/><T86/><D115/><U65/><E119/><V60/><F131/><W94/><G23/><T45/><D30/><U59/><E121/><V24/><F15/><N who="0" m="5706" /><D2/><U103/><E111/><V123/><F125/><N who="3" m="47627" /><G29/><T36/><D36/><U132/><E73/><V98/><F98/><W128/><G128/><T83/><D5/><U109/><E109/><V118/><F118/><W3/><G3/><T0/><D0/><U129/><E65/><V19/><F19/><W20/><G20/><T91/><D82/><U63/><E129/><V57/><F123/><W32/><G32/><T68/><D68/><U38/><E34/><V135/><F135/><W8/><G8/><T80/><D83/><U88/><E9/><V25/><F25/><W33/><G33/><T7/><D7/><U71/><E71/><V18/><F18/><W26/><G26/><T58/><AGARI ba="0,0" hai="40,45,48,49,55,58,80,84,86,87,91" m="5706" machi="58" ten="30,1100,0" yaku="8,1" doraHai="75" who="0" fromWho="0" sc="214,11,215,-3,357,-5,214,-3" /><INIT seed="3,0,0,4,3,35" ten="225,212,352,211" oya="3" hai0="96,39,61,118,73,112,104,120,83,97,68,63,91" hai1="66,107,93,90,33,43,58,117,36,2,12,45,25" hai2="4,78,77,0,69,75,82,88,57,34,135,54,27" hai3="7,133,71,52,37,122,56,108,95,116,5,67,99"/><W86/><G122/><T92/><D118/><U20/><E107/><V134/><F69/><W50/><G116/><T111/><D120/><U32/><E2/><V102/><F102/><W49/><G37/><T23/><D39/><U81/><E117/><V110/><F110/><W76/><G133/><N who="2" m="50697" /><F4/><N who="3" m="1611" /><G71/><T41/><D41/><U17/><E81/><V24/><F0/><W70/><G70/><T55/><D68/><U94/><E94/><V1/><F1/><W10/><G108/><T8/><D104/><U131/><E131/><V80/><F34/><W126/><G126/><T98/><D112/><U16/><E58/><V85/><F78/><W124/><G124/><T113/><D113/><U125/><E66/><V121/><F121/><W87/><G67/><T103/><D103/><U89/><E89/><V51/><AGARI ba="0,0" hai="24,27,51,54,57,75,77,80,82,85,88" m="50697" machi="51" ten="30,2000,0" yaku="20,1,54,1" doraHai="35" who="2" fromWho="2" sc="225,-5,212,-5,352,20,211,-10" owari="220,2.0,207,-19.3,372,47.2,201,-29.9" /></mjloggm>