<mjloggm ver="2.3"><GO type="225" lobby="0"/><UN n0="%E6%98%93%E5%88%A9%E8%96%A9%E4%BC%AF" n1="%E3%83%96%E3%83%83%E3%83%91%E3%82%AA%E3%83%96%E3%83%81%E3%82%AD%E3%83%B3" n2="%E6%9C%88%E5%B3%B6%E5%9F%BA" n3="%72%65%6E%6B%75%6E" dan="17,16,16,17" rate="2141.78,2242.66,2159.21,2226.83" sx="F,M,M,M"/><TAIKYOKU oya="0"/><INIT seed="0,0,0,1,0,122" ten="250,250,250,250" oya="0" hai0="74,10,128,43,80,2,33,135,117,67,60,30,3" hai1="13,29,12,94,53,97,54,50,58,70,28,7,106" hai2="102,93,87,65,81,39,134,17,24,116,16,22,121" hai3="73,77,96,42,44,88,85,105,120,69,31,126,45"/><T66/><D117/><U27/><E70/><V123/><F116/><W129/><G120/><T127/><D127/><U79/><E106/><V131/><F39/><W23/><G69/><T20/><D33/><U118/><E118/><V90/><F134/><W130/><G126/><T6/><D128/><N who="3" m="49257" /><G73/><T64/><D135/><U49/><E79/><V91/><F131/><W26/><G77/><T72/><D3/><U37/><E37/><V89/><F65/><W107/><G96/><T51/><D80/><U18/><E7/><V59/><F59/><W25/><G26/><T108/><D60/><U101/><E27/><V46/><F46/><N who="3" m="18027" /><G42/><T100/><D43/><U36/><E36/><V99/><F121/><W133/><G133/><T78/><D51/><U98/><E98/><V56/><F56/><W132/><G132/><T103/><D78/><U104/><E104/><V83/><F123/><W115/><G115/><T40/><D40/><U76/><E76/><N who="2" m="46503" /><F83/><AGARI ba="0,0" hai="23,25,31,83,85,88,105,107" m="18027,49257" machi="83" ten="30,2000,0" yaku="19,1,54,1" doraHai="122" who="3" fromWho="2" sc="250,0,250,0,250,-20,250,20" /><INIT seed="1,0,0,0,1,32" ten="250,250,230,270" oya="1" hai0="13,66,7,67,29,98,24,38,64,76,69,123,60" hai1="93,101,0,27,61,113,39,78,112,108,72,49,82" hai2="5,133,18,35,65,28,85,84,70,87,80,33,6" hai3="92,1,129,100,37,34,22,58,83,12,26,3,79"/><U17/><E39/><V103/><F133/><W47/><G129/><T128/><D128/><U4/><E49/><V114/><F114/><W36/><G34/><T41/><D123/><U9/><E108/><V116/><F116/><W2/><G12/><T53/><D76/><U68/><E101/><V122/><F122/><W43/><G58/><T54/><D98/><U10/><E93/><V130/><F130/><W111/><G111/><T96/><D96/><U55/><E10/><V46/><F103/><W16/><G100/><T74/><D74/><U59/><REACH who="1" step="1"/><E68/><REACH who="1" ten="250,240,230,270" step="2"/><V42/><F70/><W56/><G92/><T48/><D38/><U15/><E15/><V118/><F118/><W44/><G56/><T63/><D69/><U11/><E11/><V45/><F45/><W30/><G44/><T125/><D48/><U86/><E86/><V62/><F85/><W57/><G57/><T14/><D14/><U120/><E120/><V91/><F84/><W107/><G36/><T109/><D13/><U52/><E52/><V121/><F121/><W31/><REACH who="3" step="1"/><G107/><REACH who="3" ten="250,240,230,260" step="2"/><T77/><D109/><U97/><E97/><V20/><F46/><W81/><G81/><T25/><D66/><U23/><AGARI ba="0,2" hai="0,4,9,17,23,27,55,59,61,72,78,82,112,113" machi="23" ten="30,6000,0" yaku="1,1,0,1,52,1,53,0" doraHai="32" doraHaiUra="124" who="1" fromWho="1" sc="250,-20,240,80,230,-20,260,-20" /><INIT seed="1,1,0,4,3,131" ten="230,320,210,240" oya="1" hai0="35,102,4,49,135,91,117,110,20,13,14,105,90" hai1="115,46,41,55,134,24,106,86,9,26,44,22,23" hai2="34,38,112,89,51,64,104,99,87,56,96,121,15" hai3="37,122,123,82,36,39,2,129,95,45,12,33,1"/><U71/><E115/><V75/><F121/><N who="3" m="46091" /><G95/><T10/><D35/><U93/><E106/><V107/><F38/><W65/><G12/><T80/><D110/><U119/><E71/><V67/><F112/><W118/><G45/><T6/><D117/><U18/><E119/><V85/><F75/><W19/><G19/><T58/><D105/><U21/><E55/><N who="2" m="31871" /><F34/><W31/><G129/><T97/><D102/><U60/><E60/><V16/><F104/><W127/><G65/><N who="2" m="25161" /><F107/><W61/><G61/><T62/><D49/><U120/><E120/><V0/><F0/><N who="3" m="107" /><G82/><T70/><D70/><U52/><E18/><V84/><F89/><W124/><G118/><T40/><D40/><U103/><E41/><V32/><F32/><W113/><G113/><T30/><D30/><U68/><E68/><V81/><F81/><W53/><G53/><T78/><D20/><AGARI ba="1,0" hai="15,16,20,84,85,87,96,99" m="25161,31871" machi="20" ten="30,2000,0" yaku="8,1,54,1" doraHai="131" who="2" fromWho="0" sc="230,-23,320,0,210,23,240,0" /><INIT seed="2,0,0,0,4,70" ten="207,320,233,240" oya="2" hai0="132,69,88,113,98,33,3,94,79,97,122,119,102" hai1="64,20,63,47,72,51,78,106,10,89,49,54,17" hai2="75,38,4,5,1,99,65,60,14,121,115,111,96" hai3="73,11,13,40,18,12,16,103,110,100,45,55,58"/><V71/><F115/><W35/><G110/><T117/><D69/><U26/><E106/><V30/><F121/><W6/><G35/><T127/><D3/><U46/><E89/><V19/><F111/><W23/><G73/><T128/><D33/><U109/><E109/><V27/><F75/><W108/><G108/><T134/><D122/><U62/><E64/><V83/><F83/><W129/><G129/><T80/><D113/><U53/><E10/><V36/><F1/><W66/><G66/><T74/><D127/><U125/><E125/><V133/><F133/><N who="0" m="51306" /><D128/><U120/><E120/><V123/><F123/><W43/><G6/><T41/><D41/><U91/><E91/><V59/><F5/><W28/><G28/><T15/><D15/><U24/><E26/><V124/><F4/><W22/><G11/><T101/><D101/><U107/><E107/><AGARI ba="0,0" hai="74,79,80,88,94,97,98,102,107,117,119" m="51306" machi="107" ten="30,7700,0" yaku="20,1,34,2,54,1" doraHai="70" who="0" fromWho="1" sc="207,77,320,-77,233,0,240,0" /><INIT seed="3,0,0,5,1,47" ten="284,243,233,240" oya="3" hai0="134,53,103,85,56,18,4,0,60,95,89,71,54" hai1="121,129,26,99,74,94,127,63,6,70,58,100,124" hai2="78,116,93,10,19,65,5,30,38,11,79,90,66" hai3="61,25,118,13,48,51,75,50,106,16,91,108,120"/><W135/><G118/><T64/><D134/><U29/><E121/><V77/><F116/><W45/><G120/><T52/><D0/><U96/><E74/><V67/><F38/><W62/><G106/><T35/><D35/><U20/><E129/><V88/><F30/><W126/><G75/><T55/><D4/><U21/><E70/><V111/><F111/><W125/><G135/><T101/><REACH who="0" step="1"/><D18/><REACH who="0" ten="274,243,233,240" step="2"/><U76/><E6/><V113/><F5/><W110/><G45/><T83/><D83/><U107/><E124/><N who="3" m="47722" /><G25/><T119/><D119/><U43/><E26/><V131/><F131/><W123/><G123/><T97/><D97/><U1/><E99/><V41/><F19/><W24/><G24/><T34/><D34/><U73/><E96/><V15/><F15/><W57/><G91/><T33/><D33/><U87/><E1/><V104/><F90/><W17/><G17/><T49/><AGARI ba="0,1" hai="49,52,53,54,55,56,60,64,71,85,89,95,101,103" machi="49" ten="30,7900,0" yaku="1,1,0,1,52,1,54,1,53,0" doraHai="47" doraHaiUra="32" who="0" fromWho="0" sc="274,89,243,-20,233,-20,240,-39" owari="363,46.3,223,2.3,213,-18.7,201,-29.9" /></mjloggm>