<mjloggm ver="2.3"><GO type="225" lobby="0"/><UN n0="%E6%97%A5%E6%9B%9C%E6%97%A5%E3%82%88%E3%82%8A%E3%81%AE%E4%BD%BF%E8%80%85" n1="%E4%BF%BA%E3%81%A8%E5%A6%96%E5%A4%A2" n2="%65%78%69%73%74%2D%79" n3="%E3%82%A2%E3%83%9E%E3%83%9D%EF%BD%9E%EF%BD%9E%E3%83%A9" dan="17,16,16,17" rate="2205.69,2122.18,2046.03,2025.51" sx="M,F,M,M"/><TAIKYOKU oya="0"/><INIT seed="0,0,0,5,5,86" ten="250,250,250,250" oya="0" hai0="104,38,128,81,31,82,15,0,129,4,20,107,23" hai1="55,25,12,91,125,97,131,73,11,132,123,118,42" hai2="68,21,45,64,74,116,35,24,75,2,109,77,120" hai3="27,87,110,134,88,40,84,44,85,133,93,92,102"/><T127/><D38/><U79/><E118/><V8/><F116/><W108/><G27/><N who="0" m="16871" /><D0/><U17/><E123/><V83/><F21/><W18/><G18/><N who="0" m="10719" /><D4/><U135/><E125/><V106/><F109/><N who="3" m="42091" /><G102/><T98/><D127/><U122/><E122/><V119/><F119/><W36/><G93/><T124/><D124/><U1/><E132/><AGARI ba="0,0" hai="36,40,44,84,85,87,88,92,132,133,134" m="42091" machi="132" ten="30,7700,0" yaku="20,1,14,1,52,1,54,1" doraHai="86" who="3" fromWho="1" sc="250,0,250,-77,250,0,250,77" /><INIT seed="1,0,0,1,0,82" ten="250,173,250,327" oya="1" hai0="123,5,69,53,102,42,133,52,49,80,29,38,83" hai1="112,41,127,59,77,15,96,19,118,13,10,33,134" hai2="23,128,98,101,12,2,131,62,108,68,1,14,100" hai3="116,17,54,6,88,7,92,119,130,28,18,21,126"/><U26/><E112/><V135/><F135/><W57/><G126/><T43/><D69/><U81/><E118/><N who="3" m="45098" /><G28/><T94/><D38/><U65/><E127/><V125/><F125/><W22/><G22/><T51/><D5/><N who="3" m="1545" /><G21/><T132/><D29/><U39/><E134/><N who="0" m="51817" /><D123/><U55/><E65/><N who="2" m="41015" /><F108/><W31/><G31/><T34/><D34/><U63/><E33/><V16/><F14/><W44/><G44/><N who="0" m="27687" /><D94/><U104/><E26/><V0/><F98/><N who="3" m="57607" /><G130/><AGARI ba="0,0" hai="0,1,2,12,16,23,100,101,128,130,131" m="41015" machi="130" ten="40,2600,0" yaku="19,1,54,1" doraHai="82" who="2" fromWho="3" sc="250,0,173,0,250,26,327,-26" /><INIT seed="2,0,0,2,0,24" ten="250,173,276,301" oya="2" hai0="99,40,85,116,59,132,67,46,29,7,125,58,93" hai1="13,92,49,66,130,94,48,72,56,4,129,62,43" hai2="82,73,81,91,25,70,50,42,75,88,134,115,131" hai3="47,38,69,105,63,86,12,109,87,78,119,97,18"/><V107/><F115/><W5/><G119/><T104/><D104/><U98/><E72/><N who="2" m="27723" /><F70/><W102/><G5/><T31/><D116/><U30/><E92/><V64/><F25/><W44/><G38/><T83/><D7/><U51/><E43/><V57/><F50/><W90/><G78/><N who="0" m="46327" /><D125/><U120/><E120/><V112/><F57/><N who="0" m="21514" /><D67/><U61/><E61/><V106/><F64/><W65/><G87/><T54/><D40/><U52/><E66/><V45/><F45/><W126/><G126/><T103/><D132/><U95/><E95/><V34/><F34/><W3/><G3/><T108/><D108/><U135/><E135/><V113/><F42/><W114/><G109/><T23/><D23/><U14/><E4/><V100/><F134/><W10/><G114/><N who="2" m="44137" /><F131/><N who="1" m="50185" /><E30/><N who="0" m="11273" /><D46/><U32/><E32/><V6/><F6/><W80/><AGARI ba="0,0" hai="10,12,18,44,47,63,65,69,80,86,90,97,102,105" machi="80" ten="20,1500,0" yaku="0,1,7,1" doraHai="24" who="3" fromWho="3" sc="250,-4,173,-4,276,-7,301,15" /><INIT seed="3,0,0,1,2,22" ten="246,169,269,316" oya="3" hai0="109,125,31,78,94,44,11,84,111,3,59,108,93" hai1="30,13,132,8,118,76,2,112,110,85,29,127,130" hai2="116,80,113,26,71,18,52,6,51,97,9,24,34" hai3="61,95,83,124,35,68,98,49,120,62,91,89,103"/><W74/><G120/><T96/><D125/><U0/><E127/><V114/><F71/><W73/><G35/><T121/><D121/><U100/><E100/><V5/><F116/><W7/><G7/><N who="2" m="2569" /><F34/><W48/><G124/><T69/><D69/><U57/><E118/><V128/><F114/><W72/><G83/><N who="0" m="47223" /><D3/><N who="1" m="1067" /><E76/><V66/><F113/><W129/><G129/><T64/><D44/><U28/><E85/><V123/><F66/><W58/><G68/><T117/><D117/><U55/><E112/><V12/><F128/><W14/><G14/><T37/><D37/><U21/><E130/><V105/><F105/><W47/><G48/><T92/><D64/><U81/><E81/><V42/><F42/><W17/><G62/><T43/><D43/><U88/><E88/><N who="3" m="33866" /><G61/><T39/><D39/><U135/><E57/><N who="2" m="32927" /><F123/><W75/><G75/><T82/><D59/><U126/><E126/><V119/><F119/><W15/><G58/><T10/><D82/><U107/><E107/><V33/><F33/><W36/><G36/><T102/><D102/><U54/><E54/><V46/><F80/><W50/><G47/><T101/><D101/><U23/><E55/><V131/><F131/><W134/><G134/><N who="1" m="51242" /><E110/><V19/><F46/><W40/><G40/><T1/><D111/><U53/><E53/><V87/><F87/><W79/><G79/><T25/><D109/><U60/><E60/><V115/><F115/><W133/><G133/><T56/><D108/><U38/><E38/><V90/><F90/><W106/><G106/><T77/><D77/><U4/><AGARI ba="0,0" hai="4,8,13,21,23,28,29,30" m="51242,1067" machi="4" ten="40,5200,0" yaku="20,1,34,2" doraHai="22" who="1" fromWho="1" sc="246,-13,169,52,269,-13,316,-26" /><INIT seed="4,0,0,2,1,31" ten="233,221,256,290" oya="0" hai0="64,67,38,108,69,132,76,78,6,113,7,118,30" hai1="37,123,27,58,34,63,87,129,66,24,48,111,68" hai2="130,60,54,1,134,89,99,109,51,94,59,104,57" hai3="97,26,107,46,103,90,55,71,15,124,133,12,39"/><T18/><D118/><U52/><E123/><V79/><F109/><W40/><G124/><T3/><D38/><U28/><E111/><V33/><F130/><W17/><G133/><T131/><D69/><U16/><E37/><V75/><F134/><W43/><G43/><T73/><D73/><U126/><E126/><V119/><F119/><W121/><G121/><T95/><D3/><U49/><E129/><V47/><F1/><W62/><G90/><T125/><D125/><U80/><E49/><V36/><F104/><W44/><G44/><T92/><D30/><U32/><E24/><V2/><F2/><W127/><G127/><T8/><D132/><U19/><E34/><V23/><F33/><W42/><G42/><T102/><D131/><U100/><E100/><V56/><F23/><W112/><G112/><T41/><D41/><U0/><E0/><V21/><F21/><N who="3" m="13615" /><G71/><T93/><D102/><U14/><E14/><N who="3" m="5162" /><G55/><T5/><D113/><U122/><E122/><V83/><REACH who="2" step="1"/><F36/><REACH who="2" ten="233,221,246,290" step="2"/><W128/><G128/><T82/><D108/><U116/><E116/><V86/><F86/><W98/><G98/><T25/><D8/><U13/><E13/><V10/><F10/><W91/><G62/><AGARI ba="0,1" hai="47,51,54,56,57,59,60,62,75,79,83,89,94,99" machi="62" ten="40,2600,0" yaku="1,1,53,1" doraHai="31" doraHaiUra="50" who="2" fromWho="3" sc="233,0,221,0,246,36,290,-26" /><INIT seed="5,0,0,0,3,105" ten="233,221,282,264" oya="1" hai0="126,108,9,10,118,103,67,66,8,37,91,50,60" hai1="34,92,74,53,55,58,109,114,19,72,41,71,31" hai2="12,106,45,78,32,39,33,4,16,14,128,20,7" hai3="36,18,15,122,104,79,46,97,88,87,76,5,54"/><U121/><E121/><V47/><F106/><W73/><G122/><T23/><D37/><U123/><E123/><V82/><F128/><W120/><G120/><T133/><D118/><U116/><E116/><V51/><F39/><W49/><G36/><T98/><D108/><U3/><E71/><V13/><F45/><W124/><G73/><N who="1" m="28266" /><E41/><N who="2" m="25071" /><F33/><W100/><G5/><N who="2" m="2121" /><F32/><W6/><G6/><T113/><D10/><U56/><E109/><V130/><F130/><W69/><G69/><T129/><D9/><U2/><E34/><V28/><F28/><W62/><G62/><T115/><D8/><U131/><E31/><V85/><AGARI ba="0,0" hai="12,13,14,16,20,78,82,85" m="2121,25071" machi="85" ten="30,2000,0" yaku="8,1,54,1" doraHai="105" who="2" fromWho="2" sc="233,-5,221,-10,282,20,264,-5" owari="228,-17.2,211,-28.9,302,40.2,259,5.9" /></mjloggm>