<mjloggm ver="2.3"><GO type="225" lobby="0"/><UN n0="%E3%83%81%E3%83%83%E3%82%BF%E3%82%BD%E3%83%BC" n1="%E3%81%8B%E3%82%8F%E3%81%A1%E3%82%83%E3%82%93%35%38" n2="%E9%B3%B4%E8%8C%B6" n3="%E6%9C%88%E5%B3%B6%E5%9F%BA" dan="17,16,16,18" rate="2214.38,2151.12,2136.52,2241.40" sx="F,M,M,M"/><TAIKYOKU oya="0"/><INIT seed="0,0,0,1,4,128" ten="250,250,250,250" oya="0" hai0="49,57,37,74,87,18,8,28,26,130,5,22,94" hai1="11,103,48,10,56,58,120,135,68,17,61,43,109" hai2="77,126,0,129,91,105,81,65,42,134,104,96,53" hai3="9,40,63,72,54,14,23,75,71,51,69,102,21"/><T118/><D130/><U122/><E103/><V132/><F0/><W124/><G124/><T98/><D118/><U29/><E29/><V115/><F129/><W50/><G102/><T35/><D74/><U20/><E68/><V70/><F53/><W83/><G54/><T1/><D37/><U79/><E79/><V13/><F13/><W93/><G14/><T6/><D6/><U110/><E48/><V12/><F12/><W112/><G93/><T36/><D36/><U106/><E106/><N who="2" m="41067" /><F42/><W32/><G40/><T60/><D49/><U100/><E100/><V92/><F65/><W3/><G83/><T127/><D127/><U2/><E43/><V25/><F25/><W46/><G112/><T16/><D87/><U125/><E125/><V55/><F55/><W107/><G107/><T19/><D35/><U31/><E31/><V121/><F70/><W85/><G85/><T113/><D113/><U27/><E2/><V108/><F115/><W76/><G3/><T90/><REACH who="0" step="1"/><D28/><REACH who="0" ten="240,250,250,250" step="2"/><U86/><E86/><N who="2" m="48431" /><F126/><W80/><G32/><T15/><D15/><U67/><E27/><V78/><F121/><W84/><G51/><T38/><D38/><U101/><E122/><V4/><F4/><W88/><G50/><T73/><D73/><U66/><E120/><V89/><F78/><W133/><G76/><T45/><D45/><U33/><E33/><V95/><F108/><W44/><G44/><T131/><D131/><U123/><E123/><V52/><F52/><AGARI ba="0,1" hai="1,5,8,16,18,19,22,26,52,57,60,90,94,98" machi="52" ten="30,18000,2" yaku="1,1,7,1,25,2,54,2,53,0" doraHai="128" doraHaiUra="41" who="0" fromWho="2" sc="240,190,250,0,250,-180,250,0" /><INIT seed="0,1,0,3,1,119" ten="430,250,70,250" oya="0" hai0="10,76,111,123,74,94,13,67,29,131,6,92,96" hai1="8,65,18,122,64,20,110,26,21,100,25,9,34" hai2="59,49,70,11,27,85,30,68,16,102,19,22,115" hai3="118,79,47,39,48,130,133,84,88,32,109,91,75"/><T128/><D123/><U129/><E129/><N who="0" m="49737" /><D29/><U42/><E110/><V4/><F115/><W95/><G130/><T73/><D111/><U35/><E42/><V71/><F102/><W86/><G109/><T117/><D117/><U113/><E100/><V12/><F85/><W51/><G32/><T78/><D67/><U33/><E113/><V87/><F87/><W72/><G118/><T61/><D61/><U38/><E38/><V120/><F49/><W116/><G116/><T126/><D126/><U114/><E114/><V63/><REACH who="2" step="1"/><F120/><REACH who="2" ten="430,250,60,250" step="2"/><W104/><G51/><T77/><D92/><U7/><E122/><V60/><F60/><W80/><G39/><T81/><D81/><U15/><REACH who="1" step="1"/><E9/><REACH who="1" ten="430,240,60,250" step="2"/><V55/><AGARI ba="1,2" hai="4,11,12,16,19,22,27,30,55,59,63,68,70,71" machi="55" ten="30,7900,0" yaku="1,1,0,1,54,1,53,1" doraHai="119" doraHaiUra="23" who="2" fromWho="2" sc="430,-40,240,-21,60,102,250,-21" /><INIT seed="1,0,0,4,1,66" ten="390,219,162,229" oya="1" hai0="72,131,42,128,70,135,28,43,108,10,113,29,109" hai1="48,3,84,119,80,37,116,106,79,18,39,96,26" hai2="78,124,0,75,7,86,45,12,13,93,65,17,114" hai3="23,112,92,34,41,53,88,27,83,121,122,15,8"/><U60/><E3/><V103/><F124/><W33/><G41/><N who="0" m="15371" /><D10/><U47/><E60/><V38/><F114/><W100/><G100/><T98/><D113/><U30/><E18/><V69/><F45/><W61/><G112/><T120/><D120/><U22/><E106/><V35/><F38/><W36/><G83/><T115/><D115/><U125/><E96/><V59/><F35/><W31/><G36/><T5/><D5/><U127/><E37/><V44/><F44/><W11/><G34/><T133/><D72/><U25/><E25/><V51/><F7/><W74/><G74/><T95/><D70/><U2/><E2/><V68/><F0/><W117/><G33/><T9/><D9/><U57/><E57/><V134/><F75/><W1/><G117/><T99/><D29/><U40/><REACH who="1" step="1"/><E39/><REACH who="1" ten="390,209,162,229" step="2"/><V54/><F17/><W129/><G1/><T132/><D28/><U105/><E105/><V21/><F59/><N who="3" m="35055" /><G31/><T91/><D99/><U58/><E58/><V81/><F13/><W102/><G27/><T16/><D16/><U62/><E62/><V50/><F12/><W107/><G15/><T110/><AGARI ba="0,1" hai="91,95,98,108,109,110,128,131,132,133,135" m="15371" machi="110" ten="50,3200,0" yaku="14,1,20,1" doraHai="66" who="0" fromWho="0" sc="390,42,209,-16,162,-8,229,-8" /><INIT seed="2,0,0,2,3,4" ten="432,193,154,221" oya="2" hai0="5,102,70,14,44,8,7,117,113,31,104,88,101" hai1="68,36,134,79,108,50,78,52,62,57,9,67,3" hai2="34,75,130,39,35,93,30,73,119,51,11,124,69" hai3="110,24,74,89,107,22,122,63,135,127,99,41,132"/><V42/><F119/><W49/><G122/><T106/><D117/><U19/><E108/><V81/><F51/><W15/><G74/><N who="2" m="28169" /><F93/><N who="3" m="56751" /><G110/><T100/><D113/><U84/><E134/><N who="3" m="51242" /><G107/><T83/><D70/><U82/><E36/><V32/><F81/><W90/><G127/><T45/><D31/><U26/><E26/><N who="2" m="18519" /><F124/><W12/><G63/><T131/><D131/><U133/><E133/><V38/><F130/><W72/><G72/><T118/><D118/><U76/><REACH who="1" step="1"/><E3/><REACH who="1" ten="432,183,154,221" step="2"/><V40/><F39/><W94/><G24/><T23/><D104/><U115/><E115/><V33/><F42/><W123/><G41/><T65/><D106/><U126/><E126/><V10/><F69/><W111/><G111/><T0/><D0/><U109/><E109/><V46/><F35/><W91/><G123/><T55/><D101/><U66/><E66/><V128/><F34/><W61/><G15/><AGARI ba="0,1" hai="9,15,19,50,52,57,62,67,68,76,78,79,82,84" machi="15" ten="40,5200,0" yaku="1,1,52,1,54,1,53,0" doraHai="4" doraHaiUra="129" who="1" fromWho="3" sc="432,0,183,62,154,0,221,-52" /><INIT seed="3,0,0,4,3,90" ten="432,245,154,169" oya="3" hai0="3,37,55,30,20,26,81,40,17,38,113,45,86" hai1="4,65,7,22,85,19,61,68,8,9,72,28,115" hai2="96,110,76,50,130,121,101,54,1,44,53,127,77" hai3="87,32,23,29,112,132,78,43,42,62,116,0,46"/><W99/><G112/><T49/><D3/><U70/><E72/><V84/><F110/><W100/><G116/><T122/><D122/><U33/><E115/><V135/><F1/><W74/><G132/><T60/><D113/><U94/><E28/><V66/><F135/><W21/><G74/><T73/><D73/><U24/><E33/><V58/><F127/><W31/><G0/><T107/><D107/><U59/><E68/><V57/><F130/><W25/><G62/><T2/><D2/><U63/><E94/><N who="2" m="58519" /><F121/><W111/><G111/><T71/><D30/><U35/><E85/><V134/><F134/><W15/><G32/><T47/><D71/><U67/><E35/><V114/><F114/><W102/><G46/><T11/><D11/><U117/><E117/><V109/><F109/><W120/><G120/><T123/><D123/><U36/><E36/><V89/><F66/><W92/><G100/><T12/><D60/><U52/><E67/><V98/><F98/><W97/><G97/><T48/><D26/><U104/><E104/><V64/><F64/><W10/><G23/><T34/><D34/><U5/><AGARI ba="0,0" hai="4,5,7,8,9,19,22,24,52,59,61,63,65,70" machi="5" ten="30,2000,0" yaku="0,1,54,1" doraHai="90" who="1" fromWho="1" sc="432,-5,245,20,154,-5,169,-10" owari="427,52.7,265,6.5,149,-35.1,159,-24.1" /></mjloggm>