<mjloggm ver="2.3"><GO type="225" lobby="0"/><UN n0="%E6%9C%88%E5%B3%B6%E5%9F%BA" n1="%E3%83%A9%E3%82%B9%E7%8E%87%EF%BC%93%E5%89%B2" n2="%E3%81%8B%E3%82%8F%E3%81%A1%E3%82%83%E3%82%93%35%38" n3="%E7%99%BD%E6%98%BC%E9%87%8C%E7%9A%84%E5%A4%9C" dan="16,17,16,16" rate="2135.88,2207.63,2128.70,2057.31" sx="M,F,M,M"/><TAIKYOKU oya="0"/><INIT seed="0,0,0,0,4,10" ten="250,250,250,250" oya="0" hai0="134,75,43,16,41,99,61,15,74,96,81,36,9" hai1="68,33,26,120,91,31,127,89,35,34,28,71,104" hai2="77,72,122,133,19,118,130,93,88,64,70,6,100" hai3="116,82,90,25,67,62,59,121,3,129,48,105,44"/><T73/><D134/><U106/><E120/><V103/><F122/><W131/><G116/><T111/><D111/><U1/><E26/><V84/><F6/><W108/><G121/><T102/><D61/><U40/><E40/><V97/><F70/><N who="1" m="26665" /><E1/><V101/><F64/><W128/><G105/><N who="1" m="40554" /><E127/><V112/><F112/><W76/><G108/><T125/><D125/><U45/><E45/><V5/><F5/><W18/><G3/><T50/><D36/><U87/><E87/><N who="2" m="52383" /><F19/><W80/><G90/><AGARI ba="0,0" hai="28,31,33,34,35,89,90,91" m="40554,26665" machi="90" ten="40,8000,1" yaku="28,2,26,2" doraHai="10" who="1" fromWho="3" sc="250,0,250,80,250,0,250,-80" /><INIT seed="1,0,0,2,0,66" ten="250,330,250,170" oya="1" hai0="117,126,47,98,57,56,60,119,37,90,1,16,28" hai1="112,99,103,77,128,36,132,53,122,97,74,21,54" hai2="113,96,38,26,87,89,61,4,10,67,58,42,2" hai3="52,118,3,69,91,44,13,79,33,104,43,25,116"/><U75/><E112/><V123/><F113/><W124/><G104/><T111/><D1/><U107/><E36/><V109/><F109/><W101/><G3/><T63/><D111/><U68/><E128/><V59/><F123/><W65/><G124/><T14/><D126/><U80/><E132/><V50/><F38/><W108/><G108/><T5/><D5/><U70/><E122/><V94/><F26/><W17/><G79/><T106/><D28/><U82/><E21/><V7/><F7/><W92/><G101/><T39/><D47/><U22/><E22/><V86/><F42/><W64/><G33/><T9/><D39/><U93/><E93/><V85/><REACH who="2" step="1"/><F50/><REACH who="2" ten="250,330,240,170" step="2"/><W120/><G120/><T45/><D37/><U48/><E48/><V130/><F130/><W129/><G129/><T8/><D117/><U46/><E46/><V100/><F100/><W125/><G25/><T11/><D45/><U40/><E40/><V24/><F24/><W114/><G114/><T78/><D119/><N who="3" m="45609" /><G125/><T133/><D133/><U15/><E103/><V49/><F49/><N who="3" m="28711" /><G43/><T19/><D14/><U71/><E15/><V76/><F76/><W134/><G134/><T51/><D78/><U41/><E41/><V18/><F18/><W131/><G131/><T127/><D19/><U31/><E77/><V72/><F72/><W55/><G17/><T84/><D16/><U23/><E75/><V121/><F121/><W29/><G13/><T110/><D110/><U62/><E74/><V73/><F73/><W27/><G27/><T12/><D127/><U81/><E31/><V115/><F115/><RYUUKYOKU ba="0,1" sc="250,-10,330,-10,240,30,170,-10" hai2="2,4,10,58,59,61,67,85,86,87,89,94,96" /><INIT seed="2,1,1,4,0,60" ten="240,320,270,160" oya="2" hai0="90,71,28,93,101,16,38,45,105,124,18,104,48" hai1="66,21,34,58,3,113,44,129,7,2,114,14,61" hai2="67,42,88,86,43,83,130,131,4,97,94,12,24" hai3="55,127,133,121,119,125,82,65,36,13,75,31,0"/><V63/><F24/><W134/><G0/><T116/><D71/><U103/><E34/><V80/><F80/><W41/><G31/><T74/><D74/><U35/><E35/><V79/><F4/><W32/><G32/><T109/><D38/><U10/><E129/><N who="2" m="49163" /><F12/><W57/><G13/><T72/><D72/><U132/><E21/><V1/><F1/><W84/><G84/><T70/><D70/><AGARI ba="1,1" hai="42,43,63,67,70,79,83,86,88,94,97" m="49163" machi="70" ten="30,5800,0" yaku="19,1,52,1,54,1" doraHai="60" who="2" fromWho="0" sc="240,-61,320,0,270,71,160,0" /><INIT seed="2,2,0,1,0,92" ten="179,320,341,160" oya="2" hai0="47,94,88,45,91,75,103,32,73,13,101,129,69" hai1="50,27,60,77,35,121,123,72,134,19,106,39,64" hai2="95,56,104,7,53,97,20,127,86,61,131,114,2" hai3="40,115,59,105,132,58,70,98,41,76,55,5,14"/><V110/><F114/><W18/><G70/><T51/><D69/><U111/><E39/><V23/><F127/><W9/><G115/><T126/><D32/><U80/><E111/><V113/><F113/><W89/><G132/><T48/><D126/><U99/><E50/><V100/><F131/><W116/><G116/><T108/><D108/><U65/><E134/><V12/><F110/><W31/><G31/><T30/><D30/><N who="1" m="19935" /><E19/><V8/><REACH who="2" step="1"/><F2/><REACH who="2" ten="179,320,331,160" step="2"/><W66/><G105/><T74/><D129/><U96/><E106/><V124/><F124/><W63/><G76/><T49/><D13/><U122/><E65/><V42/><F42/><W67/><G41/><T54/><D54/><U120/><E120/><V3/><F3/><W112/><G40/><T102/><REACH who="0" step="1"/><D94/><REACH who="0" ten="169,320,331,160" step="2"/><U34/><E34/><V29/><F29/><W10/><G112/><T109/><D109/><U87/><E123/><V133/><F133/><W93/><REACH who="3" step="1"/><G59/><REACH who="3" ten="169,320,331,150" step="2"/><T62/><D62/><U90/><E122/><V130/><F130/><W82/><G82/><T107/><D107/><U28/><E121/><V17/><F17/><W119/><G119/><T24/><D24/><U84/><E28/><V26/><F26/><W57/><G57/><T85/><D85/><U135/><E135/><V43/><F43/><W52/><G52/><T33/><D33/><U37/><E84/><V38/><F38/><W44/><G44/><AGARI ba="2,3" hai="44,45,47,48,49,51,73,74,75,88,91,101,102,103" machi="44" ten="50,12000,2" yaku="1,1,29,2,28,2,54,1,53,0" doraHai="92" doraHaiUra="117" who="0" fromWho="3" sc="169,156,320,0,331,0,150,-126" /><INIT seed="3,0,0,3,1,78" ten="325,320,331,24" oya="3" hai0="4,91,45,85,123,69,17,6,31,62,100,84,130" hai1="127,94,19,133,110,128,37,104,15,103,119,47,32" hai2="50,80,76,52,8,18,93,12,122,96,107,82,0" hai3="74,5,121,42,71,134,46,129,23,118,25,81,3"/><W21/><G118/><T57/><D123/><U55/><E32/><V92/><F122/><W16/><G121/><T131/><D69/><U135/><E104/><V33/><F33/><W27/><G129/><N who="0" m="49163" /><D31/><U124/><E128/><V39/><F39/><W51/><G71/><T30/><D30/><U26/><E26/><V7/><F107/><W10/><G134/><N who="1" m="51210" /><E110/><V38/><F38/><W97/><G97/><T117/><D117/><U41/><E55/><V120/><F120/><W108/><G108/><T101/><D45/><U65/><E65/><V125/><F125/><N who="1" m="48201" /><E119/><V43/><F43/><W44/><G44/><T66/><D17/><U54/><E54/><V132/><F132/><W95/><G95/><N who="0" m="54759" /><D85/><U22/><E94/><V72/><F82/><W89/><G89/><T87/><D87/><U116/><E116/><V77/><F77/><W58/><G58/><T115/><D115/><U61/><E61/><V90/><F93/><W48/><G48/><T98/><D101/><AGARI ba="0,0" hai="15,19,22,37,41,47,101,103" m="48201,51210" machi="101" ten="30,2000,0" yaku="20,1,18,1" doraHai="78" who="1" fromWho="0" sc="325,-20,320,20,331,0,24,0" owari="305,-9.5,340,44.0,331,13.1,24,-47.6" /></mjloggm>