<mjloggm ver="2.3"><GO type="225" lobby="0"/><UN n0="%E3%81%8B%E3%82%8F%E3%81%A1%E3%82%83%E3%82%93%35%38" n1="%E3%83%96%E3%83%83%E3%83%91%E3%82%AA%E3%83%96%E3%83%81%E3%82%AD%E3%83%B3" n2="%E6%A1%9C%E8%8A%B1%E9%96%83%E3%80%85" n3="%E9%A6%AC%E5%BC%95%E7%81%AB%33" dan="16,16,16,16" rate="2159.37,2209.94,2124.58,2160.13" sx="M,M,M,M"/><TAIKYOKU oya="0"/><INIT seed="0,0,0,2,5,3" ten="250,250,250,250" oya="0" hai0="47,6,87,21,91,86,34,69,99,73,78,101,126" hai1="84,8,30,94,108,7,14,80,90,44,74,98,11" hai2="50,31,123,36,112,124,55,122,76,107,75,83,41" hai3="105,35,89,66,16,27,25,128,26,102,9,51,58"/><T106/><D34/><U130/><E108/><V65/><F112/><W67/><G128/><T92/><D69/><U127/><E130/><V54/><F107/><W117/><G117/><T82/><D126/><U46/><E127/><V22/><F124/><W15/><G35/><T1/><D21/><U120/><E120/><V42/><F65/><W0/><G0/><T37/><D47/><U60/><E74/><V2/><F55/><W93/><G105/><T48/><D48/><U103/><E30/><V53/><F53/><N who="3" m="32063" /><G102/><T118/><D37/><U132/><E132/><V113/><F113/><W20/><G9/><N who="0" m="2255" /><D87/><AGARI ba="0,0" hai="15,16,20,25,26,27,66,67,87,89,93" m="32063" machi="87" ten="30,3900,0" yaku="25,1,8,1,54,1" doraHai="3" who="3" fromWho="0" sc="250,-39,250,0,250,0,250,39" /><INIT seed="1,0,0,1,1,57" ten="211,250,250,289" oya="1" hai0="37,84,20,93,61,15,28,54,59,118,88,32,104" hai1="125,126,31,3,55,45,69,75,82,115,98,68,78" hai2="14,22,38,34,10,124,85,108,76,100,2,91,112" hai3="101,113,48,119,19,33,97,18,26,72,47,6,67"/><U41/><E115/><V77/><F112/><W52/><G113/><T11/><D118/><U106/><E31/><V53/><F34/><W90/><G72/><T9/><D104/><U94/><E55/><V83/><F108/><W62/><G119/><T116/><D116/><U74/><E74/><V51/><F38/><W23/><G6/><T99/><D37/><U129/><E129/><V39/><F39/><W122/><G90/><T8/><D32/><U95/><E3/><V64/><F124/><N who="1" m="47721" /><E106/><V111/><F111/><W107/><G122/><T60/><D99/><U35/><E35/><V121/><F121/><W4/><G4/><T127/><D127/><U40/><E95/><V43/><F43/><N who="1" m="16457" /><E45/><N who="2" m="27887" /><F2/><W128/><G128/><T7/><REACH who="0" step="1"/><D60/><REACH who="0" ten="201,250,250,289" step="2"/><U17/><E17/><N who="2" m="8407" /><F100/><AGARI ba="0,1" hai="68,69,75,78,82,94,98,100" m="16457,47721" machi="100" ten="30,1500,0" yaku="18,1" doraHai="57" who="1" fromWho="2" sc="201,0,250,25,250,-15,289,0" /><INIT seed="1,1,0,1,5,90" ten="201,275,235,289" oya="1" hai0="29,54,42,31,118,81,4,129,14,59,11,9,83" hai1="47,0,107,55,51,117,68,126,78,74,116,49,22" hai2="57,134,46,25,125,28,2,132,15,75,18,79,100" hai3="61,105,34,112,122,40,20,13,66,113,103,128,7"/><U76/><E126/><V135/><F125/><W43/><G122/><T71/><D129/><U99/><E0/><V95/><F2/><W12/><G34/><T39/><D71/><U8/><E68/><V96/><F46/><W24/><G128/><T58/><D118/><U67/><E8/><V27/><F57/><N who="3" m="37167" /><G105/><T62/><D39/><U93/><E107/><V91/><F100/><W77/><G113/><T104/><D42/><N who="3" m="15913" /><G77/><T86/><D104/><U101/><E67/><V133/><N who="2" m="33792" /><DORA hai="124" /><V70/><F70/><W123/><G123/><T1/><D59/><U72/><E51/><V119/><F119/><W63/><G63/><T5/><REACH who="0" step="1"/><D81/><REACH who="0" ten="191,275,235,289" step="2"/><U89/><E117/><V33/><F33/><W82/><G82/><T35/><D35/><U10/><E116/><V121/><F121/><W64/><G112/><T87/><D87/><U16/><E74/><V65/><F65/><W88/><G64/><T130/><D130/><U110/><E72/><V120/><F120/><W36/><G36/><T109/><D109/><U56/><E110/><V127/><F127/><W38/><G38/><T21/><D21/><U23/><E56/><V6/><F75/><W97/><G20/><T92/><D92/><N who="1" m="58599" /><E23/><V108/><F108/><W37/><G97/><T106/><D106/><U85/><E10/><V48/><F96/><W19/><G37/><T131/><D131/><U26/><AGARI ba="1,1" hai="16,22,26,47,49,55,76,78,85,89,93" m="58599" machi="26" ten="30,11700,0" yaku="8,1,52,2,54,1" doraHai="90,124" who="1" fromWho="1" sc="191,-40,275,130,235,-40,289,-40" /><INIT seed="1,2,0,2,0,122" ten="151,405,195,249" oya="1" hai0="66,25,35,115,50,98,30,18,27,45,42,54,88" hai1="21,79,17,96,12,4,107,9,105,36,67,108,135" hai2="8,114,133,94,89,97,7,125,53,101,51,40,41" hai3="16,33,60,113,130,64,47,119,31,134,19,69,43"/><U24/><E135/><V99/><F133/><W72/><G113/><T118/><D118/><U1/><E36/><V76/><F125/><W75/><G134/><T14/><D115/><U23/><E67/><V22/><F114/><W0/><G119/><T59/><D66/><U56/><E79/><V5/><F76/><W123/><G123/><T132/><D132/><U104/><E56/><V117/><F22/><W112/><G130/><T74/><D74/><U13/><E108/><V120/><F120/><W81/><G0/><T121/><D121/><U55/><E55/><V32/><F32/><W6/><G6/><T111/><D111/><U126/><E126/><V87/><F99/><W73/><G81/><T116/><D116/><U131/><E131/><V61/><F61/><W128/><G112/><T84/><D98/><U39/><E39/><V100/><F100/><W46/><G128/><T109/><D109/><U65/><E65/><V129/><F129/><W102/><G102/><T38/><D30/><U103/><REACH who="1" step="1"/><E1/><REACH who="1" ten="151,395,195,249" step="2"/><V95/><F117/><W80/><G64/><T49/><D38/><U70/><E70/><V124/><F124/><W28/><G69/><T91/><D35/><U10/><E10/><V127/><F127/><W48/><G33/><T82/><REACH who="0" step="1"/><D91/><REACH who="0" ten="141,395,195,249" step="2"/><U93/><E93/><V2/><REACH who="2" step="1"/><F7/><REACH who="2" ten="141,395,185,249" step="2"/><W29/><G73/><T34/><D34/><U26/><E26/><V71/><F71/><W92/><G75/><T57/><D57/><AGARI ba="2,3" hai="2,5,8,40,41,51,53,57,87,89,94,95,97,101" machi="57" ten="30,2000,0" yaku="1,1,7,1,53,0" doraHai="122" doraHaiUra="110" who="2" fromWho="0" sc="141,-26,395,0,185,56,249,0" /><INIT seed="2,0,0,5,0,47" ten="115,395,241,249" oya="2" hai0="121,119,50,14,114,132,61,96,80,75,51,36,10" hai1="64,108,123,26,58,4,122,128,133,25,21,65,76" hai2="77,12,8,37,56,2,32,62,29,72,82,91,89" hai3="86,135,3,67,66,94,69,33,73,99,54,125,63"/><V134/><F37/><W52/><G73/><T115/><D121/><N who="1" m="46091" /><E108/><V113/><F113/><W55/><G3/><T129/><D119/><U98/><E133/><V43/><F2/><W107/><G135/><T18/><D132/><U48/><E128/><V28/><F43/><W112/><G112/><T40/><D129/><U103/><E76/><V109/><F134/><W38/><G38/><T88/><D75/><U127/><BYE who="0" /><E4/><V45/><F45/><W111/><G111/><UN n0="%E3%81%8B%E3%82%8F%E3%81%A1%E3%82%83%E3%82%93%35%38" /><T124/><D36/><U31/><E127/><V100/><F100/><W34/><G125/><T16/><D40/><U23/><E48/><N who="0" m="18473" /><D115/><U46/><E58/><V49/><F49/><W87/><G107/><T116/><D114/><U27/><E46/><V19/><F109/><W57/><G33/><T126/><D116/><U102/><E102/><V35/><F35/><W117/><G34/><T39/><D39/><U30/><E27/><V24/><F29/><W101/><G117/><T92/><D92/><AGARI ba="0,0" hai="21,23,25,26,30,31,64,65,92,98,103" m="46091" machi="92" ten="30,1000,0" yaku="13,1" doraHai="47" who="1" fromWho="0" sc="115,-10,395,10,241,0,249,0" /><INIT seed="3,0,0,3,1,51" ten="105,405,241,249" oya="3" hai0="126,46,78,94,71,27,80,108,34,111,36,33,54" hai1="50,113,25,16,43,42,66,89,87,32,6,77,105" hai2="22,64,104,109,68,76,1,70,13,23,112,128,59" hai3="14,38,8,63,12,10,122,73,0,19,110,82,60"/><W99/><G122/><T74/><D126/><U129/><E113/><V61/><F112/><W125/><G0/><T58/><D27/><U85/><E105/><V102/><F1/><W2/><G2/><T101/><D101/><U81/><E129/><V21/><F128/><W69/><G38/><T57/><D94/><U133/><E133/><V96/><F109/><W127/><G110/><T106/><D106/><U79/><E6/><V134/><F134/><W65/><G60/><T55/><D36/><U30/><E66/><V84/><F13/><W62/><G62/><T117/><D46/><U67/><E67/><V95/><F76/><W39/><G39/><T123/><D123/><U9/><E50/><V135/><F135/><W114/><G114/><T18/><D18/><U120/><E120/><V44/><F44/><W49/><G49/><T124/><D124/><N who="3" m="47689" /><G99/><T4/><D4/><U11/><E79/><V45/><F45/><W83/><G73/><T93/><D117/><U5/><E5/><AGARI ba="0,0" hai="5,8,10,12,14,19,63,65,69,82,83" m="47689" machi="5" ten="30,1500,0" yaku="18,1" doraHai="51" who="3" fromWho="1" sc="105,0,405,-15,241,0,249,15" /><INIT seed="3,1,0,4,5,53" ten="105,390,241,264" oya="3" hai0="57,96,88,77,24,95,112,56,66,28,39,2,128" hai1="38,110,93,99,18,114,64,107,104,121,98,91,46" hai2="117,68,16,21,33,65,106,63,84,73,115,76,122" hai3="127,31,116,22,50,54,132,37,0,83,3,30,81"/><W5/><G116/><T45/><D128/><U97/><E121/><V10/><F115/><W126/><G37/><T118/><D118/><U134/><E114/><V9/><F117/><W42/><G42/><T86/><D2/><N who="3" m="553" /><G5/><T125/><D125/><N who="3" m="47625" /><G132/><T89/><D112/><U20/><E134/><V78/><F106/><W113/><G113/><T82/><D66/><U49/><E38/><V62/><F33/><W72/><G72/><T4/><D4/><U119/><E119/><V48/><F48/><W8/><G8/><T27/><D39/><U26/><E110/><V51/><F51/><W44/><G22/><T103/><D45/><U43/><REACH who="1" step="1"/><E64/><REACH who="1" ten="105,380,241,264" step="2"/><V23/><F122/><W29/><AGARI ba="1,1" hai="29,30,31,44,50,54,81,83" m="47625,553" machi="29" ten="40,2100,0" yaku="18,1" doraHai="53" who="3" fromWho="3" sc="105,-8,380,-8,241,-8,264,34" /><INIT seed="3,2,0,1,1,8" ten="97,372,233,298" oya="3" hai0="45,121,114,47,85,124,46,33,82,63,58,12,14" hai1="86,88,35,89,83,96,10,42,87,69,66,27,131" hai2="81,105,60,94,11,120,9,32,23,54,134,19,44" hai3="108,76,112,133,0,74,95,84,55,106,41,107,4"/><W128/><G112/><T135/><D121/><U22/><E131/><V17/><F105/><W13/><G0/><T103/><D33/><U123/><E123/><V59/><F32/><W39/><G128/><T40/><D124/><U97/><E35/><V2/><F120/><W57/><G74/><T129/><D129/><U73/><E73/><V34/><F34/><W125/><G39/><T104/><D135/><U117/><E117/><V24/><F134/><W71/><G71/><T100/><D114/><U116/><E116/><V111/><F111/><W78/><G133/><T79/><D40/><U99/><E42/><V1/><F1/><W118/><G41/><T68/><D68/><U26/><E10/><V122/><F81/><W36/><G36/><T65/><D104/><U93/><REACH who="1" step="1"/><E22/><REACH who="1" ten="97,362,233,298" step="2"/><N who="2" m="13391" /><F94/><W31/><G118/><T101/><D101/><U50/><E50/><V98/><F59/><W43/><G57/><T38/><D38/><U75/><E75/><V127/><F98/><W18/><G95/><T6/><D6/><U130/><E130/><V126/><F19/><W119/><G18/><T132/><D132/><U109/><E109/><V102/><F102/><W20/><G108/><T49/><D49/><U16/><E16/><V30/><F54/><W25/><G55/><T21/><D21/><U51/><E51/><V28/><F28/><W113/><G31/><T53/><D53/><U62/><AGARI ba="2,1" hai="26,27,62,66,69,83,86,87,88,89,93,96,97,99" machi="62" ten="30,7900,0" yaku="1,1,0,1,54,1,53,1" doraHai="8" doraHaiUra="56" who="1" fromWho="1" sc="97,-22,362,95,233,-22,298,-41" owari="75,-42.5,457,55.7,211,-18.9,257,5.7" /></mjloggm>