<mjloggm ver="2.3"><GO type="225" lobby="0"/><UN n0="%E7%B4%94%E6%BD%94%E3%83%94%E3%83%A9%E3%83%8B%E3%82%A2" n1="%2D%E8%B1%8A%E5%8F%A3%E3%82%81%E3%81%90%E3%81%BF%2D" n2="%E3%83%96%E3%83%83%E3%83%91%E3%82%AA%E3%83%96%E3%83%81%E3%82%AD%E3%83%B3" n3="%E3%81%8F%E3%82%8A%E3%83%94%E3%83%BC" dan="16,17,17,16" rate="2147.60,2214.93,2189.87,2102.76" sx="M,F,M,M"/><TAIKYOKU oya="0"/><INIT seed="0,0,0,1,5,48" ten="250,250,250,250" oya="0" hai0="4,69,15,75,11,27,124,97,60,123,130,99,110" hai1="79,0,68,126,22,113,73,135,84,90,80,66,134" hai2="81,61,34,91,87,2,95,26,94,46,122,85,129" hai3="5,72,76,53,120,59,1,83,37,13,128,49,115"/><T77/><D123/><U82/><E0/><V131/><F2/><W25/><G115/><T12/><D130/><N who="2" m="49674" /><F122/><W78/><G128/><T103/><D124/><U102/><E66/><V50/><F61/><W104/><G120/><T42/><D42/><U39/><E22/><V64/><F64/><W32/><G104/><T100/><D75/><U88/><E68/><V43/><F87/><W114/><G114/><T41/><D41/><U40/><E40/><V119/><F119/><W35/><G37/><T105/><D77/><N who="1" m="44079" /><E39/><V133/><F133/><N who="1" m="50697" /><E113/><V111/><F111/><W14/><G78/><T24/><D110/><U63/><E63/><V38/><F38/><W125/><G125/><T33/><D33/><U57/><E57/><V47/><F47/><W54/><G1/><T70/><D60/><U28/><E28/><AGARI ba="0,0" hai="26,28,34,43,46,50,81,85,91,94,95" m="49674" machi="28" ten="30,1000,0" yaku="19,1" doraHai="48" who="2" fromWho="1" sc="250,0,250,-10,250,10,250,0" /><INIT seed="1,0,0,5,1,81" ten="250,240,260,250" oya="1" hai0="127,76,7,82,12,10,62,78,102,84,3,53,120" hai1="100,38,55,18,5,34,124,99,17,22,72,80,134" hai2="125,88,105,129,108,112,35,104,63,79,50,86,2" hai3="83,110,29,8,11,25,75,1,52,36,96,116,45"/><U44/><E34/><V51/><F2/><W37/><G110/><T6/><D127/><U131/><E124/><V95/><F125/><W13/><G1/><T65/><D120/><U132/><E5/><V19/><F108/><W74/><G116/><T64/><D102/><U98/><E131/><V39/><F39/><W42/><G96/><T43/><D6/><U9/><E9/><V91/><F129/><W122/><G8/><T67/><D3/><U41/><E55/><V106/><F112/><W23/><G122/><T24/><D24/><U107/><E99/><V113/><F113/><W20/><G37/><T90/><REACH who="0" step="1"/><D43/><REACH who="0" ten="240,240,260,250" step="2"/><U30/><E30/><V60/><F105/><W49/><G25/><T101/><D101/><U70/><E18/><V0/><F0/><W31/><G29/><T68/><D68/><U94/><E70/><V71/><F71/><W92/><G31/><T66/><N who="0" m="16384" /><DORA hai="32" /><T130/><D130/><U54/><E107/><V56/><F19/><W103/><G103/><T126/><D126/><U46/><E41/><V14/><F106/><W57/><G42/><T117/><D117/><U27/><E17/><V111/><F104/><W21/><G13/><T89/><D89/><U33/><E27/><V73/><F91/><W77/><G77/><T40/><D40/><U48/><E100/><V58/><F88/><W15/><G36/><T114/><D114/><U59/><E38/><V123/><F79/><W135/><G15/><T97/><D97/><U69/><E69/><V128/><F123/><W26/><G26/><T16/><D16/><U121/><E121/><RYUUKYOKU ba="0,1" sc="240,30,240,-10,260,-10,250,-10" hai0="7,10,12,53,62,76,78,82,84,90" /><INIT seed="2,1,1,0,0,117" ten="270,230,250,240" oya="2" hai0="123,108,34,58,32,61,98,40,116,102,68,3,35" hai1="39,130,125,129,64,131,28,49,109,73,56,62,14" hai2="12,77,46,71,50,20,2,72,31,135,22,128,52" hai3="82,41,96,38,114,48,45,24,65,74,19,15,17"/><V60/><F2/><W88/><G114/><T84/><D3/><U36/><E73/><V63/><F128/><W112/><G112/><T111/><D116/><U11/><E109/><N who="0" m="42057" /><D84/><U29/><E125/><V6/><F135/><W83/><G74/><T93/><D40/><U79/><E79/><V97/><F71/><W118/><G38/><N who="1" m="14378" /><E49/><V57/><F72/><W124/><G124/><T115/><D115/><U113/><E113/><V42/><F77/><W91/><G65/><N who="0" m="41007" /><D58/><U59/><E59/><V90/><F60/><W85/><G118/><T55/><D55/><U99/><E99/><V67/><F67/><W33/><G96/><T69/><D69/><U70/><E70/><V4/><F31/><W133/><G133/><T25/><D25/><U51/><E51/><V94/><REACH who="2" step="1"/><F12/><REACH who="2" ten="270,230,240,240" step="2"/><W7/><G15/><T132/><D132/><U104/><E104/><V110/><F110/><W75/><G75/><T87/><D87/><U126/><E126/><V100/><F100/><W95/><G85/><T10/><D102/><U80/><E29/><V134/><F134/><W89/><G89/><T26/><D98/><U78/><E28/><V103/><F103/><W30/><G30/><T8/><D34/><U13/><E11/><V106/><F106/><W107/><G107/><T5/><D32/><U16/><E16/><V119/><F119/><W43/><G19/><T27/><D35/><U66/><E66/><V127/><F127/><W53/><G17/><T1/><D8/><U122/><E122/><V101/><F101/><W120/><G120/><T21/><D123/><U86/><AGARI ba="1,2" hai="13,14,56,62,64,78,80,86,129,130,131" m="14378" machi="86" ten="40,2700,0" yaku="5,1,19,1" doraHai="117" who="1" fromWho="1" sc="270,-8,230,50,240,-14,240,-8" /><INIT seed="3,0,0,1,4,61" ten="262,280,226,232" oya="3" hai0="94,66,110,88,41,115,42,73,128,45,53,107,22" hai1="69,71,54,9,80,59,19,37,70,134,38,109,87" hai2="67,13,4,123,39,62,0,91,24,111,50,48,116" hai3="29,129,124,74,11,84,133,30,40,2,72,127,83"/><W43/><G133/><T10/><D107/><U113/><E113/><V78/><F116/><W6/><G129/><T68/><D73/><N who="3" m="28265" /><G30/><T56/><D110/><U17/><E109/><V100/><F111/><W57/><G29/><T14/><D115/><U77/><E134/><V132/><F132/><W32/><G57/><T21/><D68/><U23/><E9/><N who="2" m="4263" /><F39/><W82/><G32/><T79/><D79/><U15/><REACH who="1" step="1"/><E17/><REACH who="1" ten="262,270,226,232" step="2"/><V8/><F123/><W65/><G65/><T47/><D66/><U26/><E26/><V27/><F67/><W105/><G105/><T25/><D25/><U125/><E125/><N who="3" m="48202" /><G83/><T126/><D126/><U130/><E130/><V31/><F31/><W121/><G121/><T93/><D128/><U55/><E55/><V86/><F24/><W18/><G18/><T103/><D53/><U114/><E114/><V108/><F27/><W81/><G81/><T117/><D117/><U118/><E118/><V90/><F108/><W135/><G135/><T101/><D10/><U119/><E119/><V131/><F8/><W97/><G97/><T60/><D21/><U49/><AGARI ba="0,1" hai="15,19,23,37,38,49,54,59,69,70,71,77,80,87" machi="49" ten="30,2000,0" yaku="1,1,0,1,53,0" doraHai="61" doraHaiUra="7" who="1" fromWho="1" sc="262,-5,270,30,226,-5,232,-10" owari="257,5.7,300,40.0,221,-27.9,222,-17.8" /></mjloggm>