<mjloggm ver="2.3"><GO type="225" lobby="0"/><UN n0="%E3%83%A9%E3%82%B9%E7%8E%87%EF%BC%93%E5%89%B2" n1="%E3%81%90%E3%81%A1%E3%82%84%E3%81%BE" n2="%E5%91%A8%E6%9D%B1" n3="%E6%98%93%E5%88%A9%E8%96%A9%E4%BC%AF" dan="16,16,17,17" rate="2209.34,2148.48,2272.14,2157.98" sx="F,M,M,F"/><TAIKYOKU oya="0"/><INIT seed="0,0,0,5,4,52" ten="250,250,250,250" oya="0" hai0="31,93,2,67,18,43,41,66,114,134,115,90,17" hai1="46,77,97,9,104,65,13,57,106,76,62,32,78" hai2="133,56,117,73,131,122,58,107,1,74,127,22,53" hai3="118,63,132,108,12,94,96,5,4,55,129,0,101"/><T33/><D2/><U125/><E32/><V15/><F1/><W86/><G0/><T14/><D33/><U130/><E130/><V120/><F107/><W30/><G108/><T36/><D31/><U128/><E128/><V71/><F71/><W113/><G113/><T135/><D36/><U91/><E125/><V50/><F131/><W68/><G118/><T23/><D18/><U34/><E34/><V39/><F39/><W59/><G132/><N who="0" m="50731" /><D43/><U27/><E27/><V80/><F133/><W119/><G119/><T60/><D41/><U111/><E111/><V48/><F117/><W6/><G68/><N who="0" m="42055" /><D67/><U83/><E46/><V38/><F38/><W123/><G123/><T84/><AGARI ba="0,0" hai="14,17,23,84,90,93,114,115" m="42055,50731" machi="84" ten="30,1500,0" yaku="20,1" doraHai="52" who="0" fromWho="0" sc="250,15,250,-5,250,-5,250,-5" /><INIT seed="0,1,0,0,0,60" ten="265,245,245,245" oya="0" hai0="27,93,32,71,99,48,123,14,91,79,103,0,130" hai1="33,17,64,97,39,92,15,112,59,88,124,111,69" hai2="52,65,21,117,90,84,80,57,29,89,5,36,106" hai3="116,115,133,2,40,9,121,100,23,18,81,54,8"/><T122/><D0/><U94/><E33/><V83/><F106/><W120/><G115/><T131/><D79/><U47/><E112/><V61/><F36/><W43/><G116/><T128/><D71/><U42/><E111/><V102/><F117/><W3/><G100/><T25/><D14/><U49/><E124/><V127/><F127/><W6/><G81/><T12/><D12/><U13/><E94/><V19/><F102/><W129/><G54/><T87/><D48/><U7/><E7/><V30/><F5/><N who="3" m="1079" /><G133/><T104/><REACH who="0" step="1"/><D32/><REACH who="0" ten="255,245,245,245" step="2"/><U62/><REACH who="1" step="1"/><E17/><REACH who="1" ten="255,235,245,245" step="2"/><V114/><F114/><W63/><G18/><T4/><D4/><U38/><E38/><V50/><F19/><W34/><G6/><T44/><D44/><U107/><E107/><V55/><F21/><W118/><G23/><T126/><D126/><U95/><E95/><V108/><F108/><W73/><G34/><T101/><D101/><U72/><E72/><V135/><F135/><W20/><G20/><T74/><D74/><U26/><E26/><AGARI ba="1,2" hai="25,26,27,87,91,93,99,103,104,122,123,128,130,131" machi="26" ten="40,3900,0" yaku="1,1,19,1,53,0" doraHai="60" doraHaiUra="105" who="0" fromWho="1" sc="255,62,235,-42,245,0,245,0" /><INIT seed="0,2,0,2,3,13" ten="317,193,245,245" oya="0" hai0="26,36,5,109,69,125,33,75,131,53,70,35,124" hai1="28,4,40,48,119,1,81,110,96,14,45,6,64" hai2="128,90,122,114,52,80,18,101,43,99,97,63,73" hai3="79,86,117,21,66,129,62,3,82,108,2,135,32"/><T10/><D75/><U132/><E119/><V116/><F122/><W41/><G32/><N who="0" m="12363" /><D36/><U50/><E1/><V95/><F114/><W34/><G34/><T120/><D53/><U8/><E110/><V107/><F116/><W106/><G106/><T44/><D44/><U68/><E132/><V12/><F128/><W93/><G117/><T22/><D120/><U60/><E28/><V30/><F30/><W130/><G108/><T47/><D47/><U105/><E81/><V55/><F43/><W39/><G41/><T74/><D74/><U113/><E113/><V59/><F73/><W0/><G39/><T83/><D83/><U92/><E105/><V31/><F31/><W61/><G93/><T24/><D109/><U19/><REACH who="1" step="1"/><E48/><REACH who="1" ten="317,183,245,245" step="2"/><V56/><F80/><W15/><G135/><T94/><D94/><U29/><E29/><V58/><REACH who="2" step="1"/><F63/><REACH who="2" ten="317,183,235,245" step="2"/><W111/><G111/><T102/><D131/><U118/><E118/><V16/><F16/><W127/><G130/><T25/><D5/><U88/><AGARI ba="2,2" hai="4,6,8,14,19,40,45,50,60,64,68,88,92,96" machi="88" ten="20,8000,1" yaku="1,1,0,1,7,1,52,1,54,1,53,0" doraHai="13" doraHaiUra="133" who="1" fromWho="1" sc="317,-42,183,106,235,-22,245,-22" /><INIT seed="1,0,0,3,2,23" ten="275,289,213,223" oya="1" hai0="116,81,124,68,57,51,59,89,9,65,114,25,71" hai1="72,91,78,108,113,62,97,90,60,17,45,132,63" hai2="86,129,128,21,102,79,117,50,80,126,34,38,95" hai3="13,104,15,36,30,3,105,27,28,74,130,93,76"/><U0/><E113/><V14/><F38/><W122/><G122/><T134/><D114/><U39/><E0/><V112/><F34/><W18/><G3/><T31/><D116/><U7/><E7/><V110/><F112/><W47/><G130/><N who="2" m="50281" /><F117/><W20/><G74/><T5/><D134/><U121/><E121/><V53/><F126/><W11/><G76/><T98/><D124/><U35/><E35/><V58/><F110/><W64/><G64/><T26/><D68/><U66/><E132/><V52/><F53/><W48/><G36/><T111/><D71/><U107/><E66/><V131/><N who="2" m="50289" /><V12/><DORA hai="109" /><F21/><W41/><G93/><N who="0" m="56623" /><D31/><U106/><E17/><V125/><F125/><W88/><G88/><T103/><D103/><U123/><E91/><N who="2" m="53751" /><F102/><W120/><G120/><T32/><D32/><U70/><E108/><V16/><F16/><W40/><G40/><T73/><D65/><U69/><E39/><V42/><F42/><W54/><G30/><T10/><D111/><U55/><E55/><V118/><F118/><W119/><G119/><T46/><D5/><U33/><E33/><V101/><F101/><W84/><G41/><N who="0" m="25039" /><D73/><AGARI ba="0,0" hai="12,14,50,52,58,73,79,80" m="53751,50289" machi="73" ten="40,2600,0" yaku="19,1,54,1" doraHai="23,109" who="2" fromWho="0" sc="275,-26,289,0,213,26,223,0" /><INIT seed="2,0,0,2,1,75" ten="249,289,239,223" oya="2" hai0="24,12,132,98,102,54,25,23,64,16,86,101,96" hai1="111,35,6,13,59,85,53,97,58,48,74,119,30" hai2="117,11,57,93,112,45,70,38,62,128,27,42,126" hai3="122,20,63,0,115,47,124,36,29,40,37,91,1"/><V87/><F117/><W114/><G122/><T41/><D132/><U83/><E119/><V14/><F112/><W5/><G124/><T134/><D134/><U103/><E111/><V19/><F126/><W4/><G37/><T49/><D64/><U90/><E74/><V10/><F128/><W81/><G63/><T99/><D41/><U44/><E30/><V131/><F131/><W56/><G56/><T77/><D24/><U9/><REACH who="1" step="1"/><E35/><REACH who="1" ten="249,279,239,223" step="2"/><V125/><F125/><W3/><G114/><T17/><D102/><U22/><E22/><V31/><F11/><W39/><G115/><T108/><D101/><U71/><E71/><V100/><F70/><W68/><G68/><T28/><D108/><U95/><AGARI ba="0,1" hai="6,9,13,44,48,53,58,59,83,85,90,95,97,103" machi="95" ten="20,8000,1" yaku="1,1,0,1,7,1,8,1,53,1" doraHai="75" doraHaiUra="2" who="1" fromWho="1" sc="249,-20,279,90,239,-40,223,-20" /><INIT seed="3,0,0,5,3,90" ten="229,369,199,203" oya="3" hai0="0,121,4,27,72,14,49,70,35,36,59,109,42" hai1="77,1,104,46,2,97,37,111,88,41,66,44,45" hai2="73,19,79,63,74,107,127,18,64,26,126,103,7" hai3="83,32,60,94,89,13,102,106,108,86,95,39,122"/><W38/><G122/><T82/><D121/><U80/><E111/><V16/><F7/><W134/><G32/><T33/><D14/><U96/><E66/><V50/><F26/><W10/><G134/><T29/><D59/><U24/><E24/><V11/><F11/><W118/><G118/><T99/><D49/><U100/><E96/><N who="2" m="61927" /><F50/><W131/><G131/><T91/><D109/><U25/><E88/><V93/><F93/><W5/><G108/><T92/><D70/><U21/><E46/><V40/><F79/><W105/><G60/><T30/><D30/><U129/><E45/><V68/><F40/><W71/><G71/><T124/><D27/><U67/><E67/><V123/><F123/><W15/><G15/><T52/><D29/><U87/><E129/><V114/><F114/><W98/><REACH who="3" step="1"/><G106/><REACH who="3" ten="229,369,199,193" step="2"/><T17/><D33/><U58/><E104/><V31/><F31/><W81/><G81/><T54/><D82/><U135/><E80/><V132/><F132/><W51/><G51/><T78/><D35/><U125/><E135/><V43/><F43/><W22/><G22/><T69/><D42/><U23/><E23/><V113/><F113/><W65/><G65/><T48/><D48/><U55/><E21/><V53/><F53/><W112/><G112/><T128/><D54/><U9/><E55/><V110/><F110/><W6/><G6/><T119/><D52/><U116/><E41/><V117/><F117/><W75/><G75/><T62/><D4/><U12/><E12/><V20/><F20/><W130/><G130/><T56/><D128/><U84/><E116/><RYUUKYOKU ba="0,1" sc="229,-15,369,-15,199,15,193,15" hai2="16,18,19,63,64,68,73,74,126,127" hai3="5,10,13,38,39,83,86,89,94,95,98,102,105" /><INIT seed="3,1,1,5,5,41" ten="214,354,214,208" oya="3" hai0="85,124,103,25,133,84,129,101,112,120,6,110,19" hai1="28,115,1,119,47,29,33,2,89,64,62,98,53" hai2="109,72,75,31,30,99,114,81,67,108,52,126,77" hai3="74,60,35,68,66,45,132,32,21,40,34,96,17"/><W5/><G132/><T134/><D120/><U125/><E115/><V87/><F114/><W20/><G74/><N who="2" m="28201" /><F126/><W122/><G122/><T27/><D112/><U69/><E98/><V131/><F131/><W76/><G76/><T24/><D129/><U13/><E13/><V0/><F0/><W9/><G96/><T3/><D19/><U130/><E29/><V78/><F78/><W11/><G17/><T73/><D73/><U127/><E62/><V88/><F67/><W4/><G11/><T15/><D15/><U36/><E69/><V57/><F77/><W121/><G121/><T42/><D25/><U91/><E91/><V82/><F82/><W44/><G5/><T16/><D16/><U23/><E33/><V107/><F107/><W43/><G21/><T70/><D6/><U135/><E53/><V93/><F81/><W38/><G20/><T22/><D22/><U8/><E36/><V102/><F102/><W95/><G95/><T46/><D3/><U55/><E8/><V90/><F90/><W51/><G34/><T113/><D113/><U105/><E105/><V92/><F92/><W65/><G65/><T12/><D101/><U56/><E64/><V123/><F99/><W83/><G83/><T80/><D103/><U71/><E1/><AGARI ba="1,1" hai="1,4,9,32,35,38,40,43,44,45,51,60,66,68" machi="1" ten="30,5800,0" yaku="7,1,52,2" doraHai="41" who="3" fromWho="1" sc="214,0,354,-61,214,0,208,71" /><INIT seed="3,2,0,2,5,39" ten="214,293,214,279" oya="3" hai0="112,88,71,51,97,36,87,41,56,35,96,11,83" hai1="5,50,2,44,24,82,53,93,40,91,54,73,37" hai2="61,72,132,77,130,75,10,12,133,17,122,125,113" hai3="52,123,89,100,65,21,98,4,129,32,9,81,62"/><W18/><G123/><T60/><D112/><U69/><E69/><V80/><F113/><W114/><G32/><T103/><D35/><U45/><E24/><V119/><F119/><W20/><G129/><T13/><D36/><U108/><E108/><V90/><F122/><W85/><G114/><T14/><D14/><U0/><E5/><V135/><F130/><W16/><G21/><T19/><D103/><U30/><E30/><V23/><F125/><W109/><G109/><T131/><D71/><U27/><E27/><V76/><F61/><W117/><G20/><T116/><D116/><U1/><E82/><N who="2" m="45319" /><F90/><W126/><G126/><T26/><D26/><U104/><E73/><V22/><AGARI ba="2,0" hai="10,12,17,22,23,75,77,80,132,133,135" m="45319" machi="22" ten="40,1500,0" yaku="20,1" doraHai="39" who="2" fromWho="2" sc="214,-6,293,-6,214,21,279,-9" /><INIT seed="4,0,0,5,1,84" ten="208,287,235,270" oya="0" hai0="1,27,118,124,89,4,62,83,45,87,59,63,20" hai1="11,126,38,44,32,72,73,91,99,117,90,100,33" hai2="61,94,25,37,17,86,7,114,8,14,70,24,60" hai3="48,109,82,97,46,58,77,81,75,21,19,3,88"/><T23/><D118/><U119/><E11/><V134/><F37/><W41/><G3/><T39/><D124/><U74/><E38/><V133/><F114/><W18/><G109/><T53/><D1/><U130/><E44/><V111/><F111/><W85/><G21/><T66/><D4/><U42/><E42/><V106/><F106/><W64/><REACH who="3" step="1"/><G97/><REACH who="3" ten="208,287,235,260" step="2"/><T102/><D102/><U50/><E99/><V108/><F108/><W47/><G47/><T30/><D23/><U116/><E100/><V93/><F134/><W101/><G101/><T95/><D39/><U34/><E34/><V43/><F133/><W31/><G31/><T105/><D105/><U127/><E32/><V123/><F123/><W12/><G12/><T113/><D113/><U110/><E33/><V2/><F2/><W49/><G49/><T9/><D9/><U51/><E110/><V6/><F14/><W135/><G135/><T125/><D125/><N who="1" m="47627" /><E130/><V79/><F8/><W107/><G107/><T16/><D30/><U55/><E50/><V52/><F25/><W40/><G40/><T71/><REACH who="0" step="1"/><D45/><REACH who="0" ten="198,287,235,260" step="2"/><U78/><E119/><V115/><F115/><W22/><G22/><T132/><D132/><U35/><E117/><V28/><F28/><W36/><G36/><T10/><D10/><U128/><E35/><V26/><F7/><W80/><G80/><AGARI ba="0,2" hai="16,20,27,53,59,62,63,66,71,80,83,87,89,95" machi="80" ten="40,12000,1" yaku="1,1,52,1,54,1,53,1" doraHai="84" doraHaiUra="54" who="0" fromWho="3" sc="198,140,287,0,235,0,260,-120" owari="338,43.8,287,8.7,235,-16.5,140,-36.0" /></mjloggm>