<mjloggm ver="2.3"><GO type="225" lobby="0"/><UN n0="%4C%4F%4C%49%54%41" n1="%E3%83%96%E3%83%83%E3%83%91%E3%82%AA%E3%83%96%E3%83%81%E3%82%AD%E3%83%B3" n2="%E6%A1%9C%E8%8A%B1%E9%96%83%E3%80%85" n3="%E5%B6%BA%E4%B8%8A%E5%92%B2" dan="16,16,16,16" rate="2124.45,2178.43,2182.28,2116.07" sx="F,M,M,F"/><TAIKYOKU oya="0"/><INIT seed="0,0,0,5,5,73" ten="250,250,250,250" oya="0" hai0="132,35,16,114,39,90,110,127,31,123,111,91,119" hai1="112,18,11,60,5,83,117,48,61,59,67,3,33" hai2="77,72,118,133,87,24,34,7,15,95,102,19,62" hai3="49,38,76,4,103,30,135,43,71,25,22,99,129"/><T68/><RYUUKYOKU type="yao9" ba="0,0" sc="250,0,250,0,250,0,250,0" hai0="16,31,35,39,68,90,91,110,111,114,119,123,127,132" /><INIT seed="0,1,0,5,3,18" ten="250,250,250,250" oya="0" hai0="70,99,51,117,0,20,60,71,118,47,4,55,82" hai1="98,74,22,104,3,62,15,52,92,9,26,32,107" hai2="19,48,116,69,109,83,100,134,5,121,132,27,44" hai3="65,37,28,108,24,33,79,36,30,75,87,124,29"/><T113/><D113/><U63/><E74/><V88/><F121/><W23/><G108/><T89/><D0/><U8/><E32/><V61/><F109/><W57/><G124/><T94/><D4/><U131/><E131/><V85/><F116/><W122/><G122/><T110/><D110/><U56/><E3/><V125/><F5/><W12/><G75/><T34/><D34/><U130/><E130/><V17/><F100/><W58/><G36/><T67/><D71/><U64/><E104/><V1/><F1/><W10/><G37/><T102/><D82/><U41/><E107/><V16/><F125/><W111/><G111/><T101/><D102/><U31/><E41/><V119/><F119/><W127/><G127/><T6/><D6/><U80/><E80/><V81/><F81/><N who="3" m="47551" /><G33/><T68/><D68/><U77/><E15/><V25/><F61/><N who="3" m="38063" /><G58/><T35/><D35/><U115/><E77/><V7/><F7/><AGARI ba="1,0" hai="7,10,12,23,24,28,29,30" m="38063,47551" machi="7" ten="30,2000,0" yaku="8,1,52,1" doraHai="18" who="3" fromWho="2" sc="250,0,250,0,250,-23,250,23" /><INIT seed="1,0,0,2,0,134" ten="250,250,227,273" oya="1" hai0="13,46,85,109,50,119,15,106,19,42,53,79,49" hai1="72,0,89,69,24,60,10,80,107,120,74,29,18" hai2="5,20,114,28,108,125,67,104,56,93,127,124,25" hai3="44,68,97,94,2,61,63,48,22,117,64,21,27"/><U58/><E120/><V11/><F108/><W81/><G2/><T77/><D106/><U55/><E107/><V84/><F104/><W32/><G117/><T91/><D109/><U37/><E37/><V99/><F114/><W52/><G81/><T51/><D119/><U14/><E69/><V23/><F84/><W123/><G123/><T39/><D13/><U110/><E110/><V12/><F56/><W6/><G6/><T133/><D133/><U83/><E0/><V66/><F23/><W116/><G116/><T3/><D53/><U65/><E65/><V17/><F5/><W75/><G75/><T45/><D45/><U129/><E129/><V135/><F135/><W71/><G32/><T122/><D3/><U92/><E72/><V43/><F43/><W7/><G7/><T100/><D100/><AGARI ba="0,0" hai="11,12,17,20,25,28,66,67,93,99,100,124,125,127" machi="100" ten="40,8000,1" yaku="18,1,52,3" doraHai="134" who="2" fromWho="0" sc="250,-80,250,0,227,80,273,0" /><INIT seed="2,0,0,1,3,21" ten="170,250,307,273" oya="2" hai0="93,124,85,0,107,126,18,16,117,8,12,135,80" hai1="87,69,48,35,54,101,29,27,100,68,15,43,78" hai2="44,47,52,115,96,77,99,5,36,92,106,13,24" hai3="108,46,103,70,51,25,71,111,133,49,73,128,53"/><V42/><F115/><W125/><G73/><T123/><D107/><U102/><E43/><V72/><F106/><W90/><G128/><T116/><D93/><U2/><E2/><V119/><F119/><N who="0" m="45642" /><D85/><U3/><E3/><V120/><F120/><W38/><G103/><T37/><D80/><U75/><E75/><V34/><F77/><W64/><G90/><T32/><D37/><U33/><E33/><V89/><F72/><W17/><G133/><T134/><D123/><U114/><E114/><V1/><F1/><W81/><G81/><T31/><D0/><U58/><REACH who="1" step="1"/><E15/><REACH who="1" ten="170,240,307,273" step="2"/><V7/><F13/><W50/><G125/><N who="0" m="48235" /><D18/><U79/><E79/><V57/><F42/><N who="3" m="22871" /><G17/><T130/><D130/><U62/><E62/><V66/><F36/><W104/><G50/><T65/><D65/><U127/><E127/><V26/><F66/><W97/><G64/><T113/><D113/><U112/><E112/><V132/><F52/><W91/><G53/><T40/><D40/><U4/><E4/><V55/><F5/><W9/><G51/><T94/><D94/><U83/><AGARI ba="0,1" hai="27,29,35,48,54,58,68,69,78,83,87,100,101,102" machi="83" ten="30,4000,0" yaku="1,1,0,1,52,1,53,0" doraHai="21" doraHaiUra="86" who="1" fromWho="1" sc="170,-10,240,50,307,-20,273,-10" /><INIT seed="3,0,0,4,0,9" ten="160,290,287,263" oya="3" hai0="107,34,75,44,10,40,88,68,95,31,32,70,66" hai1="109,59,37,22,105,77,5,128,43,94,27,113,62" hai2="84,126,23,92,7,49,74,122,50,78,101,0,110" hai3="117,48,53,115,72,69,16,89,93,71,97,54,80"/><W76/><G115/><T29/><D107/><U96/><E113/><V15/><F0/><W24/><G117/><T81/><D31/><U14/><E105/><V90/><F110/><W103/><G54/><T57/><D57/><U134/><E109/><V45/><F126/><W60/><G103/><T46/><D46/><U86/><E128/><V33/><F33/><W56/><G48/><T13/><D75/><U38/><E134/><V129/><F129/><W8/><G8/><T118/><D81/><N who="1" m="47407" /><E37/><V98/><F74/><W114/><G114/><T124/><D124/><U73/><E38/><V108/><F122/><W121/><G121/><T6/><D118/><U65/><E73/><V125/><F125/><W11/><G11/><T102/><D102/><N who="1" m="60695" /><E43/><V63/><F7/><W100/><G100/><T20/><D20/><AGARI ba="0,0" hai="16,20,24,53,56,60,69,71,72,76,80,89,93,97" machi="20" ten="40,7700,0" yaku="25,2,54,1" doraHai="9" who="3" fromWho="0" sc="160,-77,290,0,287,0,263,77" owari="83,-41.7,290,9.0,287,-11.3,340,44.0" /></mjloggm>