<mjloggm ver="2.3"><GO type="225" lobby="0"/><UN n0="%E3%83%81%E3%83%A7%E3%83%99%E3%83%83%E3%82%AF" n1="%E3%81%BF%E3%81%BF%E3%81%9A" n2="%E5%85%83%E3%82%AB%E3%83%8E%E7%B3%BB%E3%83%92%E3%83%AD%E3%82%A4%E3%83%B3" n3="%E8%B5%A4%E3%81%84%E8%9B%99%31%31" dan="16,18,16,16" rate="2139.57,2210.95,2207.83,2093.26" sx="M,M,M,M"/><TAIKYOKU oya="0"/><INIT seed="0,0,0,0,2,94" ten="250,250,250,250" oya="0" hai0="32,20,13,61,4,75,29,93,97,41,96,85,23" hai1="112,126,80,8,114,36,21,117,43,120,77,45,134" hai2="48,109,25,16,24,58,35,44,107,62,42,116,28" hai3="65,86,84,54,19,49,115,27,83,125,26,67,101"/><T51/><D75/><U76/><E117/><V123/><F123/><W128/><G115/><N who="1" m="44074" /><E120/><V99/><F109/><W37/><G128/><T81/><D32/><U132/><E126/><V9/><F116/><W98/><G37/><T7/><D61/><U46/><E21/><N who="0" m="8265" /><D29/><U59/><E59/><V72/><F72/><W124/><G19/><T53/><D41/><N who="1" m="22695" /><E8/><V69/><F24/><W92/><G125/><T30/><D93/><U39/><E76/><V15/><F69/><W73/><G73/><AGARI ba="0,0" hai="39,43,46,73,77,80,132,134" m="22695,44074" machi="73" ten="30,2000,0" yaku="11,1,23,1" doraHai="94" who="1" fromWho="3" sc="250,0,250,20,250,0,250,-20" /><INIT seed="1,0,0,4,0,12" ten="250,270,250,230" oya="1" hai0="61,26,53,121,46,71,99,29,86,25,83,104,80" hai1="41,115,79,39,48,128,7,68,37,16,120,69,96" hai2="127,28,63,62,95,64,60,65,51,73,49,18,122" hai3="8,111,36,11,24,123,3,88,114,6,107,124,58"/><U75/><E115/><V23/><F122/><W91/><G114/><T89/><D121/><U47/><E120/><V102/><F73/><W106/><G123/><T0/><D0/><U97/><E128/><V66/><F127/><W94/><G124/><T90/><D25/><U54/><E7/><V100/><F28/><W135/><G135/><T42/><D53/><U92/><E96/><N who="2" m="59423" /><F102/><W34/><G36/><T21/><D104/><U125/><E125/><V4/><F4/><W52/><G111/><T112/><D99/><U31/><E31/><V40/><F40/><W27/><G11/><T20/><D112/><U78/><E69/><V98/><F98/><W55/><G55/><T59/><D20/><U130/><E68/><V56/><F56/><W134/><G134/><T14/><D14/><AGARI ba="0,0" hai="14,18,23,49,51,60,62,63,64,65,66" m="59423" machi="14" ten="30,2000,0" yaku="8,1,52,1" doraHai="12" who="2" fromWho="0" sc="250,-20,270,0,250,20,230,0" /><INIT seed="2,0,0,1,1,95" ten="230,270,270,230" oya="2" hai0="119,59,131,118,19,107,7,75,23,97,106,18,64" hai1="55,8,16,36,123,14,116,102,28,17,1,126,127" hai2="89,82,41,113,54,35,93,51,58,103,57,4,20" hai3="3,78,26,92,25,117,45,77,0,88,24,50,98"/><V100/><F35/><W85/><G117/><N who="0" m="44555" /><D75/><U30/><E116/><V87/><F113/><W71/><G71/><T11/><D131/><U72/><E72/><V91/><F41/><W9/><G9/><T39/><D39/><U47/><E123/><V44/><F4/><W33/><G33/><T56/><D19/><U133/><E133/><V49/><F20/><W110/><G110/><T38/><D38/><U42/><E1/><V135/><F135/><W120/><G120/><T79/><D79/><U128/><E128/><V76/><F91/><W81/><REACH who="3" step="1"/><G78/><REACH who="3" ten="230,270,270,220" step="2"/><T6/><D11/><U13/><E126/><V34/><F34/><W27/><N who="3" m="6144" /><DORA hai="53" /><W10/><G10/><T122/><D122/><U70/><E70/><V111/><F111/><W31/><G31/><T114/><D114/><U86/><E127/><V124/><F124/><W63/><G63/><N who="0" m="37991" /><D6/><U94/><E28/><V115/><F115/><W105/><G105/><T73/><D7/><U83/><E30/><V5/><F5/><W15/><G15/><T80/><D107/><U112/><E112/><V121/><F121/><W62/><G62/><T109/><D109/><U12/><E17/><V40/><REACH who="2" step="1"/><F58/><REACH who="2" ten="230,270,260,220" step="2"/><W61/><G61/><T37/><D59/><U84/><E8/><V22/><F22/><W104/><G104/><T48/><D106/><U101/><E16/><V66/><F66/><W60/><G60/><T46/><D23/><U69/><E69/><V125/><F125/><W52/><AGARI ba="0,2" hai="0,3,45,50,52,77,81,85,88,92,98" m="6144" machi="52" ten="40,8000,1" yaku="1,1,0,1,52,1,54,2,53,0" doraHai="95,53" doraHaiUra="99,67" who="3" fromWho="3" sc="230,-20,270,-20,260,-40,220,100" /><INIT seed="3,0,0,5,0,35" ten="210,250,220,320" oya="3" hai0="122,75,47,57,99,64,125,95,28,31,54,25,39" hai1="5,133,135,67,126,13,88,108,134,101,65,27,100" hai2="113,80,96,116,60,73,4,44,109,130,94,103,93" hai3="89,105,10,50,18,68,132,106,36,114,16,58,70"/><W61/><G36/><T29/><D122/><U110/><E27/><V82/><F4/><W20/><G132/><T85/><D75/><U62/><E13/><V117/><F60/><W52/><G114/><T17/><D125/><U74/><E74/><V91/><F44/><W46/><G89/><T0/><D0/><U42/><E42/><V6/><F6/><W24/><G106/><T129/><D129/><U128/><E5/><V104/><F113/><W92/><G105/><T49/><D85/><U30/><E30/><V53/><F53/><W90/><G18/><T69/><D69/><U1/><E1/><V76/><F130/><W71/><G10/><T72/><D72/><U2/><E2/><V98/><F109/><N who="1" m="42089" /><E128/><V66/><F66/><N who="1" m="25097" /><E62/><V8/><F8/><W121/><G121/><T32/><D17/><U59/><E59/><V45/><F45/><W124/><G124/><T97/><D97/><U38/><E38/><V119/><F80/><W56/><G61/><N who="0" m="37935" /><D39/><U78/><E78/><V19/><F19/><W26/><G26/><T33/><D33/><U12/><E12/><V11/><F11/><W41/><G41/><T23/><D32/><U3/><E3/><V34/><F34/><W120/><G120/><T111/><D111/><U115/><E126/><V81/><F81/><W15/><G15/><T131/><D131/><U107/><E115/><V40/><F40/><W43/><G43/><T118/><D118/><U63/><E107/><AGARI ba="0,0" hai="73,76,82,91,93,94,96,98,103,104,107,116,117,119" machi="107" ten="40,5200,0" yaku="34,3" doraHai="35" who="2" fromWho="1" sc="210,0,250,-52,220,52,320,0" owari="210,-19.0,198,-30.2,272,7.2,320,42.0" /></mjloggm>