<mjloggm ver="2.3"><GO type="225" lobby="0"/><UN n0="%E3%81%95%E3%81%8D%E3%81%9F%E3%81%BE%E6%9E%97%E6%AA%8E" n1="%E7%99%BD%E5%80%89%E5%AF%9B%E4%B9%8B" n2="%6D%61%74%69%67%75%73%61" n3="%E3%83%81%E3%83%83%E3%82%BF%E3%82%BD%E3%83%BC" dan="16,16,17,16" rate="2093.80,2141.82,2097.80,2197.18" sx="M,M,M,F"/><TAIKYOKU oya="0"/><INIT seed="0,0,0,4,5,55" ten="250,250,250,250" oya="0" hai0="134,84,29,32,128,67,86,94,30,126,75,35,133" hai1="58,28,98,74,109,59,37,105,93,90,24,48,104" hai2="50,112,38,54,129,21,2,60,99,135,85,46,53" hai3="113,83,118,13,71,79,42,101,36,52,80,72,34"/><T47/><D126/><U121/><E37/><V14/><F2/><W62/><G113/><T17/><D75/><U1/><E1/><V89/><F112/><W64/><G118/><T73/><D73/><U9/><E74/><V124/><F129/><W103/><G34/><T23/><D128/><U22/><E121/><V87/><F135/><N who="0" m="51722" /><D67/><U16/><E109/><V95/><F38/><W41/><G83/><T66/><D66/><U43/><E105/><V11/><F21/><W127/><G127/><T39/><D39/><U40/><E104/><V26/><F26/><W115/><G115/><T100/><D47/><N who="1" m="25703" /><E43/><V8/><F8/><W44/><G41/><T0/><D0/><U81/><E81/><V111/><F111/><W27/><G27/><N who="0" m="14831" /><D100/><U88/><E90/><V97/><F124/><W132/><G132/><T120/><D120/><U77/><E77/><V68/><F68/><W91/><G91/><N who="0" m="53607" /><D86/><U51/><E51/><V131/><F85/><W31/><G31/><AGARI ba="0,0" hai="29,30,31,32,35" m="53607,14831,51722" machi="31" ten="30,1500,0" yaku="20,1" doraHai="55" who="0" fromWho="3" sc="250,15,250,0,250,0,250,-15" /><INIT seed="0,1,0,5,5,65" ten="265,250,250,235" oya="0" hai0="116,14,45,91,25,110,74,21,51,27,96,79,59" hai1="56,13,31,32,48,18,24,72,89,112,103,66,82" hai2="118,128,15,36,100,35,133,121,23,98,78,4,43" hai3="87,19,2,92,0,61,6,115,40,129,114,17,42"/><T12/><D116/><U55/><E112/><V30/><F78/><W122/><G129/><T5/><D74/><U53/><E103/><V62/><F121/><W120/><G61/><T106/><D79/><U37/><E37/><V119/><F133/><W81/><G92/><N who="0" m="56351" /><D106/><U135/><E135/><V99/><F35/><W73/><G73/><T44/><D110/><U8/><E72/><V58/><F43/><W131/><G131/><T134/><D134/><U126/><E126/><V33/><F33/><W3/><G6/><T80/><D80/><U88/><E66/><V76/><F36/><W63/><G63/><T101/><D101/><U60/><REACH who="1" step="1"/><E82/><REACH who="1" ten="265,240,250,235" step="2"/><V64/><F100/><W90/><G114/><T7/><D7/><U125/><E125/><V20/><F64/><W84/><G115/><T93/><D5/><U10/><E10/><V127/><F4/><W123/><G81/><T47/><D12/><U70/><E70/><V132/><F15/><W52/><G120/><T117/><D117/><U113/><E113/><V46/><F119/><W9/><G9/><T75/><D75/><U130/><E130/><V109/><F128/><W67/><G67/><T57/><D14/><U102/><E102/><V86/><F118/><W94/><G122/><T38/><D38/><U29/><E29/><V26/><F30/><W124/><G124/><T1/><D1/><U28/><E28/><V77/><F127/><W11/><G123/><T34/><D27/><U105/><E105/><V68/><F132/><W16/><G0/><T54/><D25/><U85/><E85/><N who="3" m="32842" /><G2/><T69/><D69/><RYUUKYOKU ba="1,1" sc="265,-10,240,30,250,-10,235,-10" hai1="8,13,18,24,31,32,48,53,55,56,60,88,89" /><INIT seed="1,2,1,2,3,39" ten="255,270,240,225" oya="1" hai0="36,71,21,59,101,3,8,49,5,37,10,2,43" hai1="120,35,91,81,9,131,63,11,23,113,33,47,26" hai2="25,72,16,20,6,82,127,92,79,24,13,27,90" hai3="62,89,29,34,116,64,103,38,123,84,67,4,55"/><U104/><E104/><V94/><F127/><W108/><G123/><T100/><D71/><U1/><E120/><V7/><REACH who="2" step="1"/><F94/><REACH who="2" ten="255,270,230,225" step="2"/><W12/><G116/><T83/><D101/><U118/><E118/><V77/><F77/><W130/><G103/><T18/><D100/><U60/><E81/><V19/><F19/><W73/><G89/><T80/><D80/><U68/><E131/><V46/><F46/><W122/><G130/><T88/><D88/><U22/><E91/><V70/><F70/><W74/><G122/><T87/><D83/><U96/><E47/><V132/><F132/><W75/><G108/><T48/><D18/><U42/><E68/><V121/><F121/><W57/><G73/><T53/><D5/><U99/><E113/><V117/><F117/><W124/><G74/><T31/><D31/><U65/><E99/><AGARI ba="2,2" hai="6,7,13,16,20,24,25,27,72,79,82,90,92,99" machi="99" ten="40,5200,0" yaku="1,1,54,1,53,1" doraHai="39" doraHaiUra="85" who="2" fromWho="1" sc="255,0,270,-58,230,78,225,0" /><INIT seed="2,0,0,3,1,65" ten="255,212,308,225" oya="2" hai0="5,95,31,52,96,120,93,108,87,29,79,9,133" hai1="1,59,45,86,48,81,36,68,72,27,39,32,62" hai2="8,70,78,82,102,135,51,131,105,90,50,23,7" hai3="88,103,76,55,110,40,43,18,53,15,126,123,4"/><V107/><F102/><W10/><G110/><T25/><D108/><U13/><E1/><V77/><F90/><W22/><G126/><T19/><D120/><U71/><E72/><V130/><F23/><W60/><G123/><T97/><D133/><U122/><E122/><V80/><F8/><W125/><G125/><T98/><D5/><U49/><E13/><V42/><F42/><W101/><G76/><T38/><D38/><N who="1" m="14379" /><E86/><V35/><F7/><W116/><G116/><T46/><D9/><U47/><E81/><V3/><F35/><W56/><G53/><T106/><D106/><U112/><E27/><V64/><F64/><W26/><G40/><T124/><D124/><U21/><E21/><V74/><F3/><W12/><G43/><T66/><D66/><N who="1" m="39263" /><E32/><V113/><F113/><W24/><G24/><T111/><D111/><U37/><N who="1" m="14387" /><U129/><DORA hai="104" /><E129/><V54/><F74/><W94/><G15/><T128/><D128/><U84/><E84/><AGARI ba="0,0" hai="4,10,12,18,22,26,55,56,60,84,88,94,101,103" machi="84" ten="30,3900,0" yaku="7,1,8,1,54,1" doraHai="65,104" who="3" fromWho="1" sc="255,0,212,-39,308,0,225,39" /><INIT seed="3,0,0,2,4,110" ten="255,173,308,264" oya="3" hai0="127,81,38,83,10,11,30,73,58,115,6,121,68" hai1="134,48,54,57,47,70,35,100,33,22,53,62,118" hai2="18,23,74,114,108,65,98,15,93,82,42,117,56" hai3="124,111,0,128,21,113,60,39,37,120,75,51,3"/><W130/><G120/><T92/><D121/><U76/><E134/><V104/><F114/><W46/><G75/><T12/><D68/><U131/><E118/><V91/><F117/><W87/><G111/><T17/><D38/><U89/><E131/><N who="3" m="50218" /><G124/><T103/><D127/><U44/><E70/><V122/><F122/><W96/><G96/><T43/><D73/><U88/><E76/><V4/><F104/><W125/><G125/><T80/><D30/><U64/><E100/><V31/><F4/><W45/><G60/><T97/><D43/><U132/><E132/><V116/><F42/><N who="3" m="25015" /><G46/><T63/><D115/><U135/><E135/><V13/><F98/><W102/><G102/><T77/><D77/><U24/><E35/><V109/><F74/><W55/><G55/><N who="0" m="34271" /><D6/><U28/><E33/><V20/><F116/><W36/><G113/><T107/><D107/><U67/><E67/><V79/><F65/><W106/><G106/><T95/><D95/><U52/><E47/><V84/><F93/><W99/><G99/><T90/><D103/><U59/><E59/><V8/><F109/><W19/><G87/><T7/><D7/><U34/><E34/><V49/><F56/><W32/><G32/><T94/><D94/><U26/><E26/><AGARI ba="0,0" hai="0,3,19,21,26,36,37,39" m="25015,50218" machi="26" ten="40,2000,0" yaku="19,1" doraHai="110" who="3" fromWho="1" sc="255,0,173,-20,308,0,264,20" /><INIT seed="3,1,0,0,4,76" ten="255,153,308,284" oya="3" hai0="36,72,98,57,38,96,14,111,51,4,40,42,86" hai1="26,53,133,1,107,118,18,45,27,20,106,92,28" hai2="6,132,64,114,34,49,112,82,61,130,63,70,19" hai3="108,8,59,113,41,103,52,79,12,97,117,7,135"/><W69/><G117/><T101/><D72/><U43/><E1/><V15/><F34/><W95/><G113/><T32/><D32/><U73/><E118/><V100/><F6/><W30/><G135/><T47/><D111/><U67/><E133/><V122/><F100/><W123/><G123/><T105/><D57/><U71/><E71/><V77/><F130/><W120/><G120/><T74/><D74/><U88/><E67/><V50/><F61/><N who="3" m="36071" /><G69/><T121/><D121/><U93/><E93/><V60/><F63/><W126/><G126/><T11/><D42/><U35/><E73/><V91/><F91/><W0/><G0/><T115/><D115/><U125/><E125/><V94/><F94/><W110/><G30/><T102/><REACH who="0" step="1"/><D86/><REACH who="0" ten="245,153,308,284" step="2"/><U66/><E66/><V78/><F122/><W56/><G41/><T31/><D31/><U44/><E53/><V10/><F114/><W80/><G56/><T23/><D23/><U5/><E5/><V109/><F112/><W48/><G48/><T54/><D54/><U17/><E17/><V127/><F127/><W33/><G33/><T2/><D2/><U134/><E134/><V104/><F132/><W25/><G108/><T129/><D129/><U124/><E124/><V22/><F109/><W99/><G110/><T90/><D90/><U37/><REACH who="1" step="1"/><E45/><REACH who="1" ten="245,143,308,284" step="2"/><V3/><F64/><W55/><G55/><T21/><D21/><U46/><E46/><V81/><F22/><W128/><G7/><T24/><D24/><U131/><E131/><V75/><F75/><N who="3" m="43135" /><G25/><T119/><D119/><U39/><E39/><V29/><F19/><RYUUKYOKU ba="1,2" sc="245,15,143,15,308,-15,284,-15" hai0="4,11,14,36,38,40,47,51,96,98,101,102,105" hai1="18,20,26,27,28,35,37,43,44,88,92,106,107" /><INIT seed="4,2,2,5,5,36" ten="260,158,293,269" oya="0" hai0="84,48,103,50,93,66,25,131,58,133,101,73,92" hai1="111,87,130,57,104,134,29,79,65,70,32,13,100" hai2="60,115,3,7,121,127,39,4,15,21,28,63,55" hai3="24,123,2,64,77,43,62,0,12,22,86,128,129"/><T75/><D131/><N who="3" m="50249" /><G123/><T71/><D71/><U17/><E130/><V34/><F39/><W1/><G43/><T118/><D118/><U26/><E134/><V106/><F106/><W44/><G44/><T117/><D117/><U109/><E57/><V96/><F115/><W80/><G12/><T16/><D133/><U49/><E49/><N who="0" m="19049" /><D75/><U126/><E126/><V59/><F121/><W76/><G76/><T51/><D73/><U47/><E47/><V112/><F34/><W99/><G99/><T72/><D72/><U122/><E122/><V119/><F3/><W113/><G113/><T105/><D105/><U54/><E54/><V67/><F96/><W78/><G78/><T35/><D35/><U85/><E79/><V11/><F55/><W108/><G108/><N who="1" m="41546" /><E13/><V89/><F15/><W23/><G24/><T20/><D92/><U41/><E17/><V5/><F112/><W56/><AGARI ba="2,2" hai="0,1,2,22,23,56,62,64,77,80,86" m="50249" machi="56" ten="40,1500,0" yaku="19,1" doraHai="36" who="3" fromWho="3" sc="260,-9,158,-6,293,-6,269,41" owari="251,-14.9,152,-34.8,287,8.7,310,41.0" /></mjloggm>