<mjloggm ver="2.3"><GO type="225" lobby="0"/><UN n0="%E3%81%AF%E3%82%88%E3%81%8A%E3%81%98%E3%81%95%E3%82%93" n1="%72%61%6B%33" n2="%E3%81%8B%E3%82%8F%E3%81%A1%E3%82%83%E3%82%93%35%38" n3="%E6%98%93%E5%88%A9%E8%96%A9%E4%BC%AF" dan="17,16,16,17" rate="2137.23,2097.50,2125.34,2152.07" sx="M,M,M,F"/><TAIKYOKU oya="0"/><INIT seed="0,0,0,1,5,7" ten="250,250,250,250" oya="0" hai0="83,25,104,14,66,127,12,110,9,18,47,122,10" hai1="84,78,76,90,31,11,82,23,97,13,58,128,96" hai2="118,91,37,101,56,135,16,22,28,46,57,27,8" hai3="15,107,87,40,48,117,35,121,30,43,20,36,106"/><T124/><D104/><U49/><E128/><V81/><F135/><W17/><G36/><T1/><D66/><U29/><E78/><V60/><F118/><W63/><G117/><T5/><D47/><U59/><E59/><V89/><F101/><W103/><G121/><T24/><D83/><U51/><E51/><V115/><F115/><W0/><G0/><T34/><D122/><U77/><E77/><V112/><F112/><W69/><G87/><T85/><D85/><U71/><E71/><V54/><F81/><W109/><G48/><T41/><D41/><U26/><E31/><V95/><F95/><W130/><G109/><T108/><D1/><U65/><E76/><V72/><F72/><W3/><G3/><T114/><D114/><U33/><E33/><V75/><F75/><W44/><G44/><T98/><D98/><U73/><E73/><V113/><F113/><W67/><G130/><T79/><D79/><U120/><E120/><V39/><F39/><W2/><G2/><T99/><D99/><U61/><REACH who="1" step="1"/><E49/><REACH who="1" ten="250,240,250,250" step="2"/><N who="2" m="28983" /><F37/><W68/><G68/><T93/><D34/><U116/><E116/><V6/><F28/><W100/><G30/><T88/><D110/><U52/><E52/><N who="2" m="33799" /><F57/><W4/><G35/><T102/><D108/><U125/><E125/><N who="0" m="48201" /><D102/><N who="3" m="38953" /><G43/><T70/><D70/><U21/><E21/><V92/><F92/><W105/><G40/><T62/><D62/><U133/><E133/><V111/><F111/><W55/><G55/><T132/><D132/><U38/><E38/><V74/><F74/><W123/><G123/><T64/><D64/><U129/><E129/><RYUUKYOKU ba="0,1" sc="250,0,240,0,250,0,250,0" hai0="5,9,10,12,14,18,24,25,88,93" hai1="11,13,23,26,29,58,61,65,82,84,90,96,97" hai2="6,8,16,22,27,89,91" hai3="4,15,17,20,63,67,69,105,106,107" /><INIT seed="0,1,1,1,2,54" ten="250,240,250,250" oya="0" hai0="8,72,30,71,13,95,124,87,91,10,134,14,44" hai1="80,92,135,83,36,84,102,17,7,61,121,88,104" hai2="1,9,18,0,82,34,27,123,116,109,26,16,6" hai3="96,98,45,122,77,46,119,133,100,73,113,67,57"/><T75/><D71/><U76/><E36/><V86/><F123/><W39/><G113/><T79/><D124/><U69/><E121/><V42/><F42/><W129/><G122/><T108/><D134/><U93/><E135/><V4/><F109/><W63/><G133/><T29/><D108/><U52/><E7/><N who="2" m="2603" /><F86/><W127/><G119/><T51/><D75/><U131/><E131/><V53/><F82/><W111/><G129/><T125/><D125/><U114/><E114/><V2/><F53/><W47/><G127/><T97/><D72/><U130/><E130/><V117/><F9/><N who="0" m="3690" /><D29/><U48/><E104/><V62/><F62/><W103/><G39/><T55/><D30/><U126/><E126/><V74/><F74/><W68/><G68/><T12/><D79/><U120/><E120/><V11/><F11/><W89/><G111/><T112/><D112/><U41/><E41/><V118/><F34/><W23/><G77/><T50/><D51/><U65/><E17/><AGARI ba="1,1" hai="0,1,2,16,17,18,26,27,116,117,118" m="2603" machi="17" ten="40,12000,2" yaku="28,2,12,1,34,2,54,1" doraHai="54" who="2" fromWho="1" sc="250,0,240,-123,250,133,250,0" /><INIT seed="1,0,0,0,1,23" ten="250,117,383,250" oya="1" hai0="113,98,13,68,97,9,122,45,118,31,46,110,86" hai1="59,25,107,135,19,48,73,7,87,82,108,92,44" hai2="132,40,89,101,76,124,93,5,128,130,47,134,32" hai3="72,30,60,41,55,102,14,17,58,123,28,15,0"/><U61/><E107/><V26/><F5/><W54/><G72/><T10/><D118/><U90/><E135/><N who="2" m="51755" /><F76/><W51/><G0/><T11/><D113/><U114/><E114/><V117/><F101/><W99/><G41/><T119/><D119/><U57/><E108/><V42/><F117/><W35/><G123/><T83/><D68/><U69/><E7/><V38/><F42/><W78/><G78/><T67/><D110/><U75/><E69/><V12/><F12/><W43/><G43/><T4/><D122/><U105/><E105/><V65/><F65/><W111/><G35/><T27/><D67/><U84/><E75/><V112/><F112/><W49/><G60/><T79/><D10/><U120/><E73/><V6/><F6/><W36/><G15/><T62/><D62/><U109/><E109/><V103/><F103/><W22/><G36/><T74/><D9/><U16/><E120/><V34/><F124/><W125/><G125/><T116/><D74/><U104/><E104/><V131/><F26/><W3/><G3/><T24/><D116/><U126/><E126/><V20/><F20/><W39/><G39/><T115/><D115/><U71/><E71/><V52/><F52/><W66/><G66/><T1/><D1/><U133/><E133/><V37/><F37/><W127/><G127/><T129/><D129/><N who="2" m="33026" /><V80/><DORA hai="88" /><F80/><W50/><G111/><T33/><D24/><U121/><E25/><V91/><F91/><W21/><G21/><T53/><D53/><N who="3" m="19977" /><G58/><N who="1" m="22026" /><E121/><V64/><F64/><W100/><G100/><T56/><D56/><U70/><E70/><RYUUKYOKU ba="0,0" sc="250,10,117,-30,383,10,250,10" hai0="4,11,13,27,31,33,45,46,79,83,86,97,98" hai2="32,34,38,40,47,89,93" hai3="14,17,22,28,30,49,50,51,99,102" /><INIT seed="2,1,0,4,3,12" ten="260,87,393,260" oya="2" hai0="122,115,118,74,96,56,62,133,83,121,65,49,98" hai1="132,81,22,127,120,110,33,4,104,24,73,15,60" hai2="85,123,90,82,48,111,99,46,19,11,47,108,101" hai3="77,106,109,50,61,5,38,57,53,6,135,34,14"/><V55/><F123/><W97/><G38/><T10/><D115/><U102/><E120/><V37/><F37/><W68/><G34/><T76/><D121/><U113/><E113/><V31/><F31/><W105/><G109/><T126/><D122/><U129/><E110/><V66/><F47/><W103/><G106/><T125/><D133/><U69/><E132/><V42/><F42/><W95/><G77/><T54/><D118/><U29/><E127/><N who="0" m="48649" /><D10/><U28/><E129/><V2/><F66/><W7/><G135/><T114/><D114/><U16/><E28/><V44/><F44/><AGARI ba="1,0" hai="44,49,54,56,62,65,74,76,83,96,98" m="48649" machi="44" ten="30,1000,0" yaku="18,1" doraHai="12" who="0" fromWho="2" sc="260,13,87,0,393,-13,260,0" /><INIT seed="3,0,0,3,4,80" ten="273,87,380,260" oya="3" hai0="107,3,12,70,100,9,86,59,11,68,18,128,74" hai1="122,24,33,132,42,38,115,133,62,95,76,90,101" hai2="77,45,5,110,60,97,135,119,44,87,88,65,125" hai3="78,98,8,106,51,72,96,26,28,23,108,63,48"/><W118/><G118/><T34/><D74/><U50/><E115/><V7/><F119/><W83/><G108/><T92/><D34/><U89/><E122/><V14/><F77/><W22/><G8/><T53/><D107/><U43/><E38/><V121/><F97/><W84/><G72/><T25/><D128/><U66/><E76/><V123/><F110/><W10/><G10/><T69/><D25/><U30/><E101/><V15/><F125/><W103/><G98/><T0/><D9/><U116/><E116/><V129/><F129/><W114/><G114/><T124/><D124/><U54/><E132/><V40/><F15/><W35/><G63/><T75/><D75/><U57/><E133/><V49/><F44/><W47/><REACH who="3" step="1"/><G51/><REACH who="3" ten="273,87,380,250" step="2"/><T29/><D11/><U81/><E81/><N who="2" m="49263" /><F135/><W19/><G19/><T105/><D18/><U17/><E17/><V73/><F73/><W64/><G64/><T36/><D36/><U112/><E112/><V82/><F82/><W99/><G99/><T67/><D67/><U61/><E61/><V111/><F111/><W55/><AGARI ba="0,1" hai="22,23,26,28,35,47,48,55,78,83,84,96,103,106" machi="55" ten="20,18000,2" yaku="1,1,0,1,7,1,52,1,53,2" doraHai="80" doraHaiUra="16" who="3" fromWho="3" sc="273,-60,87,-60,380,-60,250,190" owari="213,-18.7,27,-47.3,320,12.0,440,54.0" /></mjloggm>