<mjloggm ver="2.3"><GO type="225" lobby="0"/><UN n0="%4C%4F%4C%49%54%41" n1="%E3%81%A0%E3%81%8A" n2="%E3%81%BF%E3%81%BF%E3%81%9A" n3="%E3%83%94%E3%83%B3%E3%82%B5%E3%83%AD%E5%BA%97%E5%93%A1" dan="16,17,17,16" rate="2104.08,2040.77,2247.47,2186.61" sx="F,M,M,M"/><TAIKYOKU oya="0"/><INIT seed="0,0,0,1,4,135" ten="250,250,250,250" oya="0" hai0="117,9,38,123,50,82,96,118,80,33,26,39,103" hai1="116,53,75,64,121,104,65,22,71,7,4,56,81" hai2="89,86,102,57,109,124,45,17,115,63,61,28,93" hai3="68,44,34,42,87,78,21,128,47,32,46,62,119"/><T99/><D123/><U3/><E121/><V69/><F115/><W18/><G119/><T91/><D50/><U72/><E104/><V60/><F69/><W15/><G42/><T84/><D9/><U74/><E71/><V30/><F109/><W31/><G128/><T37/><D82/><U111/><E116/><V67/><F124/><W12/><G31/><N who="2" m="11817" /><F45/><W41/><G41/><T94/><D33/><U125/><E125/><V107/><F107/><W11/><G78/><T54/><D26/><U114/><E114/><V2/><F2/><W55/><G87/><T108/><D108/><U76/><E22/><V70/><F70/><W129/><G129/><T90/><REACH who="0" step="1"/><D54/><REACH who="0" ten="240,250,250,250" step="2"/><U23/><E53/><V79/><F79/><W49/><G32/><T5/><D5/><U13/><E7/><V100/><F17/><W8/><G34/><T43/><D43/><U16/><E4/><V113/><F113/><W83/><G83/><T95/><AGARI ba="0,1" hai="37,38,39,80,84,90,91,94,95,96,99,103,117,118" machi="95" ten="40,3900,0" yaku="1,1,0,1,53,0" doraHai="135" doraHaiUra="10" who="0" fromWho="0" sc="240,49,250,-13,250,-13,250,-13" /><INIT seed="0,1,0,1,1,71" ten="289,237,237,237" oya="0" hai0="124,57,88,68,80,67,70,47,15,118,130,99,119" hai1="7,0,51,10,22,133,85,11,8,12,89,19,61" hai2="127,109,18,52,34,40,2,125,92,91,75,3,44" hai3="87,13,110,102,4,17,27,122,106,76,98,81,77"/><T46/><D124/><N who="2" m="47690" /><F109/><W121/><G110/><T21/><D130/><U108/><E108/><V100/><F75/><W82/><G27/><T39/><D57/><U107/><E107/><V134/><F134/><W116/><G4/><T43/><D47/><U112/><E133/><V26/><F100/><W56/><G56/><T42/><D42/><U111/><E112/><V96/><F52/><W55/><G55/><T37/><D37/><U36/><E36/><N who="2" m="21511" /><F18/><W31/><G31/><AGARI ba="1,0" hai="2,3,26,31,34,91,92,96" m="21511,47690" machi="31" ten="30,2000,0" yaku="18,1,52,1" doraHai="71" who="2" fromWho="3" sc="289,0,237,0,237,23,237,-23" /><INIT seed="1,0,0,4,3,7" ten="289,237,260,214" oya="1" hai0="14,2,112,88,68,27,58,45,103,82,127,90,18" hai1="114,107,73,8,105,102,86,20,41,133,111,104,77" hai2="28,85,30,9,34,135,60,97,109,75,81,6,17" hai3="126,72,83,80,120,48,66,59,123,19,113,12,29"/><U108/><E114/><V91/><F109/><N who="1" m="42057" /><E41/><V31/><F135/><W51/><G113/><T25/><D68/><U62/><E133/><V39/><F39/><W16/><G29/><T131/><D2/><U110/><E73/><V116/><F116/><W24/><G126/><T106/><D112/><U67/><E20/><V134/><F134/><W3/><G3/><T23/><D131/><U78/><N who="1" m="42065" /><U100/><DORA hai="125" /><E8/><V122/><F122/><W65/><G59/><T43/><D58/><N who="1" m="37335" /><E78/><V54/><F75/><W76/><G72/><T13/><D23/><U128/><E128/><V36/><F36/><W130/><G76/><T57/><D43/><U69/><E69/><V96/><F34/><W53/><G12/><T95/><D13/><U87/><E77/><V44/><F17/><W74/><G74/><T10/><D18/><U118/><E118/><V50/><REACH who="2" step="1"/><F60/><REACH who="2" ten="289,237,250,214" step="2"/><W79/><G79/><T101/><D127/><U63/><E63/><V4/><F4/><W64/><G130/><T5/><D5/><U92/><E86/><V99/><F99/><W129/><G129/><T56/><D10/><U46/><E46/><V11/><F11/><W61/><G61/><T1/><D45/><U98/><E98/><V0/><AGARI ba="0,1" hai="0,6,9,28,30,31,44,50,54,81,85,91,96,97" machi="0" ten="30,4000,0" yaku="1,1,0,1,52,1,53,0" doraHai="7,125" doraHaiUra="117,15" who="2" fromWho="2" sc="289,-10,237,-20,250,50,214,-10" /><INIT seed="2,0,0,0,3,38" ten="279,217,300,204" oya="2" hai0="31,1,131,62,86,118,91,100,95,2,23,92,135" hai1="64,72,48,117,83,76,101,129,53,61,14,65,97" hai2="108,77,128,19,127,52,96,4,57,20,51,123,40" hai3="16,98,50,75,124,21,94,44,10,15,37,113,73"/><V133/><F123/><W79/><G37/><T93/><D131/><U85/><E117/><V59/><F128/><W0/><G124/><T103/><D135/><U26/><E129/><V49/><F133/><W126/><G126/><T116/><D2/><U134/><E134/><V45/><F127/><W99/><G113/><T43/><D1/><U18/><E72/><V78/><F108/><W8/><G99/><T24/><D43/><U46/><E26/><N who="2" m="14623" /><F4/><W68/><G68/><T13/><D62/><U27/><E27/><V80/><F80/><W132/><G132/><T60/><D60/><U106/><REACH who="1" step="1"/><E61/><REACH who="1" ten="279,207,300,204" step="2"/><N who="2" m="36007" /><F96/><W84/><G75/><T122/><D118/><U71/><E71/><V121/><F121/><W69/><G73/><T22/><D116/><U33/><E33/><V125/><F125/><W81/><G69/><T42/><D122/><U7/><E7/><V67/><F67/><W102/><REACH who="3" step="1"/><G0/><REACH who="3" ten="279,207,300,194" step="2"/><T54/><D100/><U55/><E55/><AGARI ba="0,2" hai="40,45,49,51,55,59,77,78" m="36007,14623" machi="55" ten="30,5800,0" yaku="8,1,52,1,54,1" doraHai="38" who="2" fromWho="1" sc="279,0,207,-58,300,78,194,0" /><AGARI ba="0,0" hai="8,10,15,16,21,44,50,55,79,81,84,94,98,102" machi="55" ten="30,8000,1" yaku="1,1,2,1,7,1,8,1,54,1,53,0" doraHai="38" doraHaiUra="63" who="3" fromWho="1" sc="279,0,149,-80,378,0,194,80" /><INIT seed="2,1,0,3,4,65" ten="279,69,378,274" oya="2" hai0="10,130,77,75,60,102,50,44,106,83,27,133,46" hai1="23,87,71,121,21,13,43,91,97,120,98,57,88" hai2="64,41,135,8,80,95,90,9,123,104,114,22,93" hai3="113,33,56,37,30,28,118,117,36,134,67,6,40"/><V101/><F114/><W55/><G6/><T51/><D130/><U85/><E43/><V47/><F123/><N who="1" m="47177" /><E57/><V19/><F135/><W112/><G33/><T32/><D133/><U129/><E129/><V62/><F104/><W81/><G81/><T116/><D116/><N who="3" m="44649" /><G134/><T39/><D39/><N who="3" m="14921" /><G40/><T119/><D119/><U108/><E108/><V54/><F54/><W103/><G103/><T70/><D10/><U74/><E74/><V111/><F111/><W100/><G100/><T78/><D78/><U26/><E13/><V42/><F101/><W126/><G67/><N who="0" m="41319" /><D46/><U34/><E34/><V15/><F80/><W20/><G20/><N who="1" m="7754" /><E26/><V132/><F132/><W82/><G82/><T7/><D44/><U68/><E87/><V127/><F95/><W3/><G3/><T0/><D0/><U2/><E2/><V110/><F110/><W38/><G38/><T66/><D66/><U31/><E31/><V105/><F41/><W115/><G126/><T58/><D75/><U29/><E29/><V59/><F127/><W35/><G35/><T53/><D32/><U18/><E18/><V125/><F125/><W76/><G76/><T4/><D27/><U92/><E98/><N who="2" m="57655" /><F105/><W24/><G24/><T131/><D131/><U96/><E97/><V12/><F15/><W14/><G14/><T107/><D107/><U16/><E16/><V79/><F79/><W124/><G124/><T86/><D106/><U48/><E48/><AGARI ba="1,0" hai="8,9,12,19,22,42,47,48,59,62,64" m="57655" machi="48" ten="30,1500,0" yaku="8,1" doraHai="65" who="2" fromWho="1" sc="279,0,69,-18,378,18,274,0" /><AGARI ba="1,0" hai="28,30,48,55,56,112,113,115" m="14921,44649" machi="48" ten="40,1300,0" yaku="11,1" doraHai="65" who="3" fromWho="1" sc="279,0,51,-13,396,0,274,13" /><INIT seed="2,2,0,3,1,47" ten="279,38,396,287" oya="2" hai0="128,91,109,8,61,112,82,108,42,0,84,126,59" hai1="65,83,117,104,25,63,103,24,125,12,16,123,2" hai2="4,105,54,39,17,115,110,102,15,132,78,53,74" hai3="7,99,18,114,77,1,79,76,46,88,41,28,3"/><V30/><F115/><W106/><G114/><T37/><D126/><U32/><E117/><V45/><F4/><W62/><G28/><T51/><D112/><U131/><E2/><V130/><F30/><W56/><G18/><T49/><D128/><U118/><E118/><V120/><F120/><W55/><G7/><N who="0" m="1127" /><D42/><U14/><E123/><V122/><F130/><W66/><G66/><N who="0" m="39231" /><D37/><U96/><E125/><V70/><F132/><W27/><G27/><T52/><D52/><U68/><E131/><V64/><F110/><AGARI ba="2,0" hai="49,51,82,84,91,108,109,110" m="39231,1127" machi="110" ten="30,3900,0" yaku="14,1,52,2" doraHai="47" who="0" fromWho="2" sc="279,45,38,0,396,-45,287,0" /><INIT seed="3,0,0,4,0,11" ten="324,38,351,287" oya="3" hai0="17,82,32,133,122,96,30,72,25,39,124,79,70" hai1="103,43,95,23,9,51,60,102,44,99,126,54,35" hai2="97,59,61,48,6,49,68,121,21,1,114,81,88" hai3="132,123,125,41,115,5,87,73,36,65,0,85,116"/><W110/><RYUUKYOKU type="yao9" ba="0,0" sc="324,0,38,0,351,0,287,0" hai3="0,5,36,41,65,73,85,87,110,115,116,123,125,132" /><INIT seed="3,1,0,2,2,130" ten="324,38,351,287" oya="3" hai0="7,38,26,19,25,44,28,55,96,113,85,34,91" hai1="102,98,74,93,31,118,81,20,45,111,125,89,129" hai2="82,63,4,16,18,86,97,83,24,104,107,65,128" hai3="87,135,112,39,73,90,15,119,35,109,126,131,8"/><W121/><RYUUKYOKU type="yao9" ba="1,0" sc="324,0,38,0,351,0,287,0" hai3="8,15,35,39,73,87,90,109,112,119,121,126,131,135" /><INIT seed="3,2,0,4,1,85" ten="324,38,351,287" oya="3" hai0="79,74,57,28,99,18,123,107,83,14,32,0,58" hai1="75,34,84,22,2,109,77,108,97,23,100,25,44" hai2="81,114,51,36,13,115,111,8,60,7,1,94,104" hai3="19,90,41,92,68,135,24,78,88,21,11,95,49"/><W126/><G68/><T12/><D123/><U5/><E84/><V133/><F104/><W17/><G135/><T129/><D0/><U128/><E25/><V30/><F36/><W89/><G126/><T42/><D129/><U132/><E2/><V98/><F133/><W43/><G78/><T120/><D120/><U122/><E132/><V70/><F30/><W61/><G61/><T134/><D134/><U48/><E122/><V62/><F111/><W27/><G49/><T6/><D42/><N who="3" m="15881" /><G11/><T33/><D6/><U124/><E5/><V53/><F1/><W54/><G54/><T119/><D119/><U86/><E86/><V66/><F81/><W103/><G103/><T116/><D116/><U3/><E3/><V50/><F60/><W52/><G52/><T10/><D14/><U56/><E100/><V127/><F127/><W118/><G118/><T45/><D45/><U64/><E44/><V35/><F35/><W73/><G73/><T121/><D121/><U16/><E34/><V40/><F40/><W46/><G46/><T93/><D107/><U59/><E124/><V47/><F50/><W125/><G125/><T15/><D15/><U55/><E55/><V20/><F20/><AGARI ba="2,0" hai="17,19,20,21,24,27,88,89,90,92,95" m="15881" machi="20" ten="30,12000,1" yaku="8,1,52,3,54,1" doraHai="85" who="3" fromWho="2" sc="324,0,38,0,351,-126,287,126" owari="324,12.4,38,-46.2,225,-17.5,413,51.3" /></mjloggm>