<mjloggm ver="2.3"><GO type="225" lobby="0"/><UN n0="%65%76%69%61%6E%36%31%39" n1="%E5%91%A8%E6%9D%B1" n2="%E4%B8%89%E5%88%86%E5%B0%8F%E5%83%A7" n3="%E3%80%90%E8%92%BC%E7%90%89%E3%80%91" dan="16,17,16,16" rate="2110.81,2198.35,2057.07,2142.45" sx="M,M,M,F"/><TAIKYOKU oya="0"/><INIT seed="0,0,0,4,0,37" ten="250,250,250,250" oya="0" hai0="12,128,113,117,29,51,95,0,16,81,39,134,100" hai1="68,135,3,118,48,99,8,1,41,101,64,21,76" hai2="85,9,73,52,132,133,6,53,59,18,35,28,20" hai3="31,4,112,127,55,126,47,106,110,122,19,108,40"/><T11/><D117/><U103/><E118/><V44/><F73/><W102/><G112/><T46/><D113/><U119/><E119/><V38/><F28/><W75/><G75/><T67/><D39/><U97/><E76/><V56/><F35/><W71/><G71/><T25/><D67/><U129/><E129/><V98/><F85/><W90/><G122/><T94/><D81/><U69/><E21/><V42/><F98/><N who="3" m="61783" /><G55/><T50/><D50/><U77/><E77/><V87/><F87/><W93/><G4/><T32/><D134/><N who="2" m="51818" /><F59/><W61/><G61/><T84/><D84/><U120/><E135/><V89/><F89/><W78/><G19/><T2/><D128/><U124/><E99/><V33/><F33/><W26/><G78/><T49/><D49/><U70/><E70/><V131/><F56/><W23/><G93/><T123/><D123/><U91/><E69/><V72/><F72/><W130/><G90/><T109/><D94/><U66/><E91/><V104/><F104/><W111/><G130/><T17/><D17/><U34/><E68/><V27/><F131/><W15/><G15/><AGARI ba="0,0" hai="6,9,15,18,20,27,38,42,44,52,53" m="51818" machi="15" ten="30,3900,0" yaku="20,1,52,1,54,1" doraHai="37" who="2" fromWho="3" sc="250,0,250,0,250,39,250,-39" /><INIT seed="1,0,0,0,4,115" ten="250,250,289,211" oya="1" hai0="63,42,102,67,129,113,40,135,78,62,36,88,104" hai1="77,39,134,60,38,101,6,108,32,90,20,83,131" hai2="48,58,16,118,116,127,41,132,65,24,11,106,21" hai3="117,57,3,103,123,64,96,133,56,23,27,80,75"/><U13/><E32/><V61/><F106/><W9/><G123/><T46/><D78/><U98/><E131/><V73/><F73/><W86/><G75/><T85/><D42/><U89/><E134/><V122/><F122/><W26/><G133/><T54/><D113/><U2/><E2/><V121/><F121/><W81/><G117/><T52/><D129/><U120/><E120/><V10/><F132/><W29/><G27/><T25/><D25/><U91/><E108/><V126/><F41/><W50/><G50/><T7/><D7/><U93/><E60/><V95/><F95/><W8/><G3/><T45/><D135/><U35/><E35/><V17/><F48/><W109/><G109/><T30/><D30/><U114/><E114/><V14/><REACH who="2" step="1"/><F10/><REACH who="2" ten="250,250,279,211" step="2"/><W18/><G8/><T99/><D40/><U87/><E39/><V68/><F68/><W70/><G9/><T47/><D36/><U82/><E38/><V59/><F59/><W119/><G56/><T97/><D63/><U1/><E1/><V105/><F105/><W37/><G70/><T79/><D62/><U34/><E34/><V72/><F72/><W66/><G37/><T15/><D104/><U4/><REACH who="1" step="1"/><E83/><REACH who="1" ten="250,240,279,211" step="2"/><V43/><F43/><W74/><G80/><T12/><D47/><U107/><E107/><V71/><F71/><W92/><G81/><T69/><D46/><U110/><E110/><V111/><F111/><W22/><G92/><T55/><D45/><U5/><E5/><V53/><F53/><W124/><G57/><T33/><D69/><U130/><E130/><V100/><F100/><RYUUKYOKU ba="0,2" sc="250,-15,240,15,279,15,211,-15" hai1="4,6,13,20,77,82,87,89,90,91,93,98,101" hai2="11,14,16,17,21,24,58,61,65,116,118,126,127" /><INIT seed="1,1,2,1,0,130" ten="235,255,294,196" oya="1" hai0="40,10,76,117,112,43,87,111,108,96,44,120,135" hai1="122,109,119,93,42,26,8,28,32,62,129,39,25" hai2="30,86,106,37,59,107,85,133,72,121,90,46,78" hai3="74,79,49,71,83,73,60,64,29,91,0,69,18"/><U100/><E122/><V34/><F121/><W134/><G0/><T7/><D117/><U9/><E119/><V81/><F133/><W47/><G134/><T114/><D135/><U1/><E129/><V67/><F72/><W131/><G131/><T58/><D58/><U2/><E62/><V75/><F75/><W61/><G29/><T116/><D116/><U118/><E93/><V16/><F34/><W19/><G73/><T13/><D96/><U20/><E100/><V17/><F30/><W65/><REACH who="3" step="1"/><G91/><REACH who="3" ten="235,255,294,186" step="2"/><T101/><D120/><U92/><E118/><V22/><F17/><W41/><AGARI ba="1,3" hai="18,19,41,47,49,60,61,64,65,69,71,74,79,83" machi="41" ten="20,12000,2" yaku="1,1,2,1,0,1,7,1,9,1,53,1" doraHai="130" doraHaiUra="77" who="3" fromWho="3" sc="235,-31,255,-61,294,-31,186,153" /><INIT seed="2,0,0,0,3,124" ten="204,194,263,339" oya="2" hai0="19,7,41,98,96,135,121,38,94,76,11,36,23" hai1="127,60,40,107,48,110,131,113,84,118,34,95,63" hai2="18,102,56,26,75,125,104,105,55,129,77,51,74" hai3="111,126,64,16,114,128,37,33,101,122,62,8,120"/><V80/><F125/><W99/><G33/><T22/><D121/><U91/><E127/><V73/><F129/><W88/><G128/><T59/><D135/><U15/><E107/><V79/><F102/><W93/><G37/><T35/><D35/><U32/><E131/><V17/><F26/><W42/><G42/><T46/><D38/><U49/><E118/><V10/><F18/><W25/><G126/><T69/><D69/><U13/><E113/><V31/><F31/><W112/><G111/><T130/><D76/><U109/><E40/><V70/><F70/><W108/><G108/><N who="1" m="41578" /><E34/><V45/><F56/><N who="3" m="36935" /><G101/><T30/><D130/><U90/><E32/><V50/><F50/><N who="1" m="19561" /><E91/><V71/><F71/><W4/><G25/><T119/><D119/><U28/><E28/><V21/><F21/><W68/><G68/><T58/><D30/><U29/><E29/><V106/><REACH who="2" step="1"/><F80/><REACH who="2" ten="204,194,253,339" step="2"/><W53/><G16/><T123/><D123/><U61/><AGARI ba="0,1" hai="13,15,60,61,63,84,90,95" m="19561,41578" machi="61" ten="40,1500,0" yaku="14,1" doraHai="124" who="1" fromWho="1" sc="204,-4,194,25,253,-7,339,-4" /><INIT seed="3,0,0,0,0,73" ten="200,219,246,335" oya="3" hai0="38,30,119,45,112,75,72,109,74,34,95,37,64" hai1="7,110,50,39,24,127,61,99,27,101,41,89,133" hai2="128,20,4,118,83,58,65,42,26,94,57,47,10" hai3="36,70,23,126,90,121,107,71,106,81,66,0,115"/><W122/><G0/><T49/><D119/><U78/><E39/><V21/><F118/><W98/><G36/><T59/><D109/><U131/><E110/><V104/><F104/><W96/><G23/><T44/><D112/><U22/><E131/><V105/><F105/><W100/><G126/><T111/><D111/><U82/><E127/><V102/><F128/><W135/><G135/><T43/><D34/><U69/><E89/><V88/><F102/><W29/><G29/><T60/><D30/><U35/><E7/><V9/><F83/><W129/><G129/><T92/><REACH who="0" step="1"/><D49/><REACH who="0" ten="190,219,246,335" step="2"/><U12/><E35/><V84/><F21/><W87/><G115/><T63/><D63/><U124/><E124/><V53/><F20/><W67/><G122/><T134/><D134/><U15/><E133/><V132/><F132/><W93/><G121/><T8/><D8/><U2/><E61/><V76/><F10/><W3/><G107/><T52/><D52/><U108/><E108/><V33/><F53/><W11/><G11/><T123/><D123/><U46/><E27/><V16/><F26/><W56/><G106/><T51/><D51/><U68/><E2/><V25/><F25/><W103/><G3/><T6/><D6/><U40/><E40/><AGARI ba="0,1" hai="37,38,40,43,44,45,59,60,64,72,74,75,92,95" machi="40" ten="40,2600,0" yaku="1,1,9,1,53,0" doraHai="73" doraHaiUra="97" who="0" fromWho="1" sc="190,36,219,-26,246,0,335,0" owari="226,-17.4,193,-30.7,246,4.6,335,43.5" /></mjloggm>