<mjloggm ver="2.3"><GO type="225" lobby="0"/><UN n0="%E5%91%89%E5%AF%8C%E6%98%A5" n1="%E6%97%A5%E6%9B%9C%E6%97%A5%E3%82%88%E3%82%8A%E3%81%AE%E4%BD%BF%E8%80%85" n2="%E5%B0%8F%E9%B3%A5%E9%81%8A%E7%B7%B4%E7%84%A1%32%31%E6%AD%B3" n3="%E3%82%A2%E3%83%9E%E3%83%9D%EF%BD%9E%EF%BD%9E%E3%83%A9" dan="16,17,16,17" rate="2118.31,2210.78,2189.93,2025.99" sx="M,M,F,M"/><TAIKYOKU oya="0"/><INIT seed="0,0,0,1,2,110" ten="250,250,250,250" oya="0" hai0="74,128,115,22,66,25,119,81,61,126,68,112,59" hai1="67,5,88,0,20,8,121,28,24,51,16,80,109" hai2="84,102,118,30,37,132,44,117,49,93,79,57,45" hai3="99,63,31,133,71,77,60,131,85,101,14,90,75"/><T6/><D119/><N who="2" m="45578" /><F37/><W23/><G133/><T134/><D134/><U3/><E121/><V130/><F132/><W11/><G77/><T122/><D122/><U114/><E109/><V96/><F30/><W1/><G75/><T56/><D126/><U70/><E114/><V38/><F38/><W15/><G71/><T29/><D128/><U19/><E0/><V92/><F130/><W46/><G46/><T100/><D6/><U123/><E123/><V127/><F127/><W62/><G1/><T72/><D72/><U116/><E116/><V111/><F111/><W98/><G101/><T2/><D2/><U32/><E51/><V17/><F17/><N who="3" m="10679" /><G31/><T35/><D22/><U107/><E107/><V7/><F7/><N who="3" m="3583" /><G131/><T86/><D74/><U53/><E53/><N who="2" m="31919" /><F79/><W83/><AGARI ba="0,0" hai="60,62,63,83,85,90,98,99" m="3583,10679" machi="83" ten="30,1100,0" yaku="8,1" doraHai="110" who="3" fromWho="3" sc="250,-5,250,-3,250,-3,250,11" /><INIT seed="1,0,0,4,2,72" ten="245,247,247,261" oya="1" hai0="93,3,84,65,81,59,40,64,75,71,73,25,57" hai1="56,127,106,27,39,100,115,108,92,15,66,37,107" hai2="23,70,94,36,49,82,44,13,62,123,116,112,133" hai3="35,135,51,53,80,113,31,63,87,86,130,5,32"/><U19/><E115/><V88/><F36/><W29/><G113/><T21/><D3/><U68/><E68/><V104/><F116/><W4/><G130/><T26/><D73/><U55/><E66/><N who="0" m="25705" /><D75/><U91/><E100/><V38/><F104/><W125/><G63/><T42/><D93/><U109/><E27/><N who="0" m="10249" /><D21/><N who="1" m="11519" /><E107/><V95/><F38/><N who="1" m="14345" /><E106/><V129/><F70/><W67/><G67/><T43/><D71/><U99/><E99/><V8/><F62/><W69/><G69/><T103/><D103/><U134/><E134/><V77/><F133/><W117/><G135/><T98/><D98/><U132/><E132/><V33/><F129/><W7/><G117/><T48/><D48/><U46/><E46/><V52/><F112/><W118/><G118/><T76/><AGARI ba="0,0" hai="40,42,43,57,59,76,81,84" m="10249,25705" machi="76" ten="30,2000,0" yaku="8,1,52,1" doraHai="72" who="0" fromWho="0" sc="245,20,247,-10,247,-5,261,-5" /><INIT seed="2,0,0,4,5,128" ten="265,237,242,256" oya="2" hai0="95,130,131,71,123,22,91,67,70,132,121,134,63" hai1="76,118,83,28,8,4,103,57,53,59,66,39,115" hai2="102,93,15,90,14,125,37,75,111,51,48,129,38" hai3="61,11,55,114,10,69,34,31,116,65,58,92,99"/><V27/><F129/><N who="0" m="49162" /><D22/><U105/><E115/><V87/><F125/><W79/><G116/><T104/><D104/><U64/><E39/><V96/><F75/><W49/><G79/><T120/><D71/><U73/><E118/><V77/><F111/><W18/><G114/><T1/><D1/><U32/><E32/><V41/><F77/><W133/><G133/><N who="0" m="51307" /><D123/><U13/><E28/><V56/><F27/><W108/><G108/><T110/><D110/><U40/><E40/><V7/><F48/><W122/><G31/><T98/><AGARI ba="0,0" hai="63,67,70,91,95,98,120,121" m="51307,49162" machi="98" ten="30,8000,1" yaku="19,1,20,1,52,3" doraHai="128" who="0" fromWho="0" sc="265,80,237,-20,242,-40,256,-20" /><INIT seed="3,0,0,4,1,54" ten="345,217,202,236" oya="3" hai0="36,79,88,32,64,29,110,10,68,13,105,43,127" hai1="46,5,55,44,103,2,39,108,45,47,37,128,23" hai2="91,25,27,78,87,1,122,31,19,111,8,9,97" hai3="57,95,124,90,129,12,7,114,48,35,49,40,104"/><W6/><G104/><T59/><D105/><U18/><E108/><V135/><F111/><W42/><G35/><T102/><D110/><U16/><E128/><V38/><F38/><W106/><G106/><T100/><D127/><U132/><E132/><V21/><F135/><W86/><G114/><T74/><D32/><U41/><E103/><V30/><F122/><W67/><G129/><T109/><D109/><U72/><E72/><V82/><F1/><W80/><G49/><T116/><D116/><U123/><E123/><V125/><F125/><W112/><G112/><T61/><D29/><U77/><E77/><V98/><F19/><W118/><G118/><T33/><D33/><U52/><E37/><V60/><F60/><N who="3" m="38287" /><G124/><T71/><D71/><U14/><REACH who="1" step="1"/><E18/><REACH who="1" ten="345,207,202,236" step="2"/><V53/><F53/><W15/><G42/><T131/><D74/><U85/><E85/><V26/><F31/><W99/><G40/><T58/><D100/><U4/><E4/><V107/><F107/><W75/><G75/><T133/><D102/><U34/><E34/><V50/><F50/><W117/><G48/><T83/><D79/><U134/><E134/><V65/><F65/><W22/><G117/><T24/><D131/><U69/><E69/><V92/><F98/><W56/><G6/><T0/><D43/><U62/><E62/><V113/><F113/><W63/><G7/><T84/><D61/><U76/><E76/><V101/><F101/><W94/><G99/><T51/><D68/><U81/><E81/><V119/><F119/><W89/><G80/><N who="0" m="49159" /><D133/><U115/><E115/><V121/><F121/><RYUUKYOKU ba="0,1" sc="345,-15,207,15,202,15,236,-15" hai1="2,5,14,16,23,39,41,44,45,46,47,52,55" hai2="8,9,21,25,26,27,30,78,82,87,91,92,97" owari="340,44.0,222,2.2,217,-28.3,221,-17.9" /></mjloggm>