<mjloggm ver="2.3"><GO type="225" lobby="0"/><UN n0="%6E%69%63%6F%6E%74%6F" n1="%E3%81%BF%E3%81%BF%E3%81%9A" n2="%E3%81%A9%E3%82%93%E3%82%88%E3%81%8F%4D%6B%2E%32" n3="%E3%81%95%E3%81%8D%E3%81%9F%E3%81%BE%E6%9E%97%E6%AA%8E" dan="16,17,16,16" rate="2120.33,2262.63,2143.31,2132.66" sx="M,M,M,M"/><TAIKYOKU oya="0"/><INIT seed="0,0,0,5,2,76" ten="250,250,250,250" oya="0" hai0="38,4,84,114,50,97,8,1,5,42,104,71,14" hai1="130,37,40,30,47,64,70,53,100,25,105,49,52" hai2="36,6,81,131,20,13,39,0,61,96,92,108,123" hai3="78,126,11,134,60,99,88,74,35,28,66,122,125"/><T59/><D114/><U113/><E130/><V124/><F123/><W95/><G134/><T21/><D71/><U45/><E113/><V51/><F131/><W118/><G118/><T90/><D38/><U43/><E100/><V79/><F124/><N who="3" m="47723" /><G122/><T57/><D104/><U94/><E94/><V85/><F108/><W135/><G135/><T120/><D120/><U133/><E105/><V10/><F61/><W29/><G11/><T107/><D107/><U15/><E15/><V112/><F112/><W93/><G93/><T106/><D106/><U26/><E133/><V9/><F20/><W72/><G35/><T17/><D97/><U91/><E91/><V41/><F51/><W128/><G128/><T111/><D5/><U3/><E3/><V27/><F27/><W62/><G62/><T18/><D18/><U24/><E30/><N who="3" m="11882" /><G78/><T46/><REACH who="0" step="1"/><D111/><REACH who="0" ten="240,250,250,250" step="2"/><U65/><REACH who="1" step="1"/><E70/><AGARI ba="0,1" hai="60,66,70,72,74,88,95,99" m="11882,47723" machi="70" ten="30,2000,0" yaku="18,1,54,1" doraHai="76" who="3" fromWho="1" sc="240,0,250,-20,250,0,250,30" /><INIT seed="1,0,0,4,0,74" ten="240,230,250,280" oya="1" hai0="118,85,54,117,47,19,132,21,119,69,81,72,52" hai1="2,97,91,83,129,29,101,79,109,40,15,96,77" hai2="53,75,126,64,6,30,57,20,73,13,124,12,46" hai3="41,84,50,35,61,110,59,111,42,33,122,7,86"/><U121/><E121/><V27/><F64/><W55/><G122/><T105/><D105/><U67/><E2/><V43/><F6/><W58/><G7/><T106/><D106/><U16/><E129/><V133/><F133/><W48/><REACH who="3" step="1"/><G61/><REACH who="3" ten="240,230,250,270" step="2"/><T14/><D132/><U125/><E125/><N who="2" m="48235" /><F75/><W93/><G93/><T76/><D69/><U1/><E1/><V78/><F73/><W80/><G80/><T51/><REACH who="0" step="1"/><D72/><REACH who="0" ten="230,230,250,270" step="2"/><U38/><E109/><V112/><F112/><W32/><G32/><T45/><D45/><U44/><E44/><V99/><F46/><W10/><G10/><T60/><D60/><U120/><E120/><V87/><F57/><W123/><G123/><T102/><D102/><U56/><E101/><V9/><F9/><W71/><G71/><T127/><D127/><U128/><E56/><V82/><F43/><AGARI ba="0,2" hai="14,19,21,43,47,51,52,54,76,81,85,117,118,119" machi="43" ten="40,8000,1" yaku="1,1,52,1,54,1,53,1" doraHai="74" doraHaiUra="11" who="0" fromWho="2" sc="230,100,230,0,250,-80,270,0" /><INIT seed="2,0,0,3,0,90" ten="330,230,170,270" oya="2" hai0="5,86,29,18,26,67,114,33,71,11,25,8,98" hai1="35,1,64,44,124,85,4,42,113,14,63,97,119" hai2="100,61,7,78,53,19,129,83,106,76,47,60,87" hai3="112,17,125,96,105,2,80,92,50,23,37,88,111"/><V133/><BYE who="1" /><F133/><UN n1="%E3%81%BF%E3%81%BF%E3%81%9A" /><W22/><G37/><T57/><D114/><U40/><E113/><V82/><F129/><W115/><G2/><T28/><D71/><U116/><E35/><V99/><F7/><W34/><G34/><T32/><D86/><U36/><E1/><V101/><F101/><W109/><G125/><T30/><D98/><U0/><E0/><V6/><F6/><W77/><G105/><T121/><D121/><U126/><E85/><V91/><F19/><W135/><G135/><T70/><D70/><N who="1" m="42271" /><E97/><V69/><F69/><W127/><G127/><N who="1" m="48682" /><E4/><V123/><F123/><W89/><G89/><T38/><D38/><N who="1" m="21527" /><E14/><V107/><F107/><W102/><G102/><T122/><D122/><U39/><E39/><V31/><F31/><W130/><G23/><T75/><D75/><U49/><E49/><V108/><F108/><N who="3" m="41547" /><G50/><T46/><D30/><U58/><E58/><V24/><F24/><N who="3" m="14415" /><G130/><T56/><D29/><U45/><AGARI ba="0,0" hai="36,42,45,116,119" m="21527,48682,42271" machi="45" ten="30,7900,0" yaku="18,1,23,1,34,2" doraHai="90" who="1" fromWho="1" sc="330,-20,230,79,170,-39,270,-20" /><INIT seed="3,0,0,4,1,108" ten="310,309,131,250" oya="3" hai0="58,125,123,42,15,41,94,44,54,72,36,45,24" hai1="60,111,21,110,50,83,127,103,11,51,30,99,85" hai2="119,8,69,87,26,29,7,43,23,82,18,96,134" hai3="22,74,80,76,90,3,28,32,73,27,67,93,65"/><W114/><G114/><T71/><D72/><U0/><E60/><V81/><F119/><W107/><G3/><T48/><D123/><U47/><E0/><V89/><F69/><W130/><G130/><T135/><D135/><U124/><E11/><V112/><F134/><W121/><G121/><T40/><D125/><N who="1" m="48203" /><E21/><V63/><F43/><N who="0" m="16458" /><D71/><U105/><E30/><V53/><F29/><W1/><G1/><T10/><D36/><U37/><E37/><V64/><F64/><W52/><G107/><T116/><D116/><U129/><E129/><V109/><F109/><N who="1" m="41481" /><E47/><N who="0" m="17993" /><D42/><U25/><E25/><V2/><F82/><W131/><G131/><T92/><D24/><U56/><E56/><V4/><F4/><AGARI ba="0,0" hai="4,10,15,48,54,58,92,94" m="17993,16458" machi="4" ten="30,1000,0" yaku="8,1" doraHai="108" who="0" fromWho="2" sc="310,10,309,0,131,-10,250,0" owari="320,42.0,309,10.9,121,-37.9,250,-15.0" /></mjloggm>