<mjloggm ver="2.3"><GO type="225" lobby="0"/><UN n0="%E3%83%81%E3%83%83%E3%82%BF%E3%82%BD%E3%83%BC" n1="%E6%B5%81%E3%82%8C%EF%BC%9F%53%4F%41" n2="%E3%81%93%E3%81%9F%E3%82%8D%E3%81%86%E3%81%8F%E3%82%93" n3="%E3%81%95%E3%81%8D%E3%81%9F%E3%81%BE%E6%9E%97%E6%AA%8E" dan="17,17,16,16" rate="2221.71,2208.12,2066.40,2080.09" sx="F,M,M,M"/><TAIKYOKU oya="0"/><INIT seed="0,0,0,5,4,14" ten="250,250,250,250" oya="0" hai0="61,125,82,76,56,106,44,71,30,95,69,89,32" hai1="86,109,119,15,105,54,75,121,85,48,66,31,20" hai2="102,39,62,3,115,107,132,42,113,83,10,34,88" hai3="24,60,57,117,77,29,27,16,116,51,129,80,96"/><T123/><D123/><U124/><E121/><V94/><F132/><W101/><G129/><T97/><D125/><U103/><E75/><V131/><F34/><W134/><G134/><T100/><D44/><U6/><E119/><V1/><F131/><W90/><G90/><T122/><D122/><U114/><E105/><V35/><F35/><W98/><G51/><T21/><D32/><U65/><E103/><V45/><F62/><W81/><G81/><T13/><D106/><U84/><E124/><V22/><F22/><W126/><G126/><T87/><D76/><U130/><E109/><V91/><F107/><W108/><G108/><T18/><REACH who="0" step="1"/><D30/><REACH who="0" ten="240,250,250,250" step="2"/><U52/><E130/><V19/><F113/><W110/><G29/><T53/><AGARI ba="0,1" hai="13,18,21,53,56,61,69,71,82,87,89,95,97,100" machi="53" ten="20,18000,2" yaku="1,1,2,1,0,1,7,1,52,1,53,1" doraHai="14" doraHaiUra="12" who="0" fromWho="0" sc="240,190,250,-60,250,-60,250,-60" /><INIT seed="0,1,0,1,0,67" ten="430,190,190,190" oya="0" hai0="8,47,101,83,135,25,90,109,17,37,121,130,96" hai1="31,55,14,131,77,100,85,4,126,82,62,95,30" hai2="53,115,110,73,87,10,80,16,123,76,48,112,24" hai3="72,42,41,122,74,12,54,71,108,61,92,64,44"/><T7/><D121/><U86/><E131/><V23/><F123/><W63/><G108/><T45/><D130/><U118/><E118/><V59/><F110/><W81/><G122/><T46/><D109/><U113/><E126/><V97/><F97/><W84/><G92/><T79/><D90/><N who="1" m="53711" /><E100/><V3/><F3/><W94/><G94/><T125/><D125/><U107/><E107/><V20/><F10/><W5/><G5/><T128/><D128/><U58/><E113/><V18/><REACH who="2" step="1"/><F73/><REACH who="2" ten="430,190,180,190" step="2"/><W1/><G1/><T89/><D96/><U66/><E66/><V132/><F132/><W111/><G111/><T50/><D8/><AGARI ba="1,1" hai="4,8,14,30,31,55,58,62,77,82,86" m="53711" machi="8" ten="30,1000,0" yaku="8,1" doraHai="67" who="1" fromWho="0" sc="430,-13,190,23,180,0,190,0" /><INIT seed="1,0,0,3,3,117" ten="417,213,180,190" oya="1" hai0="75,116,132,101,43,22,114,47,122,60,74,42,2" hai1="59,94,32,92,41,119,112,76,120,58,4,123,73" hai2="29,27,35,118,46,13,57,18,95,113,135,79,107" hai3="109,128,49,124,25,40,68,0,53,130,7,36,77"/><U65/><E119/><V100/><F118/><W108/><G77/><T38/><D114/><U81/><E112/><V106/><F113/><W86/><G68/><T62/><D132/><U21/><E32/><V11/><F135/><W71/><G71/><T87/><D2/><U56/><E65/><V48/><F57/><W121/><G124/><T126/><D126/><U23/><E41/><V98/><REACH who="2" step="1"/><F79/><REACH who="2" ten="417,213,170,190" step="2"/><W10/><G130/><T82/><D116/><U26/><E4/><V129/><F129/><W55/><G128/><T97/><D38/><U80/><E76/><V105/><F105/><W44/><G36/><T30/><D74/><U17/><E73/><V9/><F9/><W20/><G109/><T127/><D75/><U61/><E61/><V85/><F85/><W5/><G86/><T125/><D87/><U34/><E34/><V104/><F104/><W3/><G108/><T37/><D37/><U66/><E66/><V16/><F16/><W6/><G3/><T84/><D84/><U78/><E78/><V133/><F133/><W96/><G10/><T111/><D111/><U90/><E21/><V45/><F45/><W15/><G0/><T33/><D22/><U64/><E64/><V24/><F24/><W88/><G25/><T91/><D60/><U103/><E58/><V51/><F51/><W31/><G49/><T19/><D62/><U83/><E56/><V99/><F99/><W70/><G96/><T39/><D39/><U8/><E59/><V102/><F102/><W52/><G20/><T63/><D63/><U1/><E23/><V14/><F14/><RYUUKYOKU ba="0,1" sc="417,-10,213,-10,170,30,190,-10" hai2="11,13,18,27,29,35,46,48,95,98,100,106,107" /><INIT seed="2,1,1,3,0,10" ten="407,203,200,180" oya="2" hai0="117,70,126,52,58,118,104,24,132,113,20,60,17" hai1="93,114,69,21,71,14,92,74,98,97,4,39,29" hai2="78,120,90,102,5,84,103,12,49,130,111,2,134" hai3="22,95,51,16,62,28,108,66,1,80,54,88,37"/><V81/><F120/><W67/><G37/><T73/><D113/><U27/><E114/><V53/><F2/><W119/><G1/><T41/><D132/><U91/><E74/><V76/><F134/><W25/><G119/><N who="0" m="45579" /><D126/><U68/><E39/><V23/><F130/><W61/><G108/><T123/><D123/><U7/><REACH who="1" step="1"/><E14/><REACH who="1" ten="407,193,200,180" step="2"/><V110/><F110/><W100/><G67/><N who="0" m="41319" /><D73/><U9/><E9/><N who="2" m="4143" /><F111/><W116/><G116/><T128/><D128/><U63/><E63/><V56/><F23/><N who="3" m="15423" /><G66/><T77/><D104/><U129/><E129/><V0/><F0/><W50/><G62/><N who="0" m="36167" /><D41/><U105/><E105/><V34/><F34/><W19/><G61/><T75/><D75/><U107/><E107/><V121/><F121/><W86/><G22/><T72/><D72/><U48/><E48/><V45/><F45/><N who="3" m="27983" /><G51/><T47/><D47/><U13/><E13/><V40/><F40/><W57/><G57/><T18/><D18/><U31/><E31/><V122/><F122/><W6/><G6/><T42/><D42/><U89/><AGARI ba="1,2" hai="4,7,21,27,29,68,69,71,89,91,92,93,97,98" machi="89" ten="30,4000,0" yaku="1,1,0,1,9,1,53,0" doraHai="10" doraHaiUra="43" who="1" fromWho="1" sc="407,-11,193,63,200,-21,180,-11" /><INIT seed="3,0,0,5,5,66" ten="396,256,179,169" oya="3" hai0="92,71,67,73,123,42,72,45,62,89,16,41,27" hai1="31,48,69,47,38,33,50,68,65,128,120,80,125" hai2="56,93,103,106,36,29,115,98,60,23,32,57,132" hai3="24,86,113,1,97,96,46,84,134,79,83,64,90"/><W55/><G113/><T8/><D123/><U109/><E120/><V13/><F115/><W70/><G1/><T30/><D30/><U105/><E105/><V26/><F36/><W129/><G129/><T131/><D131/><U114/><E114/><V11/><F132/><W5/><G134/><T28/><D41/><N who="1" m="22967" /><E31/><V88/><F60/><W126/><G126/><T52/><D52/><U108/><E33/><V6/><F32/><W107/><G5/><T112/><D112/><U117/><E128/><V22/><F22/><W87/><G107/><T15/><D27/><U63/><E125/><V77/><F77/><W21/><G70/><N who="1" m="27242" /><E80/><V3/><F3/><W94/><G64/><T124/><D28/><U75/><E75/><V19/><F29/><N who="3" m="17551" /><G87/><AGARI ba="0,0" hai="6,11,13,19,23,26,56,57,87,88,93,98,103,106" machi="87" ten="30,2000,0" yaku="7,1,54,1" doraHai="66" who="2" fromWho="3" sc="396,0,256,0,179,20,169,-20" owari="396,49.6,256,5.6,199,-20.1,149,-35.1" /></mjloggm>