<mjloggm ver="2.3"><GO type="225" lobby="0"/><UN n0="%E3%82%8F%E3%81%8B%E3%81%B0%2A%E3%82%AC%E3%83%BC%E3%83%AB" n1="%E9%A6%AC%E5%BC%95%E7%81%AB%33" n2="%E3%81%8A%E3%81%AB%E3%82%83%E3%81%8A%E3%81%A1%E3%82%83" n3="%E4%BF%BA%E3%81%A8%E5%A6%96%E5%A4%A2" dan="16,16,16,16" rate="2086.07,2085.84,2084.23,2220.60" sx="M,M,M,F"/><TAIKYOKU oya="0"/><INIT seed="0,0,0,0,3,51" ten="250,250,250,250" oya="0" hai0="133,105,63,62,7,118,70,24,92,127,96,12,80" hai1="78,15,30,4,17,91,93,120,82,77,6,41,2" hai2="103,111,89,85,95,99,1,44,81,42,26,97,109" hai3="8,134,11,54,55,35,117,122,31,14,130,25,46"/><T116/><D105/><U86/><E120/><V87/><F1/><W106/><G117/><T18/><D127/><U107/><E107/><N who="2" m="63983" /><F26/><W129/><G106/><T71/><D133/><U113/><E113/><V13/><F13/><W126/><G126/><T48/><D116/><U45/><E30/><V98/><F44/><W22/><G122/><T60/><D118/><U112/><E112/><V36/><F42/><W56/><G134/><T23/><D80/><U75/><E2/><V123/><F36/><W49/><G35/><T50/><D7/><U119/><E119/><V74/><F123/><W59/><G46/><T73/><D73/><U20/><REACH who="1" step="1"/><E78/><REACH who="1" ten="250,240,250,250" step="2"/><N who="2" m="44247" /><F85/><W110/><G110/><AGARI ba="0,1" hai="87,89,95,98,99,109,110,111" m="44247,63983" machi="110" ten="30,7700,0" yaku="24,1,14,1,34,2" doraHai="51" who="2" fromWho="3" sc="250,0,240,0,250,87,250,-77" /><INIT seed="1,0,0,2,3,119" ten="250,240,337,173" oya="1" hai0="60,89,20,91,93,87,59,88,24,113,40,61,85" hai1="103,46,127,92,81,90,80,44,126,78,58,45,16" hai2="57,120,5,111,42,110,130,55,98,2,114,75,9" hai3="63,41,66,69,27,99,124,86,132,32,82,125,4"/><U123/><E123/><V18/><F120/><W54/><G132/><T84/><D113/><U131/><E131/><V56/><F75/><W30/><G41/><T129/><D129/><U7/><E7/><V122/><F130/><W28/><G28/><T13/><D40/><U115/><E115/><V107/><F122/><W108/><G108/><T70/><D70/><U33/><E33/><V17/><F114/><W101/><G54/><T73/><D73/><U12/><E103/><N who="2" m="62967" /><F42/><W39/><G4/><T3/><D3/><U37/><E37/><V67/><F67/><W97/><G39/><T53/><D13/><U83/><E58/><V116/><F116/><W21/><G21/><T100/><D100/><U10/><REACH who="1" step="1"/><E78/><REACH who="1" ten="250,230,337,173" step="2"/><V135/><F57/><W62/><G62/><N who="0" m="36207" /><D93/><U65/><E65/><V102/><F56/><W106/><REACH who="3" step="1"/><G97/><AGARI ba="0,1" hai="10,12,16,44,45,46,80,81,83,90,92,97,126,127" machi="97" ten="40,7700,0" yaku="1,1,54,1,53,1" doraHai="119" doraHaiUra="6" who="1" fromWho="3" sc="250,0,230,87,337,0,173,-77" /><INIT seed="1,1,0,0,4,39" ten="250,317,337,96" oya="1" hai0="20,6,10,53,112,67,110,89,57,35,19,68,60" hai1="24,124,32,64,82,72,30,94,11,118,71,65,73" hai2="90,97,29,81,92,4,12,43,22,16,122,102,15" hai3="79,106,96,28,37,131,75,101,51,27,40,54,46"/><U47/><E118/><V61/><F122/><W80/><G131/><T31/><D112/><U23/><E124/><V95/><F43/><W103/><G103/><T26/><D110/><U117/><E117/><V18/><F29/><W129/><G129/><T85/><D68/><U21/><E11/><V34/><F34/><W76/><G76/><T115/><D115/><U78/><E73/><V127/><F127/><W77/><G77/><T120/><D120/><U17/><E71/><V62/><F4/><W84/><G84/><T55/><D35/><U41/><E94/><V98/><F81/><W33/><G54/><T52/><D31/><U58/><E58/><V111/><F111/><W25/><G27/><T104/><D104/><U130/><E130/><V63/><F63/><W44/><G44/><T38/><D38/><U49/><REACH who="1" step="1"/><E32/><REACH who="1" ten="250,307,337,96" step="2"/><V5/><F5/><W135/><REACH who="3" step="1"/><G51/><REACH who="3" ten="250,307,337,86" step="2"/><T105/><D105/><U107/><E107/><V2/><F2/><W87/><G87/><T59/><D59/><U66/><E66/><V74/><F74/><W125/><G125/><T14/><REACH who="0" step="1"/><D67/><REACH who="0" ten="240,307,337,86" step="2"/><U48/><E48/><V69/><REACH who="2" step="1"/><F69/><REACH who="2" ten="240,307,327,86" step="2"/><RYUUKYOKU type="reach4" ba="1,4" sc="240,0,307,0,327,0,86,0" hai0="6,10,14,19,20,26,52,53,55,57,60,85,89" hai1="17,21,23,24,30,41,47,49,64,65,72,78,82" hai2="12,15,16,18,22,61,62,90,92,95,97,98,102" hai3="25,28,33,37,40,46,75,79,80,96,101,106,135" /><INIT seed="1,2,4,3,5,55" ten="240,307,327,86" oya="1" hai0="25,54,71,15,80,97,103,12,19,68,30,61,76" hai1="120,121,94,115,105,9,77,58,18,83,117,122,110" hai2="116,78,2,1,41,16,23,13,48,84,43,11,45" hai3="53,3,37,131,91,49,128,35,31,4,0,111,92"/><U85/><E115/><V28/><F116/><W56/><G37/><T32/><D19/><U79/><E117/><V52/><F1/><W90/><G111/><T20/><D20/><U130/><E105/><V107/><F107/><W36/><G36/><T57/><D71/><U127/><E110/><V66/><F66/><W39/><G39/><T93/><REACH who="0" step="1"/><D68/><REACH who="0" ten="230,307,327,86" step="2"/><U38/><E122/><V69/><F69/><W132/><G4/><T67/><D67/><U75/><E18/><N who="2" m="8511" /><F2/><N who="3" m="555" /><G132/><T47/><D47/><U129/><E121/><V102/><F28/><W86/><G31/><T34/><D34/><U21/><E21/><V62/><F102/><W82/><G35/><T119/><D119/><U134/><E134/><V63/><F41/><W65/><G65/><T40/><D40/><U24/><E120/><V106/><F43/><W114/><G114/><T22/><D22/><U96/><E129/><N who="3" m="49738" /><G91/><T135/><D135/><U125/><E130/><V118/><F118/><W27/><G27/><T113/><D113/><U64/><E24/><N who="2" m="14439" /><F106/><W98/><G82/><AGARI ba="2,5" hai="45,48,52,62,63,78,82,84" m="14439,8511" machi="82" ten="30,3900,0" yaku="8,1,54,2" doraHai="55" who="2" fromWho="3" sc="230,0,307,0,327,95,86,-45" /><INIT seed="2,0,0,1,3,29" ten="230,307,422,41" oya="2" hai0="35,14,45,49,32,87,133,13,22,19,108,105,3" hai1="11,111,1,40,57,6,18,43,103,28,46,90,17" hai2="27,119,79,8,110,25,130,47,118,54,114,86,42" hai3="60,68,75,107,7,70,131,128,15,66,30,135,101"/><V81/><F114/><W9/><G75/><T95/><D105/><U24/><E111/><V58/><F110/><W38/><G135/><T112/><D112/><U34/><E103/><V134/><F130/><N who="3" m="49707" /><G38/><T121/><D121/><U4/><E4/><V44/><F134/><W99/><G30/><T102/><D3/><U73/><E73/><V96/><F119/><W51/><G51/><T116/><D133/><U124/><E124/><V67/><F118/><W100/><G100/><T132/><D132/><U72/><E72/><V71/><F71/><AGARI ba="0,0" hai="7,9,15,60,66,68,70,71,99,101,107" m="49707" machi="71" ten="30,1000,0" yaku="19,1" doraHai="29" who="3" fromWho="2" sc="230,0,307,0,422,-10,41,10" /><INIT seed="3,0,0,1,0,43" ten="230,307,412,51" oya="3" hai0="25,87,32,101,131,16,74,10,48,125,75,89,91" hai1="65,63,80,58,0,119,126,111,114,128,122,46,50" hai2="116,22,37,110,36,19,129,82,96,17,134,127,13" hai3="5,107,18,81,71,132,86,31,41,84,76,4,109"/><W123/><G123/><T27/><D125/><U102/><E0/><V118/><F110/><W52/><G71/><T6/><D131/><U72/><E114/><V120/><F120/><W115/><G115/><T106/><D106/><U3/><E3/><V8/><F129/><W20/><G107/><T39/><D39/><U29/><E122/><V99/><F127/><W30/><G132/><T1/><D101/><U24/><E126/><V21/><F134/><W88/><G41/><T28/><D48/><U78/><E128/><V83/><F13/><W55/><G109/><T54/><D54/><N who="3" m="20521" /><G5/><T100/><D100/><U90/><E102/><V42/><F42/><W112/><G4/><T53/><D53/><U56/><E111/><V117/><F118/><W70/><G70/><T9/><D91/><U38/><E38/><V60/><F8/><W135/><G135/><T2/><D2/><U124/><E56/><V45/><F60/><W11/><G11/><T93/><D10/><U104/><E104/><V51/><F51/><W105/><G105/><T103/><D103/><U98/><E119/><V79/><F79/><W68/><G68/><T14/><D27/><U49/><E49/><V85/><F36/><W69/><G69/><T95/><D95/><N who="1" m="56695" /><E124/><V47/><F37/><W33/><G33/><T59/><D59/><U26/><E26/><V97/><F117/><W15/><G112/><T34/><D32/><N who="1" m="20519" /><E50/><V61/><F61/><W130/><G130/><T73/><D73/><U92/><E58/><V44/><F116/><W12/><G12/><T67/><D67/><U66/><E66/><RYUUKYOKU ba="0,0" sc="230,15,307,-15,412,-15,51,15" hai0="1,6,9,14,16,25,28,34,74,75,87,89,93" hai3="15,18,20,30,31,76,81,84,86,88" /><INIT seed="3,1,0,1,5,24" ten="245,292,397,66" oya="3" hai0="95,45,27,67,125,91,41,34,132,121,59,22,92" hai1="106,122,69,47,28,87,79,123,4,81,56,112,74" hai2="73,35,71,5,83,65,40,60,88,76,26,104,111" hai3="0,46,133,116,61,78,25,75,105,96,124,70,126"/><W32/><G116/><T120/><D34/><U53/><E112/><V51/><F104/><W49/><G0/><T134/><D125/><N who="3" m="48233" /><G133/><N who="0" m="51307" /><D59/><U100/><E69/><V114/><F114/><W93/><G105/><T84/><D67/><U7/><E28/><V118/><F118/><W103/><G32/><T97/><D22/><U52/><E74/><V31/><F111/><W38/><G38/><N who="0" m="21687" /><D27/><U86/><E86/><V10/><F51/><W58/><G25/><T109/><D109/><U18/><E47/><V39/><F88/><AGARI ba="1,0" hai="84,88,91,92,95,97,120,121" m="21687,51307" machi="88" ten="30,2000,0" yaku="20,1,54,1" doraHai="24" who="0" fromWho="2" sc="245,23,292,0,397,-23,66,0" owari="268,-13.2,292,9.2,374,47.4,66,-43.4" /></mjloggm>