<mjloggm ver="2.3"><GO type="225" lobby="0"/><UN n0="%E6%B7%91%E5%A5%B3%E3%81%AE%E5%97%9C%E3%81%BF" n1="%E3%80%90%E3%83%88%E3%83%AA%E3%83%A5%E3%83%95%E3%80%91" n2="%E3%83%B4%E3%83%A0%EF%BC%99%E3%81%A6" n3="%E4%BF%BA%E3%81%A8%E5%A6%96%E5%A4%A2" dan="16,16,16,16" rate="2120.90,2076.46,2163.62,2225.26" sx="M,M,M,F"/><TAIKYOKU oya="0"/><INIT seed="0,0,0,4,2,49" ten="250,250,250,250" oya="0" hai0="14,91,102,66,133,16,117,5,96,134,79,74,55" hai1="11,10,62,127,70,87,83,81,69,0,93,50,12" hai2="46,2,34,86,82,64,73,6,85,56,42,112,22" hai3="52,99,15,118,97,72,110,54,30,26,94,32,33"/><T123/><D117/><U60/><E127/><V9/><F112/><W132/><G118/><T13/><D123/><U120/><E120/><V129/><F34/><W23/><G72/><T44/><D66/><U106/><E106/><V58/><F129/><W119/><G119/><T36/><D91/><U84/><E50/><V122/><F122/><W48/><G110/><T76/><D74/><U103/><E12/><V104/><F104/><W53/><G132/><N who="0" m="50795" /><D13/><U65/><E103/><V24/><F64/><W4/><G48/><N who="0" m="29063" /><D5/><U126/><E126/><V78/><F86/><W113/><G113/><T68/><D68/><U41/><E65/><V39/><REACH who="2" step="1"/><F85/><REACH who="2" ten="250,250,240,250" step="2"/><W95/><G33/><T8/><D36/><U124/><E124/><V114/><F114/><W125/><G125/><T121/><D121/><U80/><E93/><AGARI ba="0,1" hai="8,14,16,76,79,93,96,102" m="29063,50795" machi="93" ten="30,5800,0" yaku="20,1,52,1,54,1" doraHai="49" who="0" fromWho="1" sc="250,68,250,-58,240,0,250,0" /><INIT seed="0,1,0,2,1,8" ten="318,192,240,250" oya="0" hai0="84,20,56,113,99,14,69,5,13,57,76,39,96" hai1="97,17,75,67,55,94,15,123,132,83,82,74,109" hai2="40,127,19,37,93,52,101,115,41,46,63,71,43" hai3="1,59,47,10,66,124,3,131,112,44,116,102,86"/><T29/><D113/><U81/><E123/><V108/><F115/><W103/><G112/><T125/><D69/><U9/><E109/><V135/><F108/><W130/><G116/><T128/><D39/><U6/><E67/><V11/><F127/><W80/><G124/><T133/><D125/><U50/><E6/><V38/><F135/><W28/><G28/><T45/><D128/><N who="3" m="49193" /><G59/><N who="0" m="22603" /><D133/><U65/><E65/><V25/><F25/><W78/><G66/><T22/><D45/><N who="3" m="17481" /><G10/><N who="0" m="4303" /><D29/><U104/><E132/><V126/><F126/><W98/><G103/><T33/><D33/><U70/><E70/><V53/><F43/><W16/><G16/><N who="0" m="10263" /><D22/><U111/><E111/><V49/><F41/><W61/><G61/><T134/><D134/><U32/><E32/><V27/><F38/><W117/><G117/><T35/><D35/><U89/><REACH who="1" step="1"/><E104/><AGARI ba="1,0" hai="1,3,78,80,86,98,102,104" m="17481,49193" machi="104" ten="30,1000,0" yaku="19,1" doraHai="8" who="3" fromWho="1" sc="318,0,192,-13,240,0,250,13" /><INIT seed="1,0,0,5,2,133" ten="318,179,240,263" oya="1" hai0="5,110,4,134,122,93,97,43,128,7,56,117,72" hai1="66,108,124,45,73,31,41,127,67,13,75,14,33" hai2="65,80,78,96,114,101,51,109,130,76,47,37,3" hai3="20,82,132,44,112,10,95,69,49,19,63,120,61"/><U54/><E108/><V119/><F119/><W100/><G120/><T104/><D117/><U38/><E54/><V0/><F109/><W126/><G112/><T92/><D110/><U79/><E31/><V70/><F37/><W11/><G132/><T34/><D72/><U48/><E33/><V91/><F130/><W118/><G118/><T83/><D128/><U90/><E90/><V74/><F76/><W94/><G82/><T62/><D104/><U121/><E121/><V68/><F91/><W28/><G28/><T12/><D43/><U39/><E48/><V89/><F89/><W40/><G69/><T77/><D77/><U84/><E84/><V9/><F114/><W15/><G126/><N who="1" m="48170" /><E38/><V131/><F131/><W123/><G123/><T35/><D35/><U115/><E115/><V17/><F78/><W52/><G100/><T64/><D34/><U60/><E79/><V125/><F51/><W111/><G111/><T16/><D134/><U81/><E81/><V32/><F80/><W46/><G63/><T99/><D83/><U8/><E60/><V105/><F32/><W53/><G61/><T22/><REACH who="0" step="1"/><D122/><REACH who="0" ten="308,179,240,263" step="2"/><U58/><E58/><V98/><F125/><W21/><G40/><T30/><D30/><U113/><E113/><V59/><F59/><W42/><G42/><T55/><D55/><U25/><E75/><V50/><F74/><W6/><G53/><T116/><D116/><U57/><E57/><V1/><F68/><W71/><G71/><T36/><D36/><U26/><E73/><V23/><F70/><W18/><G52/><T24/><D24/><RYUUKYOKU ba="0,1" sc="308,30,179,-10,240,-10,263,-10" hai0="4,5,7,12,16,22,56,62,64,92,93,97,99" /><INIT seed="2,1,1,5,4,110" ten="338,169,230,253" oya="2" hai0="119,53,117,95,6,67,23,28,84,129,20,41,24" hai1="70,38,135,96,101,54,69,99,22,63,88,66,124" hai2="68,128,61,34,71,76,2,43,15,13,116,105,0" hai3="127,92,89,50,90,1,78,109,5,72,44,100,39"/><V11/><F116/><W49/><G109/><T85/><D129/><U134/><E38/><V4/><F128/><W40/><G127/><T115/><D115/><U131/><E70/><V33/><F105/><W30/><G30/><T45/><D67/><U55/><E124/><V26/><F43/><W114/><G100/><T103/><D53/><U133/><E22/><V16/><F76/><W10/><G114/><T46/><D6/><U108/><E108/><V64/><F68/><W94/><G94/><T18/><D103/><U73/><E73/><V80/><F80/><N who="3" m="45127" /><G89/><T21/><D21/><U14/><E131/><V75/><F75/><W86/><AGARI ba="1,1" hai="1,5,10,39,40,44,49,50,86,90,92" m="45127" machi="86" ten="30,1100,0" yaku="25,1" doraHai="110" who="3" fromWho="3" sc="338,-4,169,-4,230,-6,253,24" /><INIT seed="3,0,0,3,5,101" ten="334,165,224,277" oya="3" hai0="33,40,82,116,111,31,19,17,2,26,64,30,5" hai1="91,69,114,125,95,10,58,29,76,18,92,97,54" hai2="50,61,135,94,45,12,38,98,119,4,65,87,110" hai3="23,84,86,39,89,102,130,128,15,106,83,132,8"/><W67/><G39/><T121/><D40/><U134/><E114/><V43/><F119/><W3/><G3/><T74/><D116/><U131/><E131/><N who="3" m="50218" /><G23/><T35/><D121/><U80/><E69/><V100/><F110/><W37/><G37/><T36/><D111/><U126/><E29/><V27/><F135/><W1/><G1/><T90/><D36/><U93/><E134/><V124/><F124/><W66/><G132/><T81/><D64/><U112/><E112/><V79/><F27/><W46/><G46/><T68/><D68/><U127/><E10/><V13/><F38/><W28/><G28/><T120/><D120/><U62/><REACH who="1" step="1"/><E18/><REACH who="1" ten="334,155,224,277" step="2"/><V109/><F109/><W22/><G8/><T0/><D30/><U49/><E49/><V71/><F4/><W88/><G22/><T16/><D31/><U122/><E122/><V78/><F71/><W118/><G118/><T113/><D5/><U123/><E123/><V47/><F50/><W32/><G32/><T44/><D113/><U96/><E96/><V105/><F98/><N who="3" m="61783" /><G15/><T72/><D33/><U25/><E25/><V55/><F12/><W57/><G57/><T56/><D56/><U9/><E9/><V51/><F13/><W103/><G103/><T99/><D35/><U133/><E133/><V41/><F100/><W48/><G48/><T60/><D26/><U117/><E117/><V11/><F51/><W77/><G89/><T107/><D90/><U115/><E115/><V52/><F11/><W34/><G34/><T14/><D14/><U104/><E104/><V73/><F41/><W85/><G88/><RYUUKYOKU ba="0,1" sc="334,-15,155,15,224,-15,277,15" hai1="54,58,62,76,80,91,92,93,95,97,125,126,127" hai3="66,67,77,83,84,85,86" /><INIT seed="3,1,1,0,4,55" ten="319,170,209,292" oya="3" hai0="66,17,6,44,89,13,3,29,114,56,11,53,92" hai1="58,34,1,124,31,65,5,21,28,27,67,71,70" hai2="23,119,101,0,100,93,63,14,83,84,131,10,129" hai3="49,109,99,37,69,128,20,76,118,52,74,91,9"/><W80/><G118/><T126/><D126/><U115/><E115/><V125/><F119/><W40/><G69/><T86/><D114/><U25/><E124/><V18/><F125/><W51/><G128/><N who="2" m="49225" /><F63/><W22/><G109/><T72/><D72/><U42/><E42/><V12/><F0/><W87/><G99/><T123/><D123/><U2/><E5/><N who="2" m="3151" /><F93/><W127/><G127/><T43/><D66/><U107/><E107/><V61/><F61/><W132/><G132/><T36/><D29/><U112/><E112/><V96/><F96/><W113/><G9/><T98/><D98/><U120/><E34/><V77/><AGARI ba="1,1" hai="14,18,23,77,83,84,100,101" m="3151,49225" machi="77" ten="30,1100,0" yaku="19,1" doraHai="55" who="2" fromWho="2" sc="319,-4,170,-4,209,24,292,-6" owari="315,41.5,166,-33.4,233,-16.7,286,8.6" /></mjloggm>