<mjloggm ver="2.3"><GO type="225" lobby="0"/><UN n0="%E6%A1%9C%E8%8A%B1%E9%96%83%E3%80%85" n1="%E6%97%A5%E6%9B%9C%E6%97%A5%E3%82%88%E3%82%8A%E3%81%AE%E4%BD%BF%E8%80%85" n2="%E9%A6%AC%E5%BC%95%E7%81%AB%33" n3="%E4%BF%BA%E3%81%A8%E5%A6%96%E5%A4%A2" dan="17,17,16,16" rate="2262.15,2246.42,2109.13,2246.47" sx="M,M,M,F"/><TAIKYOKU oya="0"/><INIT seed="0,0,0,2,3,55" ten="250,250,250,250" oya="0" hai0="84,88,107,28,128,4,99,70,130,73,87,53,111" hai1="64,40,6,39,17,12,67,29,47,106,42,35,94" hai2="110,72,50,32,104,61,14,105,65,41,129,20,18" hai3="116,21,81,56,33,22,109,19,77,16,131,51,10"/><T102/><D70/><U75/><E106/><V133/><F110/><W25/><G116/><T85/><D28/><U100/><E75/><V58/><F32/><W66/><G33/><T96/><D4/><U95/><E6/><V0/><F0/><W68/><G109/><T62/><D111/><U15/><E42/><V89/><F129/><N who="0" m="49770" /><D73/><U126/><E126/><V115/><F115/><W60/><G131/><T80/><D99/><U83/><E83/><V117/><F133/><W13/><G51/><T121/><D121/><U86/><E29/><V26/><F117/><W49/><G49/><T91/><D53/><U98/><E35/><V101/><F72/><W122/><G122/><T69/><D62/><U2/><E2/><V11/><F89/><N who="0" m="34378" /><D69/><U124/><E124/><V103/><F104/><W37/><G37/><T45/><D45/><U93/><E86/><V113/><F105/><W125/><G125/><T90/><AGARI ba="0,0" hai="80,84,85,87,90,96,102,107" m="34378,49770" machi="90" ten="30,11700,0" yaku="19,1,34,2,54,1" doraHai="55" who="0" fromWho="0" sc="250,117,250,-39,250,-39,250,-39" /><INIT seed="0,1,0,2,4,49" ten="367,211,211,211" oya="0" hai0="60,119,123,44,106,121,2,70,108,43,47,85,25" hai1="18,115,16,50,36,1,116,29,69,12,97,93,102" hai2="0,128,133,35,109,59,11,38,110,120,62,89,101" hai3="51,107,23,53,113,61,96,42,83,57,46,45,67"/><T32/><D119/><U111/><E36/><V15/><F120/><W41/><G113/><T72/><D72/><U112/><E116/><V68/><F133/><W79/><G23/><T74/><D74/><U88/><E1/><V24/><F128/><W117/><G117/><T75/><D75/><U105/><E69/><V26/><F38/><W94/><G107/><T81/><D2/><U90/><E111/><N who="2" m="42507" /><F68/><W56/><G83/><T95/><D95/><U48/><E29/><V130/><F130/><W19/><G79/><T39/><D47/><N who="3" m="17929" /><G19/><N who="1" m="7210" /><E12/><V91/><F101/><AGARI ba="1,0" hai="41,42,51,53,56,57,61,67,94,96,101" m="17929" machi="101" ten="30,2000,0" yaku="8,1,52,1" doraHai="49" who="3" fromWho="2" sc="367,0,211,0,211,-23,211,23" /><INIT seed="1,0,0,0,2,55" ten="367,211,188,234" oya="1" hai0="80,49,61,63,45,26,127,19,89,88,98,1,15" hai1="96,126,115,66,41,48,42,60,25,20,34,3,114" hai2="2,72,123,103,117,11,68,65,75,44,99,36,125" hai3="32,111,109,39,102,97,64,71,93,122,56,16,73"/><U74/><E74/><V83/><F117/><W31/><G122/><T58/><D1/><U101/><E3/><V94/><F123/><W18/><G71/><T120/><D120/><U87/><E87/><V129/><F125/><W118/><G39/><T46/><D127/><U53/><E126/><V95/><F129/><W37/><G37/><T106/><D26/><U5/><E5/><V116/><F116/><W84/><G73/><T110/><D110/><N who="3" m="41993" /><G84/><N who="0" m="50183" /><D106/><U131/><E131/><V90/><F65/><W92/><G92/><N who="0" m="56591" /><D49/><U22/><E34/><V10/><F68/><W134/><G118/><T119/><D63/><U113/><E48/><V70/><F70/><W24/><G134/><T0/><D0/><U35/><E35/><V124/><F124/><W112/><G112/><T62/><D61/><AGARI ba="0,0" hai="16,18,24,31,32,56,61,64,93,97,102" m="41993" machi="61" ten="30,3900,0" yaku="14,1,52,1,54,1" doraHai="55" who="3" fromWho="0" sc="367,-39,211,0,188,0,234,39" /><INIT seed="2,0,0,1,5,93" ten="328,211,188,273" oya="2" hai0="69,78,113,1,105,74,95,128,101,111,81,7,123" hai1="8,80,52,34,45,85,99,24,36,109,116,28,29" hai2="57,6,119,135,2,20,86,30,50,102,62,68,106" hai3="15,4,35,121,77,89,19,132,21,32,110,87,56"/><V133/><F119/><W72/><G121/><T122/><D113/><U10/><E116/><V9/><F68/><W16/><G110/><T91/><D111/><U42/><E29/><V22/><F50/><W125/><G125/><T0/><D128/><U67/><E67/><V129/><F129/><W115/><G115/><T98/><D69/><U55/><E109/><V118/><F118/><W90/><G132/><N who="2" m="50761" /><F30/><W25/><G4/><T83/><D83/><U124/><E124/><V112/><F112/><W23/><G89/><T3/><REACH who="0" step="1"/><D7/><REACH who="0" ten="318,211,188,273" step="2"/><U5/><E5/><V37/><F37/><W65/><G72/><T100/><D100/><U26/><E36/><V97/><F86/><AGARI ba="0,1" hai="0,1,3,74,78,81,86,91,95,98,101,105,122,123" machi="86" ten="40,8000,1" yaku="1,1,24,2,52,1,53,0" doraHai="93" doraHaiUra="11" who="0" fromWho="2" sc="318,90,211,0,188,-80,273,0" /><INIT seed="3,0,0,2,2,121" ten="408,211,108,273" oya="3" hai0="80,129,68,11,84,128,85,72,15,19,66,49,110" hai1="54,96,97,44,135,4,21,25,82,106,127,95,125" hai2="102,37,0,41,100,60,130,39,42,133,117,38,52" hai3="59,9,17,22,33,67,53,69,74,3,90,1,94"/><W116/><G116/><T109/><D72/><U88/><E4/><V57/><F117/><W48/><G33/><T65/><D49/><U115/><E115/><V78/><F0/><W28/><G74/><T5/><D19/><U120/><E120/><V83/><F130/><N who="0" m="50282" /><D84/><U123/><E123/><V126/><F133/><W124/><G124/><T24/><D24/><U32/><E32/><V55/><F126/><W18/><G69/><T40/><D40/><U99/><E82/><V62/><F83/><W73/><G67/><N who="0" m="25611" /><D68/><U26/><E135/><V7/><F7/><W93/><G93/><T64/><D64/><U132/><E132/><V87/><F87/><W43/><G43/><N who="2" m="16393" /><F78/><AGARI ba="0,0" hai="5,11,15,78,80,85,109,110" m="25611,50282" machi="78" ten="30,3900,0" yaku="19,1,52,2" doraHai="121" who="0" fromWho="2" sc="408,39,211,0,108,-39,273,0" owari="447,54.7,211,-18.9,69,-43.1,273,7.3" /></mjloggm>