<mjloggm ver="2.3"><GO type="225" lobby="0"/><UN n0="%E3%83%A9%E3%82%B9%E7%8E%87%EF%BC%93%E5%89%B2" n1="%E6%98%93%E5%88%A9%E8%96%A9%E4%BC%AF" n2="%77%72%77%72%77%72%77%72" n3="%E3%81%A4%E3%81%A3%E3%81%B1%E3%82%8A%E3%83%9D%E3%83%BC%E3%83%AB" dan="16,17,16,17" rate="2171.60,2115.81,2112.71,2132.08" sx="F,F,M,M"/><TAIKYOKU oya="0"/><INIT seed="0,0,0,1,5,67" ten="250,250,250,250" oya="0" hai0="51,81,107,62,3,78,19,63,106,125,132,95,118" hai1="41,71,53,116,76,97,13,109,69,74,103,18,36" hai2="61,48,27,43,80,135,10,50,17,115,28,91,22" hai3="131,60,108,5,37,52,16,94,133,84,44,25,6"/><T15/><D118/><U11/><E116/><V70/><F115/><W57/><G108/><T102/><D3/><U56/><E109/><V92/><F135/><W111/><G111/><T129/><D132/><U1/><E1/><V26/><F43/><W114/><G114/><T134/><D134/><U110/><E110/><V64/><F80/><W112/><G112/><T45/><D129/><U30/><E30/><V73/><F73/><W54/><G133/><T31/><D31/><U8/><E8/><V127/><F127/><W9/><G131/><T126/><D95/><U47/><E76/><V130/><F130/><W59/><G44/><T98/><D107/><U121/><E74/><V117/><F117/><W82/><G94/><T86/><D125/><U93/><REACH who="1" step="1"/><E121/><REACH who="1" ten="250,240,250,250" step="2"/><V68/><F10/><W49/><G37/><T96/><D126/><U83/><E83/><V85/><REACH who="2" step="1"/><F70/><REACH who="2" ten="250,240,240,250" step="2"/><W33/><G9/><T42/><REACH who="0" step="1"/><D98/><REACH who="0" ten="240,240,240,250" step="2"/><U90/><E90/><V4/><F4/><W34/><G6/><T122/><D122/><U65/><E65/><V119/><F119/><W124/><G5/><T20/><AGARI ba="0,3" hai="15,19,20,42,45,51,62,63,78,81,86,96,102,106" machi="20" ten="20,7800,0" yaku="1,1,0,1,7,1,53,1" doraHai="67" doraHaiUra="12" who="0" fromWho="0" sc="240,108,240,-26,240,-26,250,-26" /><INIT seed="0,1,0,0,1,127" ten="348,214,214,224" oya="0" hai0="105,12,73,37,61,34,28,43,82,6,54,42,78" hai1="94,118,8,81,98,56,69,4,87,96,57,108,59" hai2="29,79,134,104,80,128,77,122,15,133,50,95,40" hai3="26,76,27,14,115,88,101,103,32,10,22,130,18"/><T60/><D105/><U109/><E69/><V125/><F122/><W119/><G115/><T16/><D34/><U47/><E118/><V25/><F104/><W70/><G119/><T23/><D28/><U51/><E109/><V124/><F95/><W129/><G70/><T55/><D6/><U112/><E108/><V106/><F106/><W113/><G113/><T121/><D121/><U21/><E21/><V1/><F1/><W46/><G76/><N who="2" m="29257" /><F80/><W48/><G32/><T132/><D132/><N who="2" m="50794" /><F15/><W86/><G101/><T9/><D23/><U63/><E63/><V38/><F38/><W65/><G103/><T83/><D83/><U19/><E19/><V2/><F2/><W99/><G99/><T11/><D11/><U3/><E94/><V24/><F24/><W49/><G27/><T84/><D37/><U44/><E44/><N who="2" m="25863" /><F128/><N who="3" m="49259" /><G46/><T135/><D135/><U126/><E112/><V120/><F120/><W31/><G65/><T117/><D117/><U93/><E98/><V68/><F68/><W39/><G39/><T74/><D74/><U13/><E96/><V45/><F45/><W71/><G71/><T58/><D73/><U64/><E64/><V35/><AGARI ba="1,0" hai="25,29,35,124,125" m="25863,50794,29257" machi="35" ten="30,1100,0" yaku="20,1" doraHai="127" who="2" fromWho="2" sc="348,-6,214,-4,214,14,224,-4" /><INIT seed="1,0,0,4,0,24" ten="342,210,228,220" oya="1" hai0="109,55,26,112,6,108,74,116,53,127,113,132,8" hai1="32,79,0,25,56,9,40,65,124,126,119,129,95" hai2="71,36,90,99,103,48,121,20,50,125,46,61,43" hai3="101,107,31,130,120,110,72,82,3,134,39,16,135"/><U85/><E119/><V104/><F121/><W7/><G120/><T37/><D74/><U118/><E118/><V44/><F125/><W67/><G39/><T62/><D37/><U4/><E40/><V10/><F10/><N who="3" m="2431" /><G67/><T49/><D127/><N who="1" m="48683" /><E129/><V19/><F90/><W59/><G110/><N who="0" m="42603" /><D132/><U97/><E79/><V133/><F133/><W75/><G59/><N who="0" m="35183" /><D26/><U76/><E85/><V15/><REACH who="2" step="1"/><F44/><REACH who="2" ten="342,210,218,220" step="2"/><W2/><G135/><T122/><D116/><U66/><E76/><V13/><F13/><W80/><G134/><T111/><D111/><U52/><E25/><V18/><F18/><W81/><G16/><T27/><D122/><U78/><E78/><V69/><F69/><W77/><G77/><T73/><D27/><U54/><E32/><V131/><F131/><W100/><G130/><T94/><D8/><U102/><E65/><AGARI ba="0,1" hai="15,19,20,36,43,46,48,50,61,65,71,99,103,104" machi="65" ten="40,2600,0" yaku="1,1,53,1" doraHai="24" doraHaiUra="17" who="2" fromWho="1" sc="342,0,210,-26,218,36,220,0" /><INIT seed="2,0,0,3,1,47" ten="342,184,254,220" oya="2" hai0="105,103,124,98,22,58,18,81,112,16,64,102,106" hai1="28,116,24,35,104,91,48,134,115,85,77,88,26" hai2="5,54,70,66,20,92,51,99,130,13,55,90,3" hai3="44,65,6,53,87,128,49,8,119,93,122,71,101"/><V108/><F130/><W69/><G122/><T73/><D112/><U113/><E116/><V25/><F3/><W45/><G119/><T126/><D103/><U32/><E104/><V23/><F108/><W30/><G128/><T89/><D106/><U75/><E134/><V129/><F129/><W19/><G30/><T62/><D89/><U63/><E63/><V76/><F76/><W109/><G109/><T4/><D4/><U133/><E133/><V110/><F110/><W96/><G65/><T97/><D97/><U33/><E75/><V50/><F66/><W107/><G19/><T79/><REACH who="0" step="1"/><D18/><REACH who="0" ten="332,184,254,220" step="2"/><U100/><E100/><V120/><F5/><W78/><G107/><T0/><D0/><U15/><E77/><V72/><F90/><W117/><G117/><T123/><D123/><U42/><E91/><V132/><F99/><W94/><G78/><T41/><D41/><U125/><E125/><V17/><F120/><W34/><G96/><T83/><D83/><U37/><E115/><V36/><F92/><W7/><G7/><T29/><D29/><U11/><E113/><V60/><F132/><W118/><G94/><T82/><D82/><U127/><E127/><V27/><F17/><W80/><G93/><T9/><D9/><U38/><E28/><V67/><F70/><N who="3" m="26635" /><G101/><T40/><D40/><U21/><E42/><V111/><F111/><W31/><G118/><T14/><AGARI ba="0,1" hai="14,16,22,58,62,64,73,79,81,98,102,105,124,126" machi="14" ten="30,7900,0" yaku="1,1,0,1,54,1,53,1" doraHai="47" doraHaiUra="10" who="0" fromWho="0" sc="332,89,184,-20,254,-39,220,-20" /><INIT seed="3,0,0,2,0,70" ten="421,164,215,200" oya="3" hai0="14,4,46,20,41,69,77,66,76,40,81,100,67" hai1="9,7,80,122,1,43,89,79,52,35,102,84,71" hai2="30,95,26,23,54,8,119,82,113,116,58,29,53" hai3="19,49,18,62,15,121,24,129,107,101,57,111,60"/><W36/><G121/><T90/><D100/><U74/><E122/><V11/><F113/><W65/><G36/><T22/><D69/><U50/><E71/><V103/><F82/><W117/><G117/><T86/><D4/><U34/><E43/><N who="0" m="16457" /><D46/><U51/><E51/><V28/><F119/><W134/><G129/><T96/><D14/><U56/><REACH who="1" step="1"/><E102/><REACH who="1" ten="421,154,215,200" step="2"/><V3/><F103/><W124/><G49/><T6/><D96/><U39/><E39/><V63/><F116/><W55/><G101/><T105/><D67/><U25/><E25/><V112/><F26/><W83/><G65/><T120/><D105/><U115/><E115/><V99/><F99/><W13/><G24/><T118/><D22/><U91/><E91/><V87/><F23/><W44/><G107/><T27/><D86/><U59/><E59/><V17/><F87/><W42/><G57/><T123/><D81/><AGARI ba="0,1" hai="1,7,9,34,35,50,52,56,74,79,80,81,84,89" machi="81" ten="30,7700,0" yaku="1,1,7,1,54,1,53,1" doraHai="70" doraHaiUra="73" who="1" fromWho="0" sc="421,-77,154,87,215,0,200,0" owari="344,44.4,241,4.1,215,-18.5,200,-30.0" /></mjloggm>