<mjloggm ver="2.3"><GO type="225" lobby="0"/><UN n0="%E7%99%BD%E9%9B%AA%E4%B9%83%E6%84%9B" n1="%E9%A6%AC%E5%BC%95%E7%81%AB%33" n2="%E3%83%B4%E3%82%A3%E3%83%AF%E3%82%B3%E3%82%B0%E3%83%8B" n3="%E3%81%AF%E3%82%88%E3%81%8A%E3%81%98%E3%81%95%E3%82%93" dan="16,16,17,17" rate="2043.15,2139.07,2215.16,2135.08" sx="F,M,M,M"/><TAIKYOKU oya="0"/><INIT seed="0,0,0,2,1,85" ten="250,250,250,250" oya="0" hai0="112,16,23,70,25,127,35,64,38,101,20,28,117" hai1="92,65,67,68,57,109,47,6,95,29,74,42,105" hai2="50,14,129,84,125,99,80,37,116,118,30,24,44" hai3="41,114,15,36,3,126,18,106,110,1,128,0,32"/><T5/><D112/><U33/><E109/><V62/><F37/><W13/><G36/><T66/><D117/><U113/><E105/><V134/><F129/><W91/><G106/><T77/><D38/><U96/><E74/><V119/><F125/><W21/><G41/><T40/><D40/><U22/><E33/><V131/><F131/><W46/><G128/><T11/><D127/><U7/><E68/><V10/><F99/><W135/><G126/><T27/><D77/><U73/><E73/><V53/><F62/><W82/><G46/><T59/><D70/><U76/><E76/><V4/><F134/><W81/><G32/><T39/><D39/><U107/><E107/><V55/><F55/><W56/><G114/><T121/><D121/><U130/><E130/><V122/><F122/><W124/><G124/><T93/><D59/><U87/><E113/><V104/><F104/><W51/><G110/><T133/><D35/><U108/><E108/><V90/><REACH who="2" step="1"/><F118/><REACH who="2" ten="250,250,240,250" step="2"/><W111/><G111/><T83/><D133/><U86/><E96/><V2/><F2/><W48/><G135/><T98/><REACH who="0" step="1"/><D83/><REACH who="0" ten="240,250,240,250" step="2"/><U72/><E42/><V100/><F100/><W78/><G81/><T75/><D75/><U12/><E72/><V8/><F8/><W79/><G82/><T17/><D17/><U102/><E102/><V63/><F63/><W103/><G18/><T26/><D26/><U60/><E60/><V34/><AGARI ba="0,2" hai="4,10,14,24,30,34,44,50,53,80,84,90,116,119" machi="34" ten="30,8000,1" yaku="1,1,0,1,52,1,53,2" doraHai="85" doraHaiUra="115" who="2" fromWho="2" sc="240,-40,250,-20,240,100,250,-20" /><INIT seed="1,0,0,0,3,19" ten="200,230,340,230" oya="1" hai0="4,134,51,44,28,37,132,58,67,131,55,50,122" hai1="30,127,125,97,75,10,110,92,63,11,74,108,118" hai2="29,33,106,94,32,7,116,26,113,71,102,128,124" hai3="88,77,47,24,105,62,0,18,27,100,90,57,68"/><U6/><E118/><V49/><F116/><W54/><G0/><T9/><D122/><U60/><E30/><V5/><F33/><W109/><G109/><N who="1" m="42090" /><E60/><V61/><F128/><W59/><G68/><T64/><D131/><U70/><E63/><V101/><F124/><N who="1" m="47689" /><E70/><V40/><F94/><W35/><G77/><T46/><D28/><U38/><E38/><V82/><F82/><W103/><G105/><T87/><D87/><U83/><E83/><V73/><F73/><N who="1" m="27657" /><E6/><V114/><F5/><W85/><G35/><T123/><D4/><U119/><E119/><V12/><F61/><W80/><G18/><T107/><D37/><U21/><E21/><V95/><F71/><W42/><G24/><T17/><D17/><U16/><E16/><V84/><F7/><W112/><G27/><T34/><D34/><U72/><N who="1" m="27665" /><U53/><DORA hai="79" /><E53/><V20/><F32/><W41/><G54/><T52/><D9/><U13/><E13/><V22/><F22/><W78/><G62/><T117/><D117/><U104/><E104/><V56/><F12/><W3/><G80/><T98/><D107/><U25/><E25/><V23/><F23/><W86/><G86/><T14/><D14/><U31/><E31/><V126/><F126/><W81/><G85/><T130/><D130/><U129/><E129/><V65/><F106/><W91/><G81/><T2/><D55/><U45/><E45/><V15/><F26/><W111/><G47/><T135/><D44/><U69/><E69/><V120/><F29/><W99/><G111/><T8/><D46/><U48/><E48/><RYUUKYOKU ba="0,0" sc="200,-10,230,30,340,-10,230,-10" hai1="10,11,92,97" /><INIT seed="1,1,0,0,3,129" ten="190,260,330,220" oya="1" hai0="49,102,134,31,58,1,75,74,18,0,42,101,29" hai1="43,116,2,22,111,12,126,59,118,46,14,80,7" hai2="104,17,32,33,85,51,21,27,133,35,28,56,109" hai3="127,81,119,66,34,39,11,15,13,48,30,89,67"/><U92/><E2/><V97/><F109/><W47/><G39/><T98/><D42/><U6/><E126/><V86/><F133/><W124/><G119/><T112/><D49/><U82/><E92/><V19/><F104/><W106/><G106/><T3/><D58/><U87/><E59/><V99/><F85/><N who="3" m="50351" /><G34/><T115/><D18/><U84/><E22/><V120/><F120/><W110/><G30/><T38/><D38/><U94/><E94/><V20/><F86/><W62/><G15/><T91/><D91/><U77/><E77/><V65/><F28/><W78/><G78/><T122/><D122/><U5/><E5/><V132/><F132/><W130/><G130/><T76/><D76/><U55/><E55/><V135/><F135/><W63/><G110/><T125/><D134/><U72/><E72/><V10/><F10/><W95/><G95/><T108/><D108/><U131/><E111/><V70/><F70/><W37/><G37/><T93/><D125/><N who="3" m="48201" /><G66/><T26/><D3/><U69/><E131/><V103/><F103/><W114/><G114/><T123/><D93/><U45/><REACH who="1" step="1"/><E69/><REACH who="1" ten="190,250,330,220" step="2"/><V83/><F56/><W61/><G67/><T40/><D123/><U60/><E60/><V54/><F65/><W128/><G128/><T8/><D75/><U50/><E50/><V121/><F121/><W96/><G96/><N who="2" m="36937" /><F51/><W44/><G48/><T9/><D74/><U73/><E73/><V16/><F54/><W23/><G23/><N who="2" m="8777" /><F27/><W90/><G90/><T71/><D26/><U79/><E79/><V68/><F68/><W52/><G52/><T117/><D71/><RYUUKYOKU ba="1,1" sc="190,-30,250,10,330,10,220,10" hai1="6,7,12,14,43,45,46,80,82,84,87,116,118" hai2="16,17,19,32,33,35,83" hai3="11,13,44,47,61,62,63" /><INIT seed="1,2,1,5,2,19" ten="160,260,340,230" oya="1" hai0="9,119,15,61,21,71,12,109,95,7,38,14,5" hai1="22,17,32,124,68,112,111,89,83,78,58,64,53" hai2="123,96,90,80,25,79,28,62,76,20,50,100,93" hai3="2,108,117,49,56,8,118,27,33,77,34,88,3"/><U37/><E112/><V131/><F131/><W18/><G77/><T31/><D119/><N who="3" m="45577" /><G108/><T16/><D38/><U94/><E32/><N who="3" m="12394" /><G56/><T135/><D109/><U72/><E111/><V126/><F126/><W0/><G49/><T125/><D125/><U42/><E124/><V13/><F123/><W66/><G66/><T10/><D135/><U74/><E64/><V114/><F114/><W82/><G82/><T4/><D31/><U92/><E68/><V98/><F62/><W87/><G87/><T60/><D95/><U70/><E70/><V43/><F13/><N who="0" m="5226" /><D71/><U73/><E42/><V45/><REACH who="2" step="1"/><F80/><REACH who="2" ten="160,260,330,230" step="2"/><W101/><G0/><T121/><D121/><U120/><E120/><V130/><F130/><W104/><G2/><N who="0" m="151" /><D61/><U134/><E83/><V48/><F48/><W1/><G3/><N who="0" m="319" /><D60/><U52/><E37/><V116/><F116/><W107/><G1/><T63/><D63/><U132/><E132/><V23/><F23/><W67/><G67/><T84/><D84/><U57/><E22/><V36/><F36/><W128/><G128/><T40/><D40/><U11/><E134/><V44/><F44/><W55/><G55/><T54/><D54/><U102/><E53/><V24/><F24/><W122/><G122/><T110/><D110/><U35/><E52/><V97/><F97/><W30/><G27/><T46/><D46/><U65/><E35/><V81/><F81/><W103/><G8/><T59/><D59/><U26/><E57/><V39/><F39/><W29/><G29/><T106/><D7/><U69/><E58/><V41/><F41/><W105/><G30/><RYUUKYOKU ba="2,2" sc="160,15,260,-15,330,15,230,-15" hai0="15,16,21,106" hai2="20,25,28,43,45,50,76,79,90,93,96,98,100" /><INIT seed="2,3,2,1,4,9" ten="175,245,345,215" oya="2" hai0="90,37,13,102,77,116,98,21,41,58,31,100,113" hai1="73,76,125,75,22,112,27,135,115,65,114,28,68" hai2="85,91,110,95,51,80,43,79,8,32,118,54,45" hai3="15,127,44,131,105,106,12,1,121,124,47,23,81"/><V17/><F118/><W94/><G121/><T3/><D113/><U50/><E76/><V128/><F128/><W0/><G131/><T71/><D71/><U67/><E50/><V57/><F32/><W87/><G94/><T52/><D3/><U29/><E135/><V64/><F64/><W62/><G62/><T84/><D116/><U126/><E28/><V20/><F8/><W19/><G87/><T56/><D56/><U16/><E29/><V24/><F110/><W108/><G81/><T34/><D34/><U14/><E27/><V109/><F109/><W2/><G108/><T4/><D41/><U53/><E53/><V107/><F107/><W130/><G130/><T26/><D77/><U25/><E25/><V129/><F129/><W5/><G5/><T111/><D98/><U33/><E33/><V30/><F30/><W92/><G92/><N who="0" m="54343" /><D37/><U38/><E38/><V61/><F79/><W133/><G133/><T93/><D93/><AGARI ba="3,2" hai="17,20,24,43,45,51,54,57,61,80,85,91,93,95" machi="93" ten="40,2000,0" yaku="8,1" doraHai="9" who="2" fromWho="0" sc="175,-29,245,0,345,49,215,0" /><INIT seed="2,4,0,1,5,22" ten="146,245,394,215" oya="2" hai0="119,64,39,131,70,29,113,111,135,26,77,80,75" hai1="45,68,78,91,48,58,9,11,41,108,36,109,99" hai2="128,110,2,55,33,118,43,116,101,61,62,72,130" hai3="132,126,100,38,115,7,35,79,63,60,10,125,85"/><V98/><F2/><W46/><G35/><T24/><D24/><U94/><E68/><V103/><F72/><W65/><G100/><T27/><D111/><N who="1" m="42571" /><E78/><V28/><F110/><W53/><G132/><T93/><D113/><U16/><E16/><V40/><F55/><AGARI ba="4,0" hai="9,11,36,41,45,48,55,58,91,94,99" m="42571" machi="55" ten="30,1000,0" yaku="14,1" doraHai="22" who="1" fromWho="2" sc="146,0,245,22,394,-22,215,0" /><INIT seed="3,0,0,3,1,135" ten="146,267,372,215" oya="3" hai0="94,76,75,30,66,23,120,122,44,36,48,73,58" hai1="105,124,117,42,85,114,127,118,119,10,27,26,47" hai2="0,78,8,133,14,68,38,24,126,102,83,62,110" hai3="59,46,87,115,131,49,34,95,33,109,125,41,35"/><W71/><G115/><T40/><D122/><U86/><E114/><V96/><F126/><N who="1" m="48169" /><E105/><V39/><F110/><W61/><G125/><T15/><D120/><U123/><E123/><V51/><F51/><W93/><G109/><T4/><D76/><U18/><E10/><V52/><F24/><N who="1" m="9257" /><E18/><V50/><F8/><W60/><G33/><T25/><D36/><U103/><E103/><V6/><F102/><W43/><G34/><T81/><D81/><U74/><E74/><V54/><F83/><W84/><G35/><T31/><D94/><U3/><E3/><V132/><F0/><W21/><G93/><T82/><D82/><U37/><AGARI ba="0,0" hai="37,42,47,85,86,117,118,119" m="9257,48169" machi="37" ten="40,8000,1" yaku="12,1,18,1,52,3" doraHai="135" who="1" fromWho="1" sc="146,-20,267,80,372,-20,215,-40" owari="126,-37.4,347,14.7,352,45.2,175,-22.5" /></mjloggm>