<mjloggm ver="2.3"><GO type="225" lobby="0"/><UN n0="%E3%83%A9%E3%82%B9%E7%8E%87%EF%BC%93%E5%89%B2" n1="%E6%B8%A9%E2%98%85%E6%83%85%E2%98%85%E6%8E%AA%E2%98%85%E7%BD%AE" n2="%E5%91%A8%E6%9D%B1" n3="%E8%A3%8F%E3%81%AE%E4%B8%BB%E5%B0%86" dan="16,17,17,16" rate="2212.70,2192.38,2224.34,2074.89" sx="F,M,M,F"/><TAIKYOKU oya="0"/><INIT seed="0,0,0,3,2,109" ten="250,250,250,250" oya="0" hai0="56,63,110,36,6,8,20,133,128,59,99,19,51" hai1="114,39,12,62,15,11,74,16,124,55,104,127,129" hai2="97,21,26,119,101,126,28,91,118,50,64,77,47" hai3="42,2,53,14,29,107,108,18,33,72,121,57,105"/><T81/><D36/><U73/><E104/><V0/><F0/><W40/><G108/><T80/><D110/><U88/><E39/><V68/><F77/><W13/><G2/><T45/><D128/><U84/><E129/><V134/><F126/><N who="1" m="48169" /><E114/><V111/><F111/><W79/><G121/><T48/><D133/><U123/><E123/><V83/><F134/><W96/><G79/><T32/><D32/><U90/><E15/><V130/><F130/><W43/><G72/><N who="1" m="27754" /><E84/><V75/><F75/><W125/><G125/><T92/><D59/><AGARI ba="0,0" hai="11,12,16,55,59,62,88,90" m="27754,48169" machi="59" ten="30,3900,0" yaku="18,1,54,2" doraHai="109" who="1" fromWho="0" sc="250,-39,250,39,250,0,250,0" /><INIT seed="1,0,0,3,1,18" ten="211,289,250,250" oya="1" hai0="106,69,120,1,50,48,128,129,25,115,5,3,70" hai1="46,94,60,30,134,63,36,87,72,96,19,66,11" hai2="95,4,43,118,91,22,12,113,124,17,44,81,89" hai3="84,73,99,53,54,49,9,79,16,24,127,74,65"/><U23/><E72/><V71/><F71/><N who="0" m="27146" /><D115/><U135/><E87/><V40/><F113/><W105/><G127/><T8/><D106/><U122/><E122/><V101/><F124/><W37/><G37/><T47/><D47/><U98/><E30/><V58/><F118/><W35/><G65/><T77/><D77/><U102/><E11/><V59/><F4/><W119/><G119/><T85/><D85/><U111/><E111/><V56/><F81/><N who="3" m="47167" /><G35/><T93/><D93/><U100/><E46/><V41/><REACH who="2" step="1"/><F44/><REACH who="2" ten="211,289,240,250" step="2"/><N who="3" m="27815" /><G74/><T15/><D120/><U82/><E82/><V123/><F123/><W76/><G73/><T121/><D121/><U21/><E135/><V131/><F131/><W52/><G105/><T42/><D129/><U107/><E134/><V29/><F29/><W32/><G76/><T0/><D128/><U116/><E116/><V28/><F28/><W39/><G32/><T130/><D130/><U13/><E107/><V92/><F92/><W110/><G110/><T61/><D5/><U7/><E7/><V55/><F55/><W125/><G125/><T2/><D0/><U57/><E94/><V90/><F90/><W34/><G34/><T83/><D1/><U10/><E66/><V114/><F114/><W31/><G54/><T14/><D2/><U109/><E109/><V75/><F75/><W108/><G52/><T86/><D3/><U45/><E45/><V132/><F132/><W104/><G108/><T27/><D83/><U112/><E112/><V68/><F68/><W117/><G104/><T78/><D78/><U88/><E88/><V64/><F64/><RYUUKYOKU ba="0,1" sc="211,-10,289,-10,240,30,250,-10" hai2="12,17,22,40,41,43,56,58,59,89,91,95,101" /><INIT seed="2,1,1,1,5,5" ten="201,279,270,240" oya="2" hai0="108,1,43,13,36,76,85,98,127,4,70,91,122" hai1="87,89,17,82,86,7,54,49,2,56,11,57,123" hai2="31,60,118,73,101,111,12,22,8,25,38,133,112" hai3="90,88,119,40,103,114,78,48,20,109,93,68,69"/><V102/><F118/><W61/><G119/><T77/><D70/><U124/><E124/><V37/><F112/><W65/><G109/><T21/><D108/><U16/><E123/><V131/><F73/><W74/><G114/><T26/><D1/><U0/><E0/><V115/><F111/><W128/><G128/><T116/><D127/><U75/><E75/><V84/><F115/><W42/><G69/><T30/><D36/><U134/><E134/><V126/><F126/><W125/><G125/><T10/><D122/><U23/><E23/><V97/><F131/><W67/><G67/><T107/><D43/><U45/><E57/><V32/><F133/><W39/><G39/><T47/><D47/><U95/><REACH who="1" step="1"/><E45/><REACH who="1" ten="201,269,270,240" step="2"/><V132/><F132/><W62/><G20/><T129/><D129/><U28/><E28/><V41/><F22/><W46/><G74/><T59/><D59/><U3/><E3/><V58/><F58/><W66/><G46/><T80/><REACH who="0" step="1"/><D116/><REACH who="0" ten="191,269,270,240" step="2"/><U92/><E92/><V72/><F38/><W51/><G68/><T99/><D99/><U9/><E9/><V105/><F37/><W79/><G93/><T100/><AGARI ba="1,3" hai="4,10,13,21,26,30,76,77,80,85,91,98,100,107" machi="100" ten="30,4000,0" yaku="1,1,0,1,52,1,53,0" doraHai="5" doraHaiUra="104" who="0" fromWho="0" sc="191,73,269,-11,270,-21,240,-11" /><INIT seed="3,0,0,3,0,22" ten="264,258,249,229" oya="3" hai0="20,43,52,96,132,82,114,65,109,18,91,75,42" hai1="48,11,29,6,37,33,24,68,71,59,97,8,7" hai2="129,64,23,87,107,89,104,121,41,111,44,108,57" hai3="92,78,81,1,58,10,60,32,79,36,66,39,130"/><W110/><G130/><T123/><D123/><U61/><E37/><V116/><F116/><W51/><G110/><N who="2" m="42025" /><F121/><W115/><G115/><T90/><D109/><U106/><E48/><N who="2" m="26639" /><F129/><W14/><G1/><T84/><D75/><U62/><E62/><N who="2" m="37967" /><F23/><W12/><G79/><T45/><D65/><U63/><E63/><V85/><F85/><W56/><G32/><T27/><D114/><U101/><E11/><V131/><F131/><W86/><G92/><AGARI ba="0,0" hai="87,89,92,104,107" m="37967,26639,42025" machi="92" ten="30,1000,0" yaku="14,1" doraHai="22" who="2" fromWho="3" sc="264,0,258,0,249,10,229,-10" /><INIT seed="4,0,0,0,4,125" ten="264,258,259,219" oya="0" hai0="61,93,86,17,12,69,33,15,64,5,13,84,95" hai1="116,45,82,38,103,24,47,46,21,56,109,29,114" hai2="67,88,72,76,81,44,50,112,133,85,26,90,19" hai3="73,7,100,111,9,66,41,20,58,68,40,89,105"/><T4/><D33/><U31/><E109/><V54/><F133/><W35/><G111/><T0/><D0/><U25/><E116/><V120/><F120/><W113/><G35/><T23/><D5/><U71/><E71/><V43/><F112/><W77/><G68/><T123/><D123/><U131/><E114/><V127/><F127/><W18/><G113/><T53/><D53/><U75/><E103/><V130/><F130/><W119/><G119/><T60/><D60/><U78/><E56/><V99/><F67/><W52/><G66/><T74/><D74/><U94/><E94/><V108/><F108/><W34/><G34/><T98/><D93/><U124/><E124/><V16/><F26/><W92/><G100/><T22/><D22/><U3/><E3/><V87/><F99/><W32/><G105/><T11/><REACH who="0" step="1"/><D15/><REACH who="0" ten="254,258,259,219" step="2"/><U121/><E121/><V80/><F54/><W42/><G32/><T101/><AGARI ba="0,1" hai="4,11,12,13,17,23,61,64,69,84,86,95,98,101" machi="101" ten="20,7800,0" yaku="1,1,2,1,0,1,7,1,53,0" doraHai="125" doraHaiUra="115" who="0" fromWho="0" sc="254,88,258,-26,259,-26,219,-26" owari="342,44.2,232,-16.8,233,3.3,193,-30.7" /></mjloggm>