<mjloggm ver="2.3"><GO type="225" lobby="0"/><UN n0="%E3%83%A9%E3%82%B9%E7%8E%87%EF%BC%93%E5%89%B2" n1="%E9%B3%B3%E6%9D%B1%E3%81%AE%E3%81%BF%E3%81%91%E3%81%AB%E3%82%83%E3%82%93" n2="%E3%81%BF%E3%81%BF%E3%81%9A" n3="%E7%89%B9%E6%9D%B1%E3%81%AF%E4%B8%96%E7%95%8C%E3%82%92%E6%95%91%E3%81%86" dan="17,16,17,16" rate="2196.96,2153.56,2194.83,2190.44" sx="F,F,M,M"/><TAIKYOKU oya="0"/><INIT seed="0,0,0,5,4,63" ten="250,250,250,250" oya="0" hai0="38,125,84,61,48,58,103,75,102,97,43,133,44" hai1="117,12,19,26,130,1,36,113,72,104,101,53,120" hai2="124,128,39,71,11,42,5,87,111,64,92,17,45" hai3="81,94,55,79,60,0,67,134,18,8,4,129,51"/><T40/><D75/><U98/><E117/><V35/><F35/><W56/><G129/><T82/><D133/><U22/><E120/><V105/><F105/><W89/><G134/><T127/><D43/><U66/><E130/><V85/><F128/><W65/><G18/><T14/><D38/><U27/><E1/><V116/><F116/><W57/><G57/><T121/><D121/><U30/><E72/><V25/><F111/><W34/><G34/><T2/><D2/><U90/><E36/><V41/><F41/><W110/><G60/><T29/><D29/><U91/><E113/><V106/><F106/><W95/><G95/><T69/><D69/><U21/><E53/><V59/><F124/><N who="0" m="47690" /><D14/><U93/><E104/><V126/><F71/><W23/><G23/><T77/><D97/><U115/><E66/><AGARI ba="0,0" hai="40,44,48,58,61,66,77,82,84,102,103" m="47690" machi="66" ten="30,2900,0" yaku="18,1,52,1" doraHai="63" who="0" fromWho="1" sc="250,29,250,-29,250,0,250,0" /><INIT seed="0,1,0,3,5,12" ten="279,221,250,250" oya="0" hai0="31,84,11,83,81,103,75,88,68,105,127,115,32" hai1="133,121,98,85,58,50,62,69,77,55,129,49,51" hai2="134,6,82,92,59,112,15,120,89,86,126,19,40" hai3="60,119,65,71,111,18,135,38,23,113,116,57,66"/><T80/><D115/><U96/><E121/><V39/><F120/><W3/><G113/><T26/><D127/><U44/><E133/><V125/><F112/><W37/><G3/><T99/><D11/><U74/><E74/><V34/><F34/><W102/><G102/><T30/><D30/><U109/><E109/><V53/><F6/><W22/><G111/><T4/><D4/><U114/><E129/><V43/><F134/><W7/><G135/><T20/><D68/><U46/><E69/><V90/><F39/><W52/><G7/><T124/><D124/><N who="2" m="47722" /><F53/><W41/><G23/><T107/><D107/><U67/><E114/><V10/><F59/><W54/><G18/><T9/><D9/><U118/><E118/><N who="3" m="45098" /><G22/><T108/><D108/><U1/><E1/><V17/><F19/><W21/><G21/><T42/><D42/><U97/><REACH who="1" step="1"/><E55/><REACH who="1" ten="279,211,250,250" step="2"/><N who="3" m="21034" /><G41/><T123/><D123/><U47/><E47/><V35/><F35/><W106/><G106/><T45/><D45/><U2/><E2/><V8/><F8/><W25/><G71/><T13/><D32/><U131/><E131/><V5/><F5/><W73/><G73/><T72/><D75/><U16/><E16/><V27/><F27/><W87/><G25/><T95/><D13/><U94/><E94/><V132/><F132/><W14/><G14/><T29/><D29/><U36/><E36/><V79/><F40/><W110/><G110/><T56/><D72/><U24/><E24/><V128/><F43/><W100/><G38/><T48/><D105/><U33/><E33/><V0/><F128/><W61/><G37/><RYUUKYOKU ba="1,1" sc="279,15,211,15,250,-15,250,-15" hai0="20,26,31,48,56,80,81,83,84,88,95,99,103" hai1="44,46,49,50,51,58,62,67,77,85,96,97,98" /><INIT seed="0,2,1,3,1,10" ten="294,226,235,235" oya="0" hai0="47,88,115,38,8,98,119,107,125,92,112,4,109" hai1="36,40,53,17,114,135,34,79,46,95,75,87,85" hai2="56,1,61,117,67,84,91,131,23,77,78,70,6" hai3="30,24,16,2,28,99,12,74,33,97,76,42,102"/><T0/><D119/><U9/><E34/><V19/><F117/><W120/><G2/><T124/><D107/><U71/><E71/><V51/><F131/><W90/><G30/><T81/><D81/><U59/><E135/><V133/><F133/><W44/><G120/><T100/><D100/><U41/><E41/><V104/><F104/><W39/><G90/><T21/><D109/><U65/><E65/><V50/><F6/><W89/><G89/><T15/><D21/><U37/><E37/><V110/><F1/><W27/><G27/><T55/><D0/><U130/><E130/><V134/><F110/><W126/><G126/><N who="0" m="48747" /><D55/><U73/><E53/><V14/><F134/><W127/><G127/><T18/><D4/><U64/><E79/><N who="2" m="30219" /><F70/><W101/><G102/><T111/><D111/><U32/><E95/><AGARI ba="2,1" hai="14,19,23,50,51,56,61,67,84,91,95" m="30219" machi="95" ten="30,2000,0" yaku="8,1,52,1" doraHai="10" who="2" fromWho="1" sc="294,0,226,-26,235,36,235,0" /><INIT seed="1,0,0,2,2,6" ten="294,200,271,235" oya="1" hai0="56,94,101,15,61,7,20,54,114,106,111,100,112" hai1="57,36,65,88,110,52,10,21,71,38,30,5,58" hai2="113,9,8,64,16,47,50,124,133,76,44,43,13" hai3="23,27,67,19,55,28,92,63,22,96,12,25,97"/><U31/><E71/><V87/><F124/><W66/><G55/><T59/><D111/><U80/><E38/><V105/><F105/><W107/><G107/><T53/><D106/><U37/><E36/><V18/><F133/><W118/><G118/><T102/><D114/><U74/><E37/><V134/><F134/><W49/><G49/><T109/><D109/><U0/><E110/><V42/><F113/><W62/><G25/><T104/><D104/><U82/><E74/><V128/><F64/><N who="3" m="24619" /><G97/><T69/><D69/><U121/><E121/><V89/><F128/><W46/><G46/><N who="2" m="17449" /><F50/><W85/><G85/><T39/><D39/><U40/><E40/><V2/><F2/><W81/><G81/><T60/><D112/><U127/><E127/><V77/><F42/><W41/><G41/><T95/><D20/><U78/><E78/><N who="2" m="30315" /><F43/><W116/><G116/><T14/><D14/><U51/><E80/><N who="2" m="49383" /><F18/><W79/><G79/><T98/><D95/><U131/><E131/><V26/><F26/><W3/><G3/><T99/><D94/><U91/><E82/><V24/><F24/><W11/><G23/><AGARI ba="0,0" hai="8,9,13,16,23" m="49383,30315,17449" machi="23" ten="30,7700,0" yaku="8,1,52,2,54,1" doraHai="6" who="2" fromWho="3" sc="294,0,200,0,271,77,235,-77" /><INIT seed="2,0,0,2,3,66" ten="294,200,348,158" oya="2" hai0="8,108,124,92,35,111,54,13,4,63,122,23,96" hai1="102,97,14,58,24,19,98,101,73,50,25,84,80" hai2="95,43,126,89,70,130,1,37,76,16,79,83,103" hai3="74,34,46,65,71,114,105,127,132,110,118,55,107"/><V121/><F121/><W128/><RYUUKYOKU type="yao9" ba="0,0" sc="294,0,200,0,348,0,158,0" hai3="34,46,55,65,71,74,105,107,110,114,118,127,128,132" /><INIT seed="2,1,0,0,4,133" ten="294,200,348,158" oya="2" hai0="51,75,4,5,89,62,67,3,130,91,98,24,11" hai1="12,26,14,114,16,36,109,77,129,20,122,56,88" hai2="90,60,82,135,21,1,57,76,37,125,86,95,104" hai3="108,25,38,10,65,74,42,50,111,34,61,29,119"/><V80/><F37/><W79/><G119/><T103/><D130/><U41/><E114/><V128/><F1/><W0/><G50/><T102/><D75/><U71/><E71/><V64/><F135/><W134/><G134/><T117/><D117/><U8/><E129/><V39/><F39/><W72/><G61/><T126/><D5/><U53/><E109/><V73/><F128/><W84/><G84/><T123/><D102/><U44/><E77/><V106/><F125/><W78/><G65/><T58/><D126/><U97/><E122/><V40/><F40/><W83/><G78/><T115/><D123/><U47/><E47/><V52/><F80/><W46/><REACH who="3" step="1"/><G72/><REACH who="3" ten="294,200,348,148" step="2"/><T132/><D132/><U70/><E70/><V116/><F116/><W48/><G48/><T2/><D51/><U87/><E97/><V27/><F64/><W17/><G17/><AGARI ba="1,1" hai="17,21,27,52,57,60,73,76,82,86,90,95,104,106" machi="17" ten="30,2900,0" yaku="7,1,54,1" doraHai="133" who="2" fromWho="3" sc="294,0,200,0,348,42,148,-32" /><INIT seed="2,2,0,0,0,74" ten="294,200,390,116" oya="2" hai0="33,2,41,82,131,67,63,49,44,113,27,126,60" hai1="115,40,103,88,112,4,73,58,75,105,116,111,89" hai2="5,25,129,15,21,37,77,39,94,110,124,11,97" hai3="79,17,114,59,23,26,8,85,64,69,102,122,120"/><V46/><F124/><W55/><G114/><T128/><D2/><U134/><E4/><V32/><F129/><N who="0" m="49738" /><D126/><U93/><E58/><V72/><F32/><W76/><G102/><T45/><D33/><U71/><E40/><V127/><F127/><W6/><G69/><T0/><D0/><U50/><E50/><V84/><F72/><N who="1" m="27721" /><E71/><V104/><F110/><W10/><G64/><T36/><D27/><U90/><E116/><V3/><F3/><W16/><G17/><T123/><D113/><N who="1" m="43595" /><E111/><V91/><F46/><W83/><G76/><T56/><D82/><U106/><E134/><V100/><F77/><W132/><G132/><T52/><D123/><U87/><E87/><V29/><AGARI ba="2,0" hai="5,11,15,21,25,29,37,39,84,91,94,97,100,104" machi="29" ten="20,2100,0" yaku="0,1,7,1" doraHai="74" who="2" fromWho="2" sc="294,-9,200,-9,390,27,116,-9" /><INIT seed="2,3,0,0,5,135" ten="285,191,417,107" oya="2" hai0="43,112,123,111,35,80,99,91,64,33,16,53,52" hai1="132,68,25,30,106,133,108,48,73,44,124,23,22" hai2="28,101,46,77,69,78,82,115,21,14,54,29,37" hai3="57,8,31,34,32,7,42,27,96,88,76,59,19"/><V20/><F115/><W50/><G34/><T40/><D64/><U105/><E108/><V60/><F101/><W86/><G76/><T103/><D111/><U127/><E22/><V39/><F69/><W11/><G96/><T63/><D123/><U113/><E73/><V2/><F2/><W110/><G110/><T65/><D112/><U107/><E68/><V95/><F95/><W121/><G121/><T128/><D128/><U3/><E3/><V94/><F94/><W13/><G42/><T71/><D91/><U81/><E81/><V122/><F14/><W15/><REACH who="3" step="1"/><G50/><REACH who="3" ten="285,191,417,97" step="2"/><T84/><D33/><U51/><E113/><V131/><F78/><W87/><G87/><T18/><D35/><U117/><E117/><V89/><F77/><W12/><G12/><T93/><D43/><N who="1" m="24607" /><E51/><V45/><F122/><W10/><G10/><T97/><D40/><U98/><E98/><V74/><F37/><W56/><G56/><T90/><REACH who="0" step="1"/><D99/><REACH who="0" ten="275,191,417,97" step="2"/><U130/><E130/><V134/><F131/><W72/><G72/><T62/><D62/><U102/><E102/><V41/><F74/><W17/><G17/><AGARI ba="3,2" hai="16,17,18,52,53,63,65,71,80,84,90,93,97,103" machi="17" ten="40,5200,0" yaku="1,1,54,2,53,0" doraHai="135" doraHaiUra="118" who="0" fromWho="3" sc="275,81,191,0,417,0,97,-61" /><INIT seed="3,0,0,1,3,115" ten="356,191,417,36" oya="3" hai0="36,114,14,71,87,27,61,82,98,51,62,86,8" hai1="48,57,5,120,42,108,101,111,18,131,22,59,129" hai2="70,94,60,107,63,58,130,92,31,83,74,69,126" hai3="133,12,134,4,2,1,110,23,84,113,95,39,9"/><W91/><G113/><T64/><D36/><U40/><E101/><V35/><F107/><W89/><G39/><T41/><D114/><U24/><E5/><V123/><F123/><W121/><G121/><T100/><D61/><U45/><E42/><V72/><F31/><W55/><G110/><N who="1" m="42026" /><E120/><V13/><F13/><W67/><G67/><T125/><D125/><U132/><E132/><N who="3" m="50794" /><G23/><T26/><D51/><U11/><E11/><V10/><F10/><W79/><G79/><T122/><D86/><U65/><E65/><V128/><F126/><W81/><G55/><T66/><D41/><U103/><E103/><V127/><F127/><W19/><G4/><T44/><D66/><U29/><E29/><V54/><F35/><W78/><G89/><T93/><D44/><U76/><E76/><N who="2" m="44423" /><F74/><AGARI ba="0,0" hai="1,2,9,12,19,74,78,81,84,91,95" m="50794" machi="74" ten="30,1500,0" yaku="20,1" doraHai="115" who="3" fromWho="2" sc="356,0,191,0,417,-15,36,15" /><INIT seed="3,1,0,1,0,129" ten="356,191,402,51" oya="3" hai0="117,61,70,51,52,41,28,102,74,10,17,133,20" hai1="118,103,81,111,31,107,16,98,109,60,91,65,85" hai2="80,132,113,108,36,76,86,79,135,18,125,24,121" hai3="67,101,90,63,124,9,7,58,40,39,26,32,29"/><W2/><G124/><T78/><D117/><U73/><E118/><V0/><F113/><W84/><G101/><T1/><D102/><U42/><E42/><V62/><F36/><W12/><G40/><T75/><D78/><U88/><E31/><V57/><F0/><W116/><G39/><T100/><D100/><U120/><E120/><V112/><F112/><W68/><G116/><T114/><D28/><U4/><E4/><V8/><F108/><N who="1" m="41545" /><E16/><V11/><F79/><W14/><REACH who="3" step="1"/><G68/><REACH who="3" ten="356,191,402,41" step="2"/><T106/><D70/><N who="1" m="42279" /><E73/><V131/><F125/><W44/><G44/><T97/><D75/><U87/><E87/><V82/><F86/><W59/><G59/><T99/><D74/><U49/><E49/><V95/><F57/><W37/><G37/><T23/><D114/><U22/><E22/><V134/><F121/><W15/><G15/><T54/><D23/><U6/><E6/><V47/><F47/><W105/><G105/><T38/><D106/><U126/><E126/><V45/><F45/><W128/><G128/><T127/><D38/><U50/><E50/><V122/><F131/><W30/><G30/><T77/><D41/><U27/><E27/><V83/><F122/><W5/><G5/><T94/><D51/><U3/><E3/><V48/><F48/><W19/><G19/><T110/><D17/><U123/><E123/><V13/><F24/><W104/><G104/><T34/><D110/><U64/><E91/><V25/><F25/><W46/><G46/><T72/><D20/><U66/><AGARI ba="1,1" hai="64,66,81,85,88,98,103,107" m="42279,41545" machi="66" ten="30,2000,0" yaku="14,1,54,1" doraHai="129" who="1" fromWho="1" sc="356,-6,191,33,402,-6,41,-11" owari="350,15.0,224,-17.6,396,49.6,30,-47.0" /></mjloggm>