<mjloggm ver="2.3"><GO type="225" lobby="0"/><UN n0="%E6%B4%BE%E9%81%A3%E3%81%AE%E3%82%B8%E3%83%A3%E3%83%83%E3%82%AF" n1="%40%77%61%6B%61" n2="%79%75%72%69%6D%6F%67" n3="%E6%81%A5%E6%99%92%E3%81%97" dan="17,16,16,16" rate="2197.06,2122.27,2188.28,2140.97" sx="M,M,F,M"/><TAIKYOKU oya="0"/><INIT seed="0,0,0,2,1,133" ten="250,250,250,250" oya="0" hai0="72,121,122,132,42,12,45,127,96,88,103,66,1" hai1="78,68,74,104,44,124,23,110,130,46,60,16,93" hai2="43,92,34,102,77,86,71,36,21,20,131,6,114" hai3="9,47,111,125,117,62,123,98,106,53,13,75,90"/><T79/><D1/><U58/><E104/><V30/><F71/><W7/><G117/><T22/><D66/><U100/><E68/><V24/><F114/><W14/><G111/><T105/><D79/><U87/><E74/><V135/><F131/><W48/><G123/><T94/><D72/><U41/><E110/><V33/><F135/><W119/><G119/><T97/><D132/><U2/><E2/><V40/><F33/><W134/><G134/><T29/><D127/><U118/><E118/><V109/><F34/><W73/><G125/><T113/><D113/><U63/><E124/><V107/><F107/><W129/><G129/><T116/><D116/><U27/><E130/><V25/><F109/><W101/><G90/><T54/><D54/><U56/><E78/><V126/><F36/><W31/><G31/><T51/><REACH who="0" step="1"/><D29/><REACH who="0" ten="240,250,250,250" step="2"/><U55/><E41/><V115/><F77/><W120/><G75/><T50/><D50/><U5/><E5/><V64/><F115/><W84/><G73/><T10/><D10/><U37/><E37/><V89/><F64/><W69/><G48/><T95/><D95/><U52/><E100/><V3/><F102/><W11/><G7/><T112/><D112/><U81/><E81/><V49/><F49/><W26/><G101/><T39/><D39/><U83/><E83/><V15/><F126/><W38/><G38/><T8/><D8/><U76/><E76/><V82/><F82/><W28/><G11/><T70/><D70/><U85/><E93/><V91/><F3/><W0/><G0/><T35/><D35/><U19/><E19/><AGARI ba="0,1" hai="12,19,22,42,45,51,88,94,96,97,103,105,121,122" machi="19" ten="40,7700,0" yaku="1,1,6,1,54,1,53,0" doraHai="133" doraHaiUra="59" who="0" fromWho="1" sc="240,87,250,-77,250,0,250,0" /><INIT seed="0,1,0,2,0,133" ten="327,173,250,250" oya="0" hai0="91,8,48,84,121,104,71,63,135,122,85,106,124" hai1="86,110,39,45,127,47,90,94,92,119,126,130,132" hai2="67,56,27,120,11,16,64,75,65,46,114,51,116" hai3="17,93,77,123,96,41,9,88,100,50,107,21,102"/><T98/><D48/><U23/><E119/><V36/><F120/><W73/><G123/><T109/><D8/><U101/><E39/><V97/><F75/><W2/><G41/><T62/><D135/><U125/><E110/><V10/><F114/><W80/><G50/><T32/><D32/><U81/><E132/><V3/><F3/><W76/><G76/><T38/><D38/><U30/><E130/><V7/><F36/><W117/><G117/><T26/><D26/><N who="1" m="16735" /><E101/><V59/><F7/><W128/><G128/><T69/><D98/><N who="1" m="57623" /><E94/><V54/><F116/><W29/><G29/><T14/><D91/><AGARI ba="1,0" hai="45,47,81,86,91,125,126,127" m="57623,16735" machi="91" ten="30,7700,0" yaku="18,1,52,3" doraHai="133" who="1" fromWho="0" sc="327,-80,173,80,250,0,250,0" /><INIT seed="1,0,0,4,1,49" ten="247,253,250,250" oya="1" hai0="14,114,55,75,39,13,130,17,96,56,30,2,100" hai1="11,42,9,52,26,90,33,43,24,10,44,51,12" hai2="66,89,80,46,45,108,57,77,16,60,53,20,78" hai3="27,135,119,81,50,95,1,133,32,25,54,128,63"/><U7/><E33/><V122/><F108/><W91/><G1/><T31/><D114/><U6/><E90/><V88/><F122/><W86/><G128/><T83/><D39/><U70/><E70/><V99/><F89/><W110/><G110/><T115/><D2/><U29/><E24/><V48/><F46/><W98/><G119/><T121/><D115/><U3/><E11/><V21/><F21/><W58/><G50/><T59/><D130/><U38/><E38/><V84/><F99/><W76/><REACH who="3" step="1"/><G32/><REACH who="3" ten="247,253,250,240" step="2"/><T37/><D37/><U62/><E62/><V64/><F64/><W73/><G73/><T107/><D121/><U41/><E29/><V87/><F87/><W117/><G117/><T104/><D31/><U97/><E26/><AGARI ba="0,1" hai="16,20,26,45,48,53,57,60,66,77,78,80,84,88" machi="26" ten="30,8000,1" yaku="7,1,8,1,52,1,54,2" doraHai="49" who="2" fromWho="1" sc="247,0,253,-80,250,90,240,0" /><AGARI ba="0,0" hai="25,26,27,54,58,63,76,81,86,91,95,98,133,135" machi="26" ten="40,2600,0" yaku="1,1,52,1,53,0" doraHai="49" doraHaiUra="126" who="3" fromWho="1" sc="247,0,173,-26,340,0,240,26" /><INIT seed="2,0,0,0,4,119" ten="247,147,340,266" oya="2" hai0="33,36,60,115,53,12,117,38,96,118,69,19,22" hai1="123,87,13,51,46,100,43,49,81,106,112,82,47" hai2="101,110,127,17,11,9,5,62,4,58,1,10,132" hai3="39,15,121,88,50,61,37,107,71,99,25,109,122"/><V26/><F127/><W34/><G50/><T113/><D33/><U21/><E112/><V72/><F132/><W2/><G2/><T97/><D69/><U116/><E116/><N who="0" m="44649" /><D53/><U42/><E106/><V41/><F72/><W95/><G109/><T129/><D60/><U55/><E100/><V125/><F125/><W128/><G128/><T65/><D65/><U104/><E104/><V7/><F41/><W73/><G73/><T90/><D129/><U64/><E64/><V31/><F101/><W6/><G107/><T78/><D78/><U114/><E114/><N who="0" m="43529" /><D90/><U16/><E123/><V74/><F110/><W63/><G61/><T135/><D135/><U92/><E55/><V57/><F62/><W27/><G63/><T28/><D28/><U130/><REACH who="1" step="1"/><E130/><REACH who="1" ten="247,137,340,266" step="2"/><V52/><F52/><W83/><G121/><T0/><D0/><U54/><E54/><V75/><F1/><W131/><G122/><T77/><D77/><U45/><E45/><V105/><F105/><W8/><G131/><T18/><D18/><U59/><E59/><V30/><F17/><W24/><G71/><T3/><D3/><U70/><E70/><V80/><F58/><W48/><G34/><T40/><D36/><U23/><E23/><V29/><F57/><W20/><G39/><T94/><D38/><U35/><E35/><V86/><F29/><W44/><G37/><T91/><D40/><U93/><E93/><V84/><F31/><N who="3" m="17799" /><G83/><T98/><AGARI ba="0,1" hai="12,19,22,91,94,96,97,98" m="43529,44649" machi="98" ten="40,1500,0" yaku="12,1" doraHai="119" who="0" fromWho="0" sc="247,25,137,-4,340,-7,266,-4" /><INIT seed="3,0,0,2,4,76" ten="272,133,333,262" oya="3" hai0="99,115,42,22,54,119,62,23,129,39,8,12,121" hai1="77,65,79,89,60,7,63,53,100,130,10,18,58" hai2="133,57,9,110,116,93,20,123,3,28,61,44,21" hai3="4,124,11,82,103,68,45,16,29,35,72,14,19"/><W91/><G68/><T81/><D119/><U31/><E130/><V36/><F110/><W0/><G124/><T111/><D121/><U38/><E38/><V97/><F116/><W125/><G125/><T87/><D111/><U71/><E100/><V95/><F133/><W107/><G14/><T101/><D129/><U78/><E31/><V114/><F114/><W26/><G45/><T66/><D54/><U86/><E18/><V43/><F95/><W88/><G72/><T90/><D115/><U34/><E34/><V55/><F28/><W106/><G106/><T50/><D39/><U73/><E73/><V98/><F98/><W56/><G56/><T48/><D48/><U96/><E96/><V69/><F69/><W25/><G25/><T27/><D27/><U40/><E40/><V127/><F123/><W83/><G103/><T13/><D13/><U80/><E89/><V49/><F36/><W24/><G107/><T33/><D33/><U70/><E71/><V2/><F2/><W17/><REACH who="3" step="1"/><G24/><REACH who="3" ten="272,133,333,252" step="2"/><T94/><D12/><U105/><REACH who="1" step="1"/><E105/><REACH who="1" ten="272,123,333,252" step="2"/><V64/><F127/><W135/><G135/><T74/><D101/><U122/><E122/><V112/><F112/><W118/><G118/><T92/><D42/><U67/><E67/><V37/><F64/><W52/><G52/><T75/><D66/><U131/><E131/><V128/><F128/><W15/><G15/><T108/><D108/><U6/><E6/><N who="2" m="1247" /><F37/><W51/><G51/><T41/><D50/><U120/><E120/><V84/><F43/><W5/><G5/><T126/><D41/><U32/><E32/><RYUUKYOKU ba="0,2" sc="272,-15,123,15,333,-15,252,15" hai1="7,10,53,58,60,63,65,70,77,78,79,80,86" hai3="0,4,11,16,17,19,26,29,35,82,83,88,91" /><INIT seed="3,1,2,5,2,75" ten="257,138,318,267" oya="3" hai0="65,118,81,68,101,24,132,16,32,60,26,126,54" hai1="0,124,35,121,108,129,71,94,113,98,104,127,25" hai2="102,43,49,46,106,52,21,62,36,125,42,70,6" hai3="48,79,82,93,85,97,90,117,133,114,100,92,7"/><W57/><G117/><T61/><D118/><U15/><RYUUKYOKU type="yao9" ba="1,2" sc="257,0,138,0,318,0,267,0" hai1="0,15,25,35,71,94,98,104,108,113,121,124,127,129" /><INIT seed="3,2,2,1,2,13" ten="257,138,318,267" oya="3" hai0="12,16,38,1,43,50,60,24,118,77,129,102,0" hai1="37,80,112,124,106,130,126,67,82,14,110,104,99" hai2="4,3,70,23,93,119,123,5,10,133,127,52,19" hai3="131,27,63,28,46,45,116,55,81,96,54,113,101"/><W39/><G116/><T41/><D118/><U22/><E37/><V34/><F119/><W59/><G113/><T69/><D38/><U35/><E67/><V92/><F70/><W100/><G131/><T44/><D43/><U75/><E35/><V57/><F34/><W108/><G108/><T18/><D102/><U122/><E22/><V111/><F111/><W83/><G39/><T107/><D107/><N who="1" m="41003" /><E14/><N who="2" m="5447" /><F127/><N who="1" m="48681" /><E110/><V31/><F133/><W53/><G27/><T91/><D91/><U2/><E2/><V40/><F123/><W51/><G28/><T79/><D129/><U32/><E32/><V56/><F3/><W71/><G101/><T134/><D134/><U42/><E42/><V58/><F5/><W89/><G100/><T114/><D114/><U132/><E130/><V73/><F73/><W105/><G105/><T68/><D68/><U26/><E132/><V87/><F40/><W48/><G71/><T21/><D0/><U98/><E26/><N who="2" m="14719" /><F31/><W103/><G103/><T90/><D1/><U135/><E135/><V86/><F52/><W25/><G25/><T95/><D60/><U61/><E61/><V6/><F6/><W109/><G109/><T33/><D69/><U117/><E117/><V62/><F62/><W120/><G120/><T15/><D33/><U76/><E122/><V65/><F65/><W94/><AGARI ba="2,2" hai="45,46,48,51,53,54,55,59,63,81,83,89,94,96" machi="94" ten="30,6000,0" yaku="0,1,9,1,8,1" doraHai="13" who="3" fromWho="3" sc="257,-22,138,-22,318,-22,267,86" owari="235,-16.5,116,-38.4,296,9.6,353,45.3" /></mjloggm>