<mjloggm ver="2.3"><GO type="225" lobby="0"/><UN n0="%6C%65%74%69%74%62%65" n1="%E3%83%A9%E3%82%B9%E7%8E%87%EF%BC%93%E5%89%B2" n2="%E5%A4%8F%E9%88%B4%E9%88%B4%E5%A4%8F" n3="%E3%83%A9%E3%83%BC%E3%83%A1%E3%83%B3%E4%BA%94%E9%83%8E" dan="16,16,16,16" rate="2108.44,2178.04,2098.83,2116.79" sx="M,F,F,M"/><TAIKYOKU oya="0"/><INIT seed="0,0,0,3,1,53" ten="250,250,250,250" oya="0" hai0="50,93,72,124,19,60,15,61,34,86,51,13,47" hai1="38,31,55,125,127,135,52,98,41,104,79,71,111" hai2="42,23,65,95,120,1,103,67,97,33,89,117,78" hai3="10,92,57,7,102,76,58,11,121,88,85,21,28"/><T80/><D124/><N who="1" m="47691" /><E111/><V106/><F120/><W43/><G121/><T116/><D116/><U44/><E135/><V64/><F33/><W74/><G43/><T48/><D34/><U22/><E71/><V119/><F1/><W94/><G74/><T16/><D72/><U14/><E79/><V129/><F129/><W29/><G76/><N who="0" m="46343" /><D47/><U6/><E31/><N who="3" m="11850" /><G21/><N who="0" m="11407" /><D93/><U18/><E6/><V101/><F119/><W100/><G7/><T107/><D107/><U96/><E96/><V4/><F42/><W40/><G40/><T118/><D118/><U131/><E131/><V0/><F4/><W114/><G114/><T105/><D105/><U17/><E17/><V56/><F0/><W24/><G24/><T82/><D82/><U8/><E22/><AGARI ba="0,0" hai="15,19,22,48,50,51,60,61" m="11407,46343" machi="22" ten="30,2900,0" yaku="8,1,54,1" doraHai="53" who="0" fromWho="1" sc="250,29,250,-29,250,0,250,0" /><INIT seed="0,1,0,0,4,109" ten="279,221,250,250" oya="0" hai0="135,72,87,34,59,30,54,61,63,80,122,29,9" hai1="107,68,105,25,113,78,10,131,60,75,17,62,32" hai2="2,65,124,129,22,126,79,35,27,44,12,13,127" hai3="88,71,108,56,94,134,91,53,20,26,85,116,120"/><T128/><D122/><U14/><E131/><V28/><F79/><W38/><G134/><T74/><D128/><U1/><E78/><V121/><F121/><W98/><G108/><T73/><D135/><U57/><E75/><V95/><F129/><W86/><G116/><T48/><D9/><U0/><E68/><V42/><F2/><W24/><G120/><T117/><D117/><U96/><E60/><V81/><F81/><W55/><G38/><T58/><D34/><U100/><E105/><V50/><F65/><W43/><G43/><T66/><REACH who="0" step="1"/><D61/><REACH who="0" ten="269,221,250,250" step="2"/><U51/><E62/><V76/><F76/><AGARI ba="1,1" hai="29,30,48,54,58,59,63,66,72,73,74,76,80,87" machi="76" ten="40,3900,0" yaku="1,1,2,1,53,0" doraHai="109" doraHaiUra="7" who="0" fromWho="2" sc="269,52,221,0,250,-42,250,0" /><INIT seed="0,2,0,0,2,53" ten="321,221,208,250" oya="0" hai0="86,45,19,18,22,26,78,42,75,4,51,54,90" hai1="106,12,99,62,103,13,97,87,125,116,72,15,31" hai2="8,37,35,48,107,80,118,47,38,40,96,67,36" hai3="133,50,55,7,56,34,44,132,91,30,105,61,49"/><T101/><D101/><U121/><E116/><V28/><F118/><W84/><G105/><T104/><D104/><U10/><E121/><V69/><F80/><W94/><G7/><T130/><D130/><U108/><E72/><V100/><F8/><W98/><G50/><T122/><D122/><U77/><E108/><V65/><REACH who="2" step="1"/><F69/><REACH who="2" ten="321,221,198,250" step="2"/><W123/><G123/><T111/><D111/><U21/><E10/><V110/><F110/><W81/><G133/><T92/><D75/><U24/><E77/><V68/><F68/><W117/><G132/><T23/><D78/><U71/><E71/><V70/><F70/><W114/><G117/><T128/><D128/><U63/><E125/><V64/><F64/><N who="3" m="38951" /><G114/><T41/><REACH who="0" step="1"/><D4/><REACH who="0" ten="311,221,198,250" step="2"/><U131/><E131/><V27/><AGARI ba="2,2" hai="27,28,35,36,37,38,40,47,48,65,67,96,100,107" machi="27" ten="40,8000,1" yaku="1,1,0,1,53,2" doraHai="53" doraHaiUra="60" who="2" fromWho="2" sc="311,-42,221,-22,198,106,250,-22" /><INIT seed="1,0,0,5,1,8" ten="269,199,304,228" oya="1" hai0="29,40,39,61,41,6,117,23,56,82,12,53,100" hai1="74,94,51,107,112,123,32,11,102,47,81,99,114" hai2="89,70,62,35,84,26,17,119,34,128,69,77,60" hai3="104,75,76,59,14,126,92,52,68,86,50,2,133"/><U43/><E123/><V28/><F119/><W125/><G2/><T79/><D39/><U44/><E32/><V121/><F121/><W134/><G68/><T130/><D117/><U7/><E47/><V113/><F35/><W45/><G104/><T22/><D100/><U9/><E9/><V16/><F77/><W122/><G122/><T67/><D67/><U5/><E5/><V19/><F128/><W124/><G75/><T88/><D79/><U87/><E74/><V27/><F113/><W111/><G111/><T103/><D103/><U13/><REACH who="1" step="1"/><E107/><REACH who="1" ten="269,189,304,228" step="2"/><V54/><F34/><W3/><G45/><T64/><D6/><U116/><E116/><V135/><F135/><W24/><G134/><T132/><D132/><U0/><E0/><V83/><F26/><W4/><G133/><T38/><D12/><U20/><E20/><V18/><F27/><W57/><G3/><T36/><D22/><U25/><E25/><V93/><F70/><W33/><G33/><T21/><D21/><U31/><E31/><V71/><F69/><W49/><G24/><T78/><D23/><U72/><E72/><V129/><F71/><W95/><G4/><T131/><D29/><U106/><E106/><V15/><F28/><W120/><G120/><T85/><D131/><U66/><E66/><V91/><F129/><W65/><G14/><T90/><D64/><U10/><E10/><V48/><F15/><W105/><G105/><T63/><D130/><U42/><E42/><V1/><N who="2" m="4096" /><DORA hai="58" /><V97/><F1/><W96/><G65/><T73/><D73/><U80/><E80/><RYUUKYOKU ba="0,1" sc="269,-15,189,15,304,15,228,-15" hai1="7,11,13,43,44,51,81,87,94,99,102,112,114" hai2="48,54,60,62,83,84,89,91,93,97" /><INIT seed="1,1,1,5,0,14" ten="254,204,319,213" oya="1" hai0="133,50,86,124,12,30,87,59,109,75,76,23,71" hai1="4,81,53,31,9,57,35,90,104,130,101,16,44" hai2="29,28,70,118,5,33,54,21,65,64,48,97,73" hai3="25,3,79,49,67,51,135,110,24,127,8,22,58"/><U112/><E112/><V122/><F73/><W119/><G110/><T74/><D71/><U77/><E130/><V69/><F122/><W128/><G128/><T10/><D109/><U131/><E131/><V113/><F33/><W114/><G114/><T46/><D133/><U132/><E132/><V83/><F118/><W98/><G135/><T72/><D59/><U60/><E35/><V7/><F70/><W100/><G119/><T120/><D124/><U43/><E31/><V15/><F69/><W82/><G127/><T42/><D120/><U11/><E90/><V20/><F83/><W121/><G121/><T91/><D76/><U56/><E56/><V111/><F111/><W126/><G126/><T95/><D23/><N who="2" m="8778" /><F97/><W108/><G108/><T93/><D30/><N who="2" m="11882" /><F15/><W37/><G37/><T40/><D86/><N who="1" m="48431" /><E104/><V66/><F113/><W2/><G2/><T105/><D105/><U68/><E68/><V85/><F85/><N who="3" m="48351" /><G3/><T39/><D93/><U63/><E101/><V6/><F66/><W38/><G67/><T94/><D94/><U89/><E89/><V61/><F61/><N who="1" m="23625" /><E4/><V55/><F55/><N who="3" m="32111" /><G38/><T0/><D0/><U78/><E78/><V45/><AGARI ba="1,1" hai="5,6,7,45,48,54,64,65" m="11882,8778" machi="45" ten="30,1100,0" yaku="8,1" doraHai="14" who="2" fromWho="2" sc="254,-4,204,-6,319,24,213,-4" /><INIT seed="2,0,0,5,3,104" ten="250,198,343,209" oya="2" hai0="108,119,135,93,111,113,60,14,40,96,1,37,27" hai1="26,13,58,120,78,59,18,6,125,21,71,116,50" hai2="34,47,66,86,54,68,3,52,95,17,129,43,99" hai3="98,51,131,53,103,109,85,89,102,8,133,130,15"/><V123/><F123/><W101/><G109/><N who="0" m="42059" /><D1/><U36/><E36/><V57/><F3/><W83/><G133/><T97/><D113/><U65/><E116/><V22/><F34/><W112/><G112/><T39/><D135/><U56/><E125/><V106/><F106/><W118/><G118/><T122/><D122/><U90/><E120/><V132/><F132/><W79/><G79/><T72/><D72/><U73/><E90/><V30/><F30/><W49/><G98/><T41/><D60/><U19/><E6/><V80/><F66/><W94/><G94/><T45/><D27/><U105/><E105/><V81/><F68/><W128/><REACH who="3" step="1"/><G53/><REACH who="3" ten="250,198,343,199" step="2"/><T33/><D93/><U9/><E78/><V75/><F54/><W61/><G61/><T55/><D55/><U16/><E73/><V77/><F52/><W92/><G92/><T38/><D96/><U7/><REACH who="1" step="1"/><E50/><REACH who="1" ten="250,188,343,199" step="2"/><N who="2" m="27007" /><F75/><W4/><AGARI ba="0,2" hai="4,8,15,49,51,83,85,89,101,102,103,128,130,131" machi="4" ten="40,8000,1" yaku="1,1,0,1,19,1,53,1" doraHai="104" doraHaiUra="11" who="3" fromWho="3" sc="250,-20,188,-20,343,-40,199,100" /><INIT seed="3,0,0,2,5,114" ten="230,168,303,299" oya="3" hai0="112,19,94,83,44,127,45,74,99,87,84,10,106" hai1="123,105,73,39,62,17,46,98,78,103,22,76,48" hai2="55,65,36,118,26,110,31,53,107,18,12,51,91" hai3="49,88,69,38,81,66,64,61,32,41,3,113,124"/><W133/><G3/><T102/><D112/><U2/><E123/><V82/><F118/><W70/><G113/><T79/><D127/><U115/><E115/><V117/><F117/><W16/><G32/><T71/><D71/><U132/><E132/><V60/><F107/><W28/><G28/><T24/><D84/><U23/><E2/><V29/><F36/><W97/><G133/><T100/><D100/><U131/><E131/><V85/><F51/><W8/><G124/><T43/><D43/><U11/><E39/><V30/><F26/><W92/><G38/><T96/><D96/><U15/><E62/><V13/><F13/><N who="3" m="7207" /><G69/><T108/><D108/><U7/><E73/><V95/><F82/><W72/><G72/><T116/><D116/><U89/><E89/><V128/><F110/><W111/><G70/><T6/><D19/><U90/><E90/><V52/><F65/><N who="3" m="25195" /><G111/><T120/><D24/><U56/><E56/><N who="2" m="34823" /><F128/><W14/><G14/><N who="0" m="5463" /><D120/><U77/><REACH who="1" step="1"/><E17/><REACH who="1" ten="230,158,303,299" step="2"/><V101/><F101/><W67/><G61/><T35/><D74/><U57/><E57/><V63/><F63/><W75/><G67/><T9/><D102/><U4/><E4/><V104/><F104/><W129/><G129/><T34/><D106/><U80/><E80/><V21/><AGARI ba="0,1" hai="12,18,21,29,30,31,53,55,85,91,95" m="34823" machi="21" ten="30,2000,0" yaku="8,1,54,1" doraHai="114" who="2" fromWho="2" sc="230,-5,158,-5,303,30,299,-10" owari="225,-17.5,153,-34.7,333,43.3,289,8.9" /></mjloggm>