<mjloggm ver="2.3"><GO type="225" lobby="0"/><UN n0="%72%65%6E%6B%75%6E" n1="%E7%AB%8B%E8%8A%B1%E9%9F%BF" n2="%70%68%65%6E%6F%6D%65" n3="%E3%81%AF%E3%82%88%E3%81%8A%E3%81%98%E3%81%95%E3%82%93" dan="17,17,16,17" rate="2201.31,2189.27,2169.56,2157.02" sx="M,F,M,M"/><TAIKYOKU oya="0"/><INIT seed="0,0,0,1,5,87" ten="250,250,250,250" oya="0" hai0="118,111,42,113,14,79,7,17,20,109,102,37,51" hai1="32,59,67,19,96,103,63,56,72,131,18,47,52" hai2="95,48,117,21,73,116,112,45,92,29,66,85,8" hai3="22,40,105,97,74,107,99,129,115,77,44,94,98"/><T76/><D113/><U101/><E131/><V82/><F66/><W60/><G60/><T34/><D118/><N who="2" m="45674" /><F73/><W35/><G35/><T84/><D34/><U135/><E135/><V120/><F120/><W65/><G65/><T61/><D37/><U127/><E127/><V24/><F8/><W10/><G10/><T86/><D102/><U2/><E72/><V4/><F4/><W0/><G0/><T114/><D7/><U62/><E2/><V6/><F6/><W89/><G22/><T130/><D114/><U75/><E75/><V126/><F126/><W83/><G115/><T123/><D123/><U43/><E32/><V64/><F64/><W31/><G31/><T38/><D38/><U12/><E96/><N who="3" m="36970" /><G44/><N who="0" m="26007" /><D61/><U93/><E93/><V104/><F104/><N who="3" m="40011" /><G40/><T80/><D130/><AGARI ba="0,0" hai="74,77,83,89,94,99,129,130" m="40011,36970" machi="130" ten="30,3900,0" yaku="34,2,52,1" doraHai="87" who="3" fromWho="0" sc="250,-39,250,0,250,0,250,39" /><INIT seed="1,0,0,0,1,13" ten="211,250,250,289" oya="1" hai0="44,83,108,86,15,61,74,119,12,101,4,48,104" hai1="41,117,0,1,130,131,123,127,40,29,121,129,116" hai2="39,122,78,55,54,132,31,99,135,95,120,27,59" hai3="18,91,87,47,115,58,56,42,125,32,110,7,98"/><U113/><E29/><V38/><F78/><W49/><G115/><T89/><D119/><N who="1" m="45643" /><E113/><V50/><F95/><N who="3" m="56703" /><G32/><T106/><D108/><U23/><E23/><V37/><F99/><W16/><G110/><T126/><D126/><U20/><E20/><V109/><F109/><W46/><G125/><T96/><D104/><U77/><E77/><V73/><F73/><W79/><G47/><T102/><D102/><U71/><E71/><V22/><REACH who="2" step="1"/><F54/><REACH who="2" ten="211,250,240,289" step="2"/><W21/><G79/><T107/><D107/><U45/><E127/><V14/><F14/><N who="3" m="9367" /><G87/><T35/><D74/><U134/><E134/><AGARI ba="0,1" hai="22,27,31,37,38,39,50,55,59,120,122,132,134,135" machi="134" ten="50,3200,0" yaku="1,1,20,1,53,0" doraHai="13" doraHaiUra="57" who="2" fromWho="1" sc="211,0,250,-32,240,42,289,0" /><INIT seed="2,0,0,5,2,14" ten="211,218,282,289" oya="2" hai0="44,119,67,102,15,35,29,80,58,83,70,91,42" hai1="128,41,74,131,112,9,43,113,61,28,116,11,107" hai2="135,117,57,2,27,19,73,77,134,30,17,95,55" hai3="106,68,31,66,49,23,114,127,126,97,79,36,8"/><V26/><F117/><W109/><G36/><T38/><D70/><U40/><E116/><V118/><F2/><W32/><G109/><T98/><D119/><U59/><E107/><V125/><F118/><W132/><G132/><N who="2" m="50729" /><F125/><W39/><G39/><T4/><D91/><U88/><E74/><V92/><F77/><W115/><G49/><T25/><D67/><U47/><E28/><V20/><F73/><W6/><G23/><T16/><D4/><U3/><E3/><V75/><F75/><W121/><G79/><T84/><D58/><U21/><E21/><N who="2" m="13615" /><F30/><W133/><G121/><T100/><D84/><U81/><E11/><V71/><F71/><W105/><G133/><T93/><D100/><U48/><E9/><AGARI ba="0,0" hai="9,15,16,25,29,35,38,42,44,80,83,93,98,102" machi="9" ten="30,3900,0" yaku="7,1,52,1,54,1" doraHai="14" who="0" fromWho="1" sc="211,39,218,-39,282,0,289,0" /><INIT seed="3,0,0,3,2,57" ten="250,179,282,289" oya="3" hai0="116,19,51,45,80,129,76,69,23,15,28,2,24" hai1="130,31,44,8,59,66,73,115,5,134,46,95,79" hai2="11,1,91,10,39,96,27,131,103,86,61,81,67" hai3="123,21,56,101,16,71,109,22,127,34,75,20,85"/><W70/><G123/><T114/><D129/><U133/><E115/><V64/><F131/><W104/><G34/><T118/><D69/><U37/><E130/><V6/><F39/><W87/><G75/><T30/><D2/><U9/><E31/><V41/><F41/><W54/><G127/><T65/><D65/><U4/><E95/><V94/><F27/><W12/><G109/><T3/><D3/><U105/><E105/><V83/><F11/><N who="1" m="4169" /><E79/><V63/><F64/><W119/><G119/><T125/><D125/><U68/><E73/><V90/><F67/><W121/><G121/><T113/><D30/><U122/><E122/><V117/><F117/><W36/><G36/><T53/><D114/><U124/><E124/><V98/><F83/><W26/><G101/><T92/><D92/><AGARI ba="0,0" hai="1,6,10,61,63,81,86,90,91,92,94,96,98,103" machi="92" ten="30,3900,0" yaku="7,1,52,2" doraHai="57" who="2" fromWho="0" sc="250,-39,179,0,282,39,289,0" owari="211,-18.9,179,-32.1,321,42.1,289,8.9" /></mjloggm>