<mjloggm ver="2.3"><GO type="225" lobby="0"/><UN n0="%E6%B4%BE%E9%81%A3%E3%81%AE%E3%82%B8%E3%83%A3%E3%83%83%E3%82%AF" n1="%E6%B7%91%E5%A5%B3%E3%81%AE%E5%97%9C%E3%81%BF" n2="%E3%81%BF%E3%81%BF%E3%81%9A" n3="%E6%81%A5%E6%99%92%E3%81%97" dan="17,16,18,16" rate="2186.10,2105.48,2247.95,2196.31" sx="M,M,M,M"/><TAIKYOKU oya="0"/><INIT seed="0,0,0,3,2,123" ten="250,250,250,250" oya="0" hai0="11,47,104,51,26,21,131,126,39,36,55,82,32" hai1="94,28,96,4,70,73,31,6,67,130,57,64,13" hai2="89,45,48,119,60,2,118,113,38,107,19,43,101" hai3="58,120,30,115,14,87,68,41,85,80,0,18,66"/><T129/><D104/><U15/><E73/><V116/><F113/><W125/><G115/><T81/><D32/><U8/><E70/><V22/><F2/><W92/><G120/><T124/><D11/><N who="1" m="4327" /><E130/><N who="0" m="49673" /><D81/><U53/><E64/><V52/><F89/><W91/><G125/><N who="0" m="48235" /><D82/><U5/><E67/><V112/><F60/><W54/><G0/><T62/><D21/><U110/><E110/><V9/><F9/><W97/><G30/><T23/><D23/><U3/><E6/><V40/><F112/><W69/><G80/><T78/><D26/><U61/><E3/><V7/><F7/><W135/><G14/><T132/><D78/><U50/><E61/><V63/><F63/><W35/><G35/><T17/><D17/><U29/><E29/><V42/><F101/><AGARI ba="0,0" hai="5,8,15,28,31,50,53,57,94,96,101" m="4327" machi="101" ten="30,1000,0" yaku="8,1" doraHai="123" who="1" fromWho="2" sc="250,0,250,10,250,-10,250,0" /><INIT seed="1,0,0,2,2,55" ten="250,260,240,250" oya="1" hai0="22,40,36,45,109,70,89,29,128,50,33,17,117" hai1="132,107,54,7,93,2,135,102,67,20,61,76,71" hai2="125,115,18,116,88,23,47,27,15,26,87,48,122" hai3="13,53,98,96,77,81,78,129,101,8,37,32,4"/><U16/><E107/><V126/><F116/><W97/><G32/><T105/><D117/><U44/><E76/><V134/><F134/><N who="1" m="51241" /><E7/><V80/><F122/><W95/><G129/><T111/><D105/><U21/><E2/><V31/><F115/><W43/><G37/><T10/><D70/><U62/><E44/><V113/><F113/><W49/><G78/><T114/><D114/><U75/><E75/><V131/><F131/><W41/><G41/><T25/><D128/><U79/><E79/><V6/><F6/><W110/><G110/><N who="0" m="41995" /><D89/><U63/><E21/><V30/><F30/><W120/><G120/><T112/><D112/><U85/><E54/><N who="2" m="29983" /><F31/><W35/><G35/><T91/><D91/><N who="1" m="53487" /><E102/><V51/><F51/><W127/><G43/><T14/><D36/><U24/><AGARI ba="0,0" hai="16,20,24,61,62,63,67,71" m="53487,51241" machi="24" ten="30,3000,0" yaku="20,1,54,1" doraHai="55" who="1" fromWho="1" sc="250,-10,260,30,240,-10,250,-10" /><INIT seed="1,1,0,1,3,13" ten="240,290,230,240" oya="1" hai0="30,3,67,119,129,33,34,12,70,55,45,24,92" hai1="69,85,17,89,77,101,22,96,133,99,38,54,103" hai2="97,16,88,74,7,78,64,0,100,116,81,82,29" hai3="62,112,59,42,52,28,36,117,48,109,21,106,125"/><U47/><E69/><V126/><F116/><W15/><G112/><T127/><D119/><U57/><E133/><V95/><F29/><W19/><G117/><T120/><D3/><U107/><E77/><V63/><F126/><W87/><G106/><T4/><D127/><U37/><E47/><V110/><F110/><W8/><G125/><T76/><D129/><U118/><E118/><V26/><F7/><W132/><G109/><T80/><D120/><U105/><E85/><V128/><F0/><W60/><G132/><T94/><D33/><U35/><E89/><V84/><F128/><W113/><G113/><T134/><D134/><U111/><E35/><V104/><F82/><W41/><G36/><T68/><D68/><U124/><E124/><V72/><F72/><W23/><G87/><T86/><D67/><U121/><E121/><V5/><F5/><W50/><G50/><T108/><D70/><U31/><E31/><V53/><F53/><W58/><G48/><T135/><D135/><U71/><E71/><N who="2" m="42399" /><F26/><N who="3" m="16463" /><G8/><N who="0" m="4103" /><D108/><U43/><E111/><V130/><F130/><W2/><G2/><T14/><D14/><N who="1" m="9527" /><E43/><V20/><F20/><W98/><G98/><T123/><D123/><U75/><E75/><V25/><F25/><W115/><G115/><T93/><D45/><U65/><E65/><AGARI ba="1,0" hai="15,19,23,41,42,52,58,59,60,62,65" m="16463" machi="65" ten="30,3900,0" yaku="8,1,52,1,54,1" doraHai="13" who="3" fromWho="1" sc="240,0,290,-42,230,0,240,42" /><INIT seed="2,0,0,5,1,9" ten="240,248,230,282" oya="2" hai0="56,133,14,49,22,58,88,38,0,55,115,80,81" hai1="108,117,76,30,120,52,32,128,57,7,96,33,73" hai2="59,91,28,74,70,101,124,103,110,132,43,27,119" hai3="122,105,79,130,89,106,131,93,99,12,21,71,67"/><V37/><F119/><W92/><G122/><T68/><D115/><U62/><E117/><V8/><F70/><W134/><G134/><T20/><D38/><U126/><E120/><V45/><F132/><W42/><G42/><T83/><D68/><U63/><E108/><V41/><F110/><W72/><G71/><T13/><D0/><U6/><E126/><V2/><F124/><W85/><G67/><T1/><D1/><U16/><E128/><N who="3" m="49194" /><G72/><T3/><D3/><U18/><E96/><V125/><F125/><W11/><G21/><N who="0" m="8299" /><D133/><U4/><E63/><V50/><F91/><N who="3" m="53359" /><G79/><T26/><D26/><U64/><E64/><V98/><F74/><W31/><G31/><T60/><D88/><U127/><E127/><V118/><F118/><W51/><G51/><T5/><D5/><AGARI ba="0,0" hai="5,11,12,89,93,99,105,106" m="53359,49194" machi="5" ten="30,2000,0" yaku="19,1,52,1" doraHai="9" who="3" fromWho="0" sc="240,-20,248,0,230,0,282,20" /><INIT seed="3,0,0,1,5,64" ten="220,248,230,302" oya="3" hai0="12,89,130,97,20,82,31,14,83,19,53,49,109" hai1="22,133,126,122,65,54,93,32,28,106,15,6,70" hai2="56,44,13,11,8,91,36,79,85,48,2,92,10" hai3="27,112,50,115,4,118,57,33,60,40,114,124,21"/><W45/><G118/><T68/><D109/><U100/><E122/><V69/><F2/><W66/><G124/><T125/><D125/><U98/><E126/><V120/><F120/><W25/><G33/><T34/><D130/><U76/><E133/><V110/><F69/><W88/><G4/><T75/><D68/><U71/><E76/><V59/><F36/><W74/><G74/><T99/><D75/><U105/><E54/><V108/><F79/><W103/><G103/><T131/><D131/><U23/><E65/><V96/><F96/><N who="0" m="36938" /><D34/><U90/><E105/><V119/><F119/><W35/><G35/><T16/><D31/><U43/><E43/><V101/><F101/><W87/><REACH who="3" step="1"/><G21/><REACH who="3" ten="220,248,230,292" step="2"/><N who="0" m="11399" /><D89/><U1/><E32/><V37/><F110/><W95/><AGARI ba="0,1" hai="25,27,40,45,50,57,60,66,87,88,95,112,114,115" machi="95" ten="30,6000,0" yaku="1,1,0,1,54,1,53,0" doraHai="64" doraHaiUra="135" who="3" fromWho="3" sc="220,-20,248,-20,230,-20,292,70" owari="200,-30.0,228,2.8,210,-19.0,362,46.2" /></mjloggm>