<mjloggm ver="2.3"><GO type="225" lobby="0"/><UN n0="%E3%81%BF%E3%81%BF%E3%81%9A" n1="%E3%83%B4%E3%83%A0%EF%BC%99%E3%81%A6" n2="%E5%85%88%E7%89%A9%E3%81%AF%74%72%61%73%68" n3="%E3%81%A4%E3%81%A3%E3%81%B1%E3%82%8A%E3%83%9D%E3%83%BC%E3%83%AB" dan="17,16,17,17" rate="2259.06,2186.80,2139.12,2148.82" sx="M,M,M,M"/><TAIKYOKU oya="0"/><INIT seed="0,0,0,3,3,75" ten="250,250,250,250" oya="0" hai0="36,58,16,22,100,133,104,52,61,25,37,68,10" hai1="28,78,84,50,32,65,60,66,126,116,77,14,79" hai2="86,1,112,82,51,3,49,123,54,113,47,76,44" hai3="19,135,13,96,38,71,85,0,7,59,64,101,45"/><T117/><D117/><U5/><E116/><V127/><F123/><W23/><G135/><T11/><D133/><U92/><E126/><V72/><F127/><W128/><G128/><T105/><D68/><U106/><E106/><V109/><F109/><W46/><G71/><T20/><D10/><N who="1" m="4431" /><E32/><V30/><F30/><W24/><G0/><T40/><D11/><U83/><E28/><V21/><F21/><W35/><G38/><T111/><D111/><U120/><E120/><V43/><REACH who="2" step="1"/><F72/><REACH who="2" ten="250,250,240,250" step="2"/><W34/><G34/><T108/><D108/><U29/><E29/><V57/><F57/><W4/><G59/><T15/><D105/><U97/><E50/><V33/><F33/><W93/><G35/><T122/><D122/><U31/><E31/><V12/><F12/><W87/><G13/><T74/><D74/><U107/><E107/><V73/><F73/><W8/><G8/><T41/><D37/><U115/><E115/><AGARI ba="0,1" hai="1,3,43,44,47,49,51,54,76,82,86,112,113,115" machi="115" ten="40,2600,0" yaku="1,1,52,1,53,0" doraHai="75" doraHaiUra="102" who="2" fromWho="1" sc="250,0,250,-26,240,36,250,0" /><INIT seed="1,0,0,2,4,10" ten="250,224,276,250" oya="1" hai0="75,86,126,5,13,21,80,29,131,22,19,118,32" hai1="135,70,92,11,121,61,115,96,20,50,76,104,17" hai2="3,1,77,85,26,60,89,43,51,39,93,40,87" hai3="30,42,124,68,88,112,129,95,125,25,72,66,128"/><U113/><E121/><V119/><F119/><W57/><G72/><T46/><D118/><U62/><E104/><V24/><F39/><W16/><G112/><T81/><D126/><N who="3" m="48745" /><G42/><T123/><D123/><U102/><E135/><V12/><F60/><N who="3" m="38159" /><G68/><T84/><D131/><N who="3" m="50249" /><G30/><T15/><D75/><U69/><E69/><V58/><F40/><W83/><G83/><T98/><D98/><U59/><E70/><V48/><F43/><W63/><G63/><T107/><D107/><U56/><E50/><V47/><F51/><W97/><G25/><T64/><D64/><U54/><E76/><V0/><F24/><W53/><G53/><T36/><D36/><U44/><E44/><V122/><F26/><W105/><G105/><T9/><D46/><U99/><E115/><V103/><F122/><W78/><G16/><N who="0" m="10383" /><D29/><U130/><E130/><V49/><F47/><W82/><G82/><N who="0" m="31851" /><D32/><U116/><E113/><V6/><F77/><AGARI ba="0,0" hai="77,78,88,95,97" m="50249,38159,48745" machi="77" ten="30,3900,0" yaku="18,1,19,1,54,1" doraHai="10" who="3" fromWho="2" sc="250,0,224,0,276,-39,250,39" /><INIT seed="2,0,0,1,2,114" ten="250,224,237,289" oya="2" hai0="36,89,24,16,2,3,70,60,41,87,71,48,44" hai1="108,109,1,90,86,96,92,68,125,102,135,131,20" hai2="76,55,27,124,80,25,18,84,32,28,115,10,63" hai3="83,88,94,26,35,64,129,46,134,65,56,49,120"/><V75/><F115/><W4/><G120/><T98/><D98/><U7/><E68/><V113/><F113/><W19/><G134/><T97/><D97/><U23/><E135/><V15/><F124/><W110/><G110/><N who="1" m="42602" /><E125/><V31/><F63/><W54/><G129/><T13/><D24/><U133/><E133/><V126/><F126/><W100/><G4/><T81/><D36/><U5/><E131/><V67/><F67/><W128/><G128/><T107/><D107/><N who="1" m="63943" /><E1/><V37/><F37/><W50/><G100/><T79/><D71/><U104/><E104/><V33/><REACH who="2" step="1"/><F55/><REACH who="2" ten="250,224,227,289" step="2"/><W39/><G54/><T121/><D121/><U74/><E74/><AGARI ba="0,1" hai="10,15,18,25,27,28,31,32,33,74,75,76,80,84" machi="74" ten="40,7700,0" yaku="1,1,2,1,9,1,53,0" doraHai="114" doraHaiUra="51" who="2" fromWho="1" sc="250,0,224,-77,227,87,289,0" /><INIT seed="2,1,0,2,2,25" ten="250,147,314,289" oya="2" hai0="77,124,42,118,74,17,95,133,92,119,68,81,29" hai1="100,110,103,53,3,93,49,48,20,35,50,109,9" hai2="131,88,106,114,26,11,132,123,40,18,83,15,43" hai3="90,94,99,129,112,111,104,71,121,23,0,39,66"/><V79/><F123/><W14/><G121/><T55/><D68/><U82/><E35/><V41/><F114/><W128/><G39/><T59/><D133/><U7/><E53/><V87/><F106/><W1/><G112/><T60/><D124/><U126/><E126/><V67/><F132/><W65/><G111/><T80/><D17/><U116/><E116/><N who="0" m="44585" /><D42/><U134/><E134/><V73/><F67/><N who="3" m="25611" /><G71/><T34/><D80/><U33/><E33/><V30/><F131/><N who="3" m="50251" /><G104/><T84/><D74/><U47/><E47/><V135/><F135/><W51/><G51/><T61/><D60/><U16/><E82/><V57/><F57/><W5/><G23/><T28/><D34/><U2/><E2/><V96/><F73/><W13/><G1/><T72/><D72/><U69/><E69/><V86/><F96/><W76/><G76/><T31/><AGARI ba="1,0" hai="28,29,31,55,59,61,77,81,84,92,95" m="44585" machi="31" ten="30,7900,0" yaku="12,1,52,3" doraHai="25" who="0" fromWho="0" sc="250,82,147,-21,314,-40,289,-21" /><INIT seed="3,0,0,4,1,9" ten="332,126,274,268" oya="3" hai0="83,72,25,134,47,128,113,51,77,97,54,88,58" hai1="31,74,40,43,96,94,15,99,76,91,109,60,125" hai2="0,86,59,5,81,101,61,42,63,36,130,107,85" hai3="103,26,118,106,27,7,34,29,20,111,108,92,102"/><W18/><G118/><T3/><D3/><U23/><E109/><N who="3" m="42058" /><G106/><T124/><D128/><U71/><E74/><V14/><F130/><W75/><G75/><T24/><D124/><U41/><E125/><V8/><F107/><W1/><G92/><T50/><D134/><U22/><E71/><V78/><F101/><N who="3" m="38411" /><G1/><T44/><D113/><U93/><E76/><V52/><F0/><W19/><G7/><T80/><D58/><U38/><E38/><V87/><REACH who="2" step="1"/><F63/><REACH who="2" ten="332,126,264,268" step="2"/><W133/><G133/><T84/><D97/><U53/><E31/><AGARI ba="0,1" hai="18,19,20,26,27,29,31,34" m="38411,42058" machi="31" ten="30,2900,0" yaku="14,1,10,1" doraHai="9" who="3" fromWho="1" sc="332,0,126,-29,264,0,268,39" /><INIT seed="3,1,0,1,5,33" ten="332,97,264,307" oya="3" hai0="10,15,29,61,41,80,25,102,76,123,0,4,50" hai1="37,18,133,120,127,126,60,9,78,82,73,64,66" hai2="26,70,88,28,17,106,71,20,105,69,36,101,87" hai3="35,89,122,110,79,8,12,55,114,11,74,130,99"/><W104/><G114/><T116/><D123/><U62/><E120/><V23/><F36/><W86/><G122/><T59/><D116/><U91/><E37/><V13/><REACH who="2" step="1"/><F101/><REACH who="2" ten="332,97,254,307" step="2"/><W52/><G130/><T32/><D102/><U83/><E133/><V117/><F117/><W31/><G110/><T98/><D98/><U34/><E34/><V67/><F67/><W22/><G99/><T38/><D38/><U44/><E78/><V125/><F125/><W16/><G79/><T100/><D100/><U49/><E49/><V94/><AGARI ba="1,1" hai="13,17,20,23,26,28,69,70,71,87,88,94,105,106" machi="94" ten="30,4000,0" yaku="1,1,0,1,54,1,53,0" doraHai="33" doraHaiUra="43" who="2" fromWho="2" sc="332,-11,97,-11,254,53,307,-21" owari="321,42.1,86,-41.4,307,10.7,286,-11.4" /></mjloggm>