<mjloggm ver="2.3"><GO type="225" lobby="0"/><UN n0="%E6%A0%B9%E5%85%83%E3%81%8B%E3%82%89%E5%90%B9%E3%81%A3%E9%A3%9B%E3%81%B6" n1="%E4%BF%BA%E3%81%A8%E5%A6%96%E5%A4%A2" n2="%E3%81%AF%E3%82%88%E3%81%8A%E3%81%98%E3%81%95%E3%82%93" n3="%E3%81%99%E3%81%84%E3%81%BE%E3%81%9B%E3%83%BC%E3%82%93" dan="17,16,17,18" rate="2122.72,2212.86,2145.67,2177.98" sx="F,F,M,M"/><TAIKYOKU oya="0"/><INIT seed="0,0,0,5,0,109" ten="250,250,250,250" oya="0" hai0="50,10,48,94,60,43,110,18,59,61,68,117,1" hai1="44,112,28,131,24,5,103,119,40,132,34,69,38" hai2="122,123,124,126,4,41,105,30,19,89,80,115,79" hai3="90,64,82,92,95,81,84,39,46,15,77,7,6"/><T108/><D117/><U67/><E119/><V63/><F4/><W91/><G64/><N who="0" m="40967" /><D1/><U9/><E131/><V35/><F41/><W51/><G39/><T3/><D3/><N who="1" m="191" /><E132/><V121/><F63/><W71/><G71/><T31/><D31/><U73/><E103/><V74/><F19/><W25/><G25/><T104/><D104/><U58/><E58/><V22/><F22/><W114/><G114/><T127/><D94/><U134/><E134/><V106/><F35/><W42/><G15/><T53/><D10/><U49/><E49/><N who="0" m="19049" /><D18/><U130/><E130/><V37/><F37/><W70/><G70/><T93/><D93/><U47/><E73/><V8/><F30/><W118/><G118/><T76/><D76/><U57/><E44/><V97/><F8/><W85/><REACH who="3" step="1"/><G82/><REACH who="3" ten="250,250,250,240" step="2"/><T0/><D0/><U20/><E24/><V102/><F115/><W62/><G62/><N who="0" m="36207" /><D127/><U100/><E34/><V26/><F26/><W29/><G29/><T75/><D75/><AGARI ba="0,1" hai="6,7,42,46,51,75,77,81,84,85,90,91,92,95" machi="75" ten="30,3900,0" yaku="1,1,7,1,9,1,53,0" doraHai="109" doraHaiUra="11" who="3" fromWho="0" sc="250,-39,250,0,250,0,240,49" /><INIT seed="1,0,0,5,0,127" ten="211,250,250,289" oya="1" hai0="98,9,47,89,40,6,11,67,106,87,100,54,13" hai1="19,96,113,132,46,115,33,18,25,119,44,107,83" hai2="73,84,52,60,1,31,61,78,97,129,22,14,82" hai3="56,81,41,49,76,45,59,101,125,108,77,12,3"/><U2/><E119/><V72/><F1/><W50/><G3/><T118/><D118/><U79/><E2/><V63/><F129/><W112/><G112/><T111/><D111/><U135/><E33/><V80/><F97/><W51/><G125/><T114/><D114/><N who="1" m="43531" /><E96/><V117/><F117/><W29/><G108/><T124/><D124/><U120/><E107/><V74/><F82/><W66/><G101/><T99/><D99/><U38/><E120/><V110/><F110/><W58/><G66/><T109/><D109/><U23/><E19/><V30/><F52/><W90/><G29/><T0/><D67/><U36/><E46/><V131/><F131/><W86/><REACH who="3" step="1"/><G12/><REACH who="3" ten="211,250,250,279" step="2"/><T26/><D13/><U94/><E132/><V27/><F14/><W121/><G121/><T95/><D0/><U55/><E135/><V4/><F30/><W75/><G75/><T116/><D116/><U39/><E36/><AGARI ba="0,1" hai="36,41,45,49,50,51,56,58,59,76,77,81,86,90" machi="36" ten="40,1300,0" yaku="1,1,53,0" doraHai="127" doraHaiUra="64" who="3" fromWho="1" sc="211,0,250,-13,250,0,279,23" /><INIT seed="2,0,0,5,3,134" ten="211,237,250,302" oya="2" hai0="43,55,91,12,123,119,132,110,32,19,49,80,111" hai1="85,15,22,51,64,122,76,102,26,127,63,105,120" hai2="45,97,66,53,106,94,83,74,39,78,52,135,112" hai3="93,68,60,36,109,38,62,90,131,82,17,99,79"/><V18/><F112/><W33/><G109/><N who="0" m="41483" /><D32/><U47/><E102/><V41/><F135/><W100/><G131/><T108/><N who="0" m="41491" /><T56/><DORA hai="121" /><D132/><U104/><E15/><V96/><F66/><W75/><G33/><T27/><D123/><N who="1" m="47147" /><E85/><V114/><F114/><W13/><G100/><T125/><D119/><U31/><E76/><V61/><F61/><W23/><G62/><N who="0" m="36127" /><D125/><U70/><E127/><V98/><F106/><W77/><G77/><T113/><D113/><U42/><AGARI ba="0,0" hai="22,26,31,42,47,51,63,64,70,104,105" m="47147" machi="42" ten="30,1100,0" yaku="13,1" doraHai="134,121" who="1" fromWho="1" sc="211,-3,237,11,250,-5,302,-3" /><INIT seed="3,0,0,5,1,65" ten="208,248,245,299" oya="3" hai0="59,77,46,132,47,56,61,57,39,63,58,126,68" hai1="41,54,134,127,45,97,117,44,80,25,90,69,32" hai2="81,19,7,15,24,125,103,9,72,121,96,11,17" hai3="4,108,52,91,104,118,75,131,31,119,101,1,89"/><W23/><G75/><T83/><D126/><U21/><E32/><V35/><F125/><W29/><G131/><T38/><D77/><U120/><E127/><V64/><F121/><W115/><G115/><T22/><D22/><U88/><E120/><V26/><F64/><W28/><G23/><T105/><D105/><U99/><E54/><V122/><F122/><W128/><G128/><T74/><D74/><U84/><E134/><V50/><F50/><W116/><G108/><T124/><D83/><U18/><E69/><V62/><F62/><W14/><G1/><T110/><D124/><U6/><E117/><V76/><F35/><W109/><G109/><T27/><D27/><U78/><E6/><V92/><F17/><W93/><G104/><T79/><D79/><U49/><REACH who="1" step="1"/><E44/><REACH who="1" ten="208,238,245,299" step="2"/><N who="0" m="16937" /><D110/><U8/><E8/><V51/><F11/><N who="3" m="4455" /><G119/><T98/><D132/><U43/><E43/><V130/><F130/><W40/><G40/><T3/><D3/><U102/><E102/><V95/><F7/><W48/><G118/><T37/><D98/><AGARI ba="0,1" hai="18,21,25,41,45,49,78,80,84,88,90,97,98,99" machi="98" ten="40,5200,0" yaku="1,1,8,1,54,1,53,0" doraHai="65" doraHaiUra="70" who="1" fromWho="0" sc="208,-52,238,62,245,0,299,0" owari="156,-34.4,300,40.0,245,-15.5,299,9.9" /></mjloggm>