<mjloggm ver="2.3"><GO type="225" lobby="0"/><UN n0="%E9%B4%A8%4E%45%47%49" n1="%41%6F%54" n2="%E6%98%93%E5%88%A9%E8%96%A9%E4%BC%AF" n3="%E3%81%AF%E3%82%88%E3%81%8A%E3%81%98%E3%81%95%E3%82%93" dan="16,16,17,17" rate="2088.89,2078.39,2195.15,2136.21" sx="M,M,F,M"/><TAIKYOKU oya="0"/><INIT seed="0,0,0,0,0,65" ten="250,250,250,250" oya="0" hai0="25,105,26,40,81,37,50,19,22,64,4,46,78" hai1="5,33,36,115,79,32,6,83,120,3,48,58,72" hai2="69,1,27,133,109,85,76,75,70,126,73,86,104" hai3="103,11,94,60,71,131,2,129,18,15,41,87,122"/><T14/><D105/><U130/><E120/><V93/><F1/><W80/><G122/><T111/><D111/><U98/><E36/><V45/><F104/><W77/><G2/><T68/><D37/><U35/><E130/><N who="3" m="49674" /><G41/><T128/><D128/><U8/><E115/><V117/><F27/><W95/><G103/><T132/><D132/><U125/><E125/><V7/><F7/><W52/><G52/><T118/><D118/><U12/><E98/><V63/><F63/><W9/><G11/><T127/><D127/><U16/><E3/><V84/><F126/><W88/><G77/><T102/><D102/><U20/><E8/><V66/><F66/><AGARI ba="0,0" hai="9,15,18,60,66,71,80,87,88,94,95" m="49674" machi="66" ten="30,3900,0" yaku="19,1,52,1,54,1" doraHai="65" who="3" fromWho="2" sc="250,0,250,0,250,-39,250,39" /><INIT seed="1,0,0,2,2,16" ten="250,250,211,289" oya="1" hai0="21,2,65,96,68,81,54,11,126,86,117,35,37" hai1="129,0,31,45,102,99,52,38,118,93,41,15,32" hai2="109,60,17,75,111,124,25,14,59,95,94,116,83" hai3="105,71,91,100,128,47,7,84,133,120,55,3,106"/><U51/><E129/><V20/><F116/><W82/><G71/><T98/><D35/><U88/><E118/><V113/><F124/><W110/><G120/><T33/><D33/><U9/><E0/><V57/><F113/><W107/><G128/><T10/><D117/><U79/><E79/><V131/><F131/><W112/><G112/><T49/><D37/><U58/><E32/><V69/><F69/><W39/><G110/><N who="2" m="41993" /><F75/><W73/><G133/><T4/><D126/><U97/><E31/><N who="2" m="17831" /><F83/><W70/><G70/><T8/><D4/><U19/><REACH who="1" step="1"/><E102/><REACH who="1" ten="250,240,211,289" step="2"/><V122/><F122/><W23/><G100/><T101/><D2/><U53/><E53/><N who="2" m="33839" /><F59/><W121/><G121/><T85/><D101/><U80/><E80/><V104/><F104/><W22/><G106/><T46/><D81/><U92/><E92/><V63/><F63/><W114/><G105/><T64/><D64/><U72/><E72/><V61/><F61/><W119/><G107/><T74/><D65/><U27/><E27/><V6/><F6/><W89/><G119/><T108/><D108/><U135/><E135/><V18/><F18/><W77/><G114/><T30/><D74/><U36/><E36/><V115/><F115/><W50/><G39/><T40/><D54/><U1/><E1/><V134/><F134/><W123/><G123/><T78/><D68/><U67/><E67/><V62/><F62/><W48/><G7/><T28/><D28/><U90/><E90/><N who="3" m="34314" /><G3/><T24/><D78/><U34/><E34/><V26/><F26/><W125/><G73/><T12/><D12/><U132/><E132/><RYUUKYOKU ba="0,1" sc="250,10,240,10,211,10,289,-30" hai0="8,10,11,21,24,30,40,46,49,85,86,96,98" hai1="9,15,19,38,41,45,51,52,58,88,93,97,99" hai2="14,17,94,95" /><INIT seed="1,1,1,0,4,8" ten="260,250,221,259" oya="1" hai0="3,75,21,6,23,132,73,89,121,69,11,62,9" hai1="82,41,110,60,39,22,52,30,133,90,61,91,46" hai2="120,64,2,119,10,78,111,66,116,70,114,97,65" hai3="1,57,37,16,109,51,102,127,15,98,18,14,122"/><U93/><E133/><V72/><F120/><W47/><G1/><T113/><D132/><U36/><E36/><V68/><F111/><W71/><G71/><T80/><D121/><U13/><E110/><V115/><F97/><W32/><G122/><T94/><D113/><N who="2" m="43018" /><F78/><W12/><G32/><T34/><D34/><U44/><E82/><V45/><F72/><W135/><G109/><T5/><D69/><N who="2" m="26730" /><F2/><W129/><G135/><T43/><D43/><U118/><E91/><V95/><F95/><N who="3" m="58719" /><G37/><T124/><D62/><U81/><E81/><V29/><F29/><W17/><G127/><T104/><D104/><U84/><E118/><N who="2" m="45099" /><F10/><W56/><G129/><T63/><D124/><U130/><E130/><V79/><F79/><W7/><G7/><T67/><D73/><U58/><E44/><AGARI ba="1,1" hai="44,45,64,65,66" m="45099,26730,43018" machi="44" ten="40,8000,1" yaku="28,2,11,1,34,2" doraHai="8" who="2" fromWho="1" sc="260,0,250,-83,221,93,259,0" /><INIT seed="2,0,0,4,0,47" ten="260,167,314,259" oya="2" hai0="126,25,100,34,11,58,88,125,102,71,134,112,36" hai1="74,89,62,97,95,107,121,119,4,106,70,40,63" hai2="53,44,23,16,54,66,30,79,65,18,20,13,83" hai3="26,31,52,80,27,21,117,111,75,2,114,5,77"/><V127/><F127/><N who="0" m="48650" /><D71/><U7/><E119/><V96/><F30/><W50/><G117/><T110/><D112/><U51/><E121/><V81/><F96/><W73/><G114/><T29/><D36/><U38/><E74/><V94/><F94/><W93/><G111/><T104/><D110/><U22/><E38/><V59/><F44/><W8/><G26/><N who="0" m="18743" /><D134/><U10/><E4/><V91/><F91/><W87/><REACH who="3" step="1"/><G93/><REACH who="3" ten="260,167,314,249" step="2"/><T48/><D104/><U85/><E106/><V46/><F83/><W35/><G35/><T24/><D24/><U57/><E107/><V32/><F32/><W132/><G132/><T109/><D25/><U9/><E95/><V130/><F81/><W0/><G0/><T45/><D109/><U124/><E124/><V12/><F12/><W28/><G28/><T37/><D102/><U42/><E97/><V113/><F13/><W120/><G120/><T82/><D100/><U41/><E22/><V118/><F23/><W56/><AGARI ba="0,1" hai="2,5,8,21,27,31,50,52,56,73,75,77,80,87" machi="56" ten="20,8000,1" yaku="1,1,0,1,7,1,52,1,54,1,53,0" doraHai="47" doraHaiUra="128" who="3" fromWho="3" sc="260,-20,167,-20,314,-40,249,90" /><INIT seed="3,0,0,0,5,22" ten="240,147,274,339" oya="3" hai0="38,28,6,59,9,56,135,98,100,123,20,114,83" hai1="32,54,97,61,47,115,45,119,95,70,77,130,86" hai2="106,68,87,88,31,27,1,55,11,133,128,113,10" hai3="104,76,48,0,122,91,82,18,103,62,66,41,12"/><W132/><G0/><T42/><D123/><U25/><E115/><V117/><F113/><W29/><G122/><T26/><D114/><U92/><E130/><V94/><F117/><W60/><G132/><T64/><D135/><U8/><E119/><V69/><F133/><W111/><G111/><T79/><D38/><U36/><E36/><V99/><F128/><W131/><G131/><T39/><D39/><U101/><E70/><V124/><F124/><W125/><G29/><T80/><D42/><U35/><E35/><V7/><F11/><W16/><G18/><T14/><D64/><U102/><E8/><V118/><F55/><W78/><G103/><T24/><D26/><U63/><E77/><V43/><F43/><W90/><G104/><T96/><D83/><U34/><E86/><V126/><F126/><W40/><G62/><T57/><REACH who="0" step="1"/><D100/><REACH who="0" ten="230,147,274,339" step="2"/><U120/><E120/><V71/><F118/><W33/><G82/><T108/><D108/><U49/><E54/><V51/><F51/><W3/><G48/><T5/><D5/><U121/><E121/><V67/><F67/><W23/><G66/><T46/><D46/><U50/><REACH who="1" step="1"/><E97/><REACH who="1" ten="230,137,274,339" step="2"/><V37/><F37/><W2/><G125/><T53/><D53/><U21/><E21/><V112/><F112/><W109/><G23/><T85/><AGARI ba="0,2" hai="6,9,14,20,24,28,56,57,59,79,80,85,96,98" machi="85" ten="30,8000,1" yaku="1,1,0,1,8,1,52,1,53,1" doraHai="22" doraHaiUra="75" who="0" fromWho="0" sc="230,100,137,-20,274,-20,339,-40" owari="330,43.0,117,-38.3,254,-14.6,299,9.9" /></mjloggm>