<mjloggm ver="2.3"><GO type="225" lobby="0"/><UN n0="%E3%83%B4%E3%83%A0%EF%BC%99%E3%81%A6" n1="%E3%83%96%E3%83%83%E3%83%91%E3%82%AA%E3%83%96%E3%83%81%E3%82%AD%E3%83%B3" n2="%E4%BF%BA%E3%81%A8%E5%A6%96%E5%A4%A2" n3="%E9%B3%B4%E8%8C%B6" dan="16,16,16,16" rate="2188.49,2164.97,2100.09,2100.93" sx="M,M,F,M"/><TAIKYOKU oya="0"/><INIT seed="0,0,0,3,5,64" ten="250,250,250,250" oya="0" hai0="18,72,2,28,97,109,74,106,60,110,81,8,92" hai1="104,105,1,103,63,90,50,126,132,95,16,44,98" hai2="61,11,99,43,58,88,115,120,35,57,48,45,42" hai3="24,119,123,51,76,39,19,62,53,134,94,33,40"/><T38/><D106/><U102/><E132/><V89/><F120/><W116/><G39/><T91/><D38/><U79/><E126/><V56/><F35/><W127/><G127/><T0/><D28/><U96/><E1/><V34/><F115/><W93/><G134/><T117/><D117/><U27/><E79/><V20/><F34/><W46/><G123/><T71/><D18/><U129/><E129/><V66/><F11/><W29/><G76/><N who="0" m="44167" /><D74/><U7/><E7/><V128/><F128/><W4/><G4/><T80/><D80/><U125/><E125/><V32/><F32/><W73/><G73/><T36/><D36/><U69/><E63/><V133/><F42/><W67/><G53/><T70/><D60/><U52/><E69/><N who="0" m="26121" /><D8/><U130/><E130/><V83/><F133/><W107/><G19/><T82/><D82/><U118/><E118/><V65/><F65/><W121/><G107/><T108/><AGARI ba="0,0" hai="0,2,91,92,97,108,109,110" m="26121,44167" machi="108" ten="40,12000,1" yaku="14,1,10,1,52,3" doraHai="64" who="0" fromWho="0" sc="250,120,250,-40,250,-40,250,-40" /><INIT seed="0,1,0,3,3,56" ten="370,210,210,210" oya="0" hai0="111,114,117,59,57,123,19,121,105,108,100,64,74" hai1="88,53,125,51,12,27,122,101,37,118,39,76,66" hai2="11,82,62,10,7,50,110,55,98,133,92,95,80" hai3="40,26,1,113,31,30,41,75,22,109,94,120,72"/><T73/><D19/><U48/><E118/><V13/><F110/><N who="0" m="42026" /><D117/><U35/><E122/><N who="0" m="46601" /><D114/><U93/><E125/><V85/><F133/><W107/><G109/><T65/><D57/><U86/><E66/><N who="0" m="25705" /><D59/><U90/><E76/><V106/><F106/><W16/><G107/><T25/><D25/><U124/><E124/><V102/><F62/><W96/><G113/><T67/><D67/><U68/><E27/><V45/><F11/><W58/><G120/><T71/><D71/><U79/><E68/><V33/><F33/><W17/><G58/><T36/><D36/><U43/><E35/><V24/><F24/><W116/><G116/><T130/><D130/><U129/><E39/><V78/><F78/><W112/><G112/><T60/><D60/><U119/><E37/><V46/><F46/><W18/><G31/><T84/><D84/><U14/><E86/><V21/><F21/><W0/><G72/><T29/><D29/><U104/><E79/><V70/><F70/><W34/><G75/><T54/><D54/><U99/><E53/><V103/><REACH who="2" step="1"/><F85/><REACH who="2" ten="370,210,200,210" step="2"/><W2/><REACH who="3" step="1"/><G34/><REACH who="3" ten="370,210,200,200" step="2"/><T131/><D131/><U89/><E129/><V15/><F15/><W47/><G47/><T127/><D127/><U128/><E12/><V28/><F28/><W8/><G8/><T3/><D3/><U9/><E14/><V126/><F126/><W91/><AGARI ba="1,2" hai="0,1,2,16,17,18,22,26,30,40,41,91,94,96" machi="91" ten="40,5200,0" yaku="1,1,0,1,54,1,53,0" doraHai="56" doraHaiUra="134" who="3" fromWho="3" sc="370,-27,210,-14,200,-14,200,75" /><INIT seed="1,0,0,2,5,7" ten="343,196,186,275" oya="1" hai0="84,88,133,94,102,53,49,129,30,76,117,104,52" hai1="82,122,55,4,132,43,38,108,118,33,69,77,120" hai2="96,125,70,48,14,6,106,16,46,47,59,39,37" hai3="89,123,83,72,35,107,27,2,98,78,99,85,18"/><U87/><E118/><V10/><F70/><W110/><G110/><T101/><D117/><U121/><E33/><V81/><F125/><W45/><G123/><T0/><D0/><U1/><E69/><V63/><F81/><W26/><G2/><T128/><D133/><U74/><E132/><V11/><F106/><W56/><G107/><T32/><D76/><U131/><E131/><N who="0" m="50249" /><D104/><U50/><E108/><V29/><F29/><W115/><G115/><T12/><D12/><U34/><E34/><V73/><F73/><W124/><G124/><T64/><D64/><U93/><E38/><V15/><F96/><W119/><G119/><T61/><D61/><U25/><E43/><V9/><F9/><W41/><G56/><N who="0" m="32783" /><D53/><U135/><E25/><AGARI ba="0,0" hai="25,30,32,84,88,94,101,102" m="32783,50249" machi="25" ten="30,3900,0" yaku="19,1,54,2" doraHai="7" who="0" fromWho="1" sc="343,39,196,-39,186,0,275,0" /><INIT seed="2,0,0,5,2,116" ten="382,157,186,275" oya="2" hai0="95,47,107,19,129,2,61,126,118,41,3,25,1" hai1="53,58,100,18,17,33,74,91,114,21,31,6,37" hai2="105,75,38,111,7,110,131,29,117,93,32,101,92" hai3="106,90,67,60,62,50,51,88,59,16,55,12,119"/><V27/><F117/><W34/><G34/><T56/><D107/><U15/><E114/><V89/><F38/><W77/><G119/><T57/><D118/><U0/><E74/><V5/><F75/><W87/><G106/><T48/><D126/><U73/><E73/><V63/><F131/><W70/><G77/><T68/><D129/><U4/><E37/><V121/><F105/><W71/><G71/><T104/><D104/><U123/><E100/><V108/><F63/><W78/><G78/><T24/><D68/><U22/><E0/><V103/><F121/><W96/><G96/><T9/><D9/><U20/><E33/><V76/><F76/><W84/><G84/><T43/><D43/><U8/><E123/><V40/><F40/><W52/><G55/><T109/><D19/><U11/><E91/><V135/><F135/><W14/><G12/><T99/><D56/><U36/><E36/><V112/><F112/><W30/><G30/><T79/><D79/><U80/><E80/><V97/><REACH who="2" step="1"/><F103/><REACH who="2" ten="382,157,176,275" step="2"/><W66/><G90/><T26/><D61/><U82/><E53/><V85/><AGARI ba="0,1" hai="5,7,27,29,32,85,89,92,93,97,101,108,110,111" machi="85" ten="30,12000,1" yaku="1,1,2,1,0,1,14,1,10,1,53,0" doraHai="116" doraHaiUra="128" who="2" fromWho="2" sc="382,-40,157,-40,176,130,275,-40" /><INIT seed="2,1,0,4,3,75" ten="342,117,306,235" oya="2" hai0="33,21,88,55,118,76,86,9,17,130,66,95,58" hai1="37,35,59,28,14,100,36,3,7,91,85,10,74" hai2="126,19,117,53,23,84,65,0,34,97,121,25,32" hai3="128,103,49,40,131,24,71,104,30,41,82,73,114"/><V96/><F117/><W101/><G71/><T45/><D33/><U68/><E68/><V6/><F121/><W90/><G49/><T5/><D118/><U47/><E74/><V132/><F65/><W102/><G104/><T72/><D130/><N who="3" m="49705" /><G114/><T99/><D72/><U116/><E116/><V38/><F38/><W42/><G90/><T52/><D5/><U81/><E100/><N who="3" m="25602" /><W13/><DORA hai="27" /><G13/><N who="0" m="7343" /><D21/><U64/><E3/><V46/><F34/><N who="3" m="20807" /><G40/><T1/><D1/><U124/><E124/><V54/><F32/><W98/><G98/><T31/><D31/><U61/><REACH who="1" step="1"/><E47/><REACH who="1" ten="342,107,306,235" step="2"/><V18/><F126/><W129/><N who="3" m="49713" /><W77/><AGARI ba="1,1" hai="41,42,73,77,82" m="20807,25602,49713" machi="77" ten="50,8000,1" yaku="4,1,19,1,52,2" doraHai="75,27" who="3" fromWho="3" sc="342,-21,107,-21,306,-41,235,93" /><INIT seed="3,0,0,0,3,84" ten="321,86,265,328" oya="3" hai0="86,56,73,78,70,38,37,127,8,67,30,43,7" hai1="125,79,58,27,64,23,135,31,103,98,85,93,13" hai2="54,66,2,50,46,49,57,0,95,113,90,96,82" hai3="26,105,53,92,124,133,121,72,114,77,110,76,17"/><W74/><G121/><T123/><D123/><U111/><E111/><V117/><F117/><W94/><G114/><T130/><D70/><U120/><E120/><V88/><F113/><W104/><G53/><T36/><D30/><U42/><E135/><V134/><F134/><W28/><G17/><T68/><D68/><U75/><E125/><V16/><F0/><W81/><G133/><T12/><D73/><U128/><E128/><V102/><F2/><W10/><G110/><T87/><D127/><U39/><E75/><V116/><F116/><W34/><G124/><T119/><D119/><U35/><E39/><V40/><F82/><N who="3" m="45319" /><G94/><T71/><D130/><U45/><E35/><V112/><F112/><W21/><G21/><T52/><D43/><U126/><E126/><V41/><F66/><W48/><G48/><T18/><D18/><U132/><E132/><V60/><F16/><W9/><G92/><T6/><D78/><U5/><E79/><V83/><F83/><W107/><G10/><T101/><D101/><U109/><E109/><V69/><F69/><W1/><G9/><N who="0" m="4151" /><D67/><U115/><E115/><V62/><F62/><W19/><G19/><T59/><D71/><U29/><E85/><V108/><F108/><W24/><G24/><T63/><D56/><U33/><E33/><V100/><F100/><W4/><G4/><T3/><D38/><U32/><E32/><V99/><F99/><W97/><G1/><T55/><D55/><U65/><E31/><V131/><F131/><W44/><G44/><AGARI ba="0,0" hai="40,41,44,46,49,50,54,57,60,88,90,95,96,102" machi="44" ten="40,8000,1" yaku="9,1,8,1,52,2,54,1" doraHai="84" who="2" fromWho="3" sc="321,0,86,0,265,80,328,-80" owari="321,12.1,86,-41.4,345,44.5,248,-15.2" /></mjloggm>