<mjloggm ver="2.3"><GO type="225" lobby="0"/><UN n0="%E3%81%95%E3%81%8D%E3%81%9F%E3%81%BE%E6%9E%97%E6%AA%8E" n1="%E6%9D%B1%E9%A2%A8%E3%81%AE%E3%81%8D%E3%82%83%E3%81%B7%E3%81%95%E3%82%93" n2="%47%59%4F" n3="%E3%81%8A%E3%81%AB%E3%82%83%E3%81%8A%E3%81%A1%E3%82%83" dan="16,16,16,16" rate="2080.77,2188.12,2117.76,2084.56" sx="M,M,M,M"/><TAIKYOKU oya="0"/><INIT seed="0,0,0,1,3,12" ten="250,250,250,250" oya="0" hai0="17,133,91,47,101,40,23,21,98,37,55,41,97" hai1="44,118,25,74,95,110,100,94,38,58,127,106,57" hai2="125,34,84,32,26,103,59,73,104,121,19,62,14" hai3="80,109,6,7,42,49,16,114,33,0,68,130,60"/><T105/><D133/><U99/><E74/><V89/><F73/><W22/><G114/><T51/><D37/><U43/><E118/><V2/><F2/><W119/><G119/><T13/><REACH who="0" step="1"/><D23/><REACH who="0" ten="240,250,250,250" step="2"/><U72/><E127/><V35/><F125/><W116/><G116/><T71/><D71/><U1/><E110/><V65/><F121/><W112/><G109/><T48/><D48/><U61/><E72/><V92/><F104/><W63/><G49/><T81/><D81/><U67/><E1/><V93/><F26/><W102/><G0/><T54/><D54/><U83/><E83/><V86/><F34/><W52/><G80/><T36/><D36/><U78/><E78/><V134/><F134/><W132/><G68/><T30/><D30/><U79/><E79/><V75/><F75/><W29/><G33/><T53/><D53/><U50/><E25/><V131/><F131/><W85/><G29/><T122/><D122/><U129/><E129/><V24/><F24/><W66/><G52/><T120/><D120/><U82/><E82/><V77/><F77/><W113/><G132/><T124/><D124/><U76/><E76/><V108/><F108/><W128/><G22/><T45/><D45/><U64/><E38/><V31/><F31/><W15/><G113/><T117/><D117/><U10/><E10/><N who="2" m="6615" /><F32/><W90/><G112/><T88/><D88/><U69/><E69/><V3/><F3/><W111/><G130/><T126/><D126/><U123/><E123/><V5/><F35/><W11/><G128/><T46/><D46/><U107/><E107/><V9/><F89/><RYUUKYOKU ba="0,1" sc="240,15,250,15,250,-15,250,-15" hai0="13,17,21,40,41,47,51,55,91,97,98,101,105" hai1="43,44,50,57,58,61,64,67,94,95,99,100,106" /><INIT seed="0,1,1,0,5,65" ten="255,265,235,235" oya="0" hai0="112,134,98,40,6,51,78,1,130,101,100,30,48" hai1="37,107,20,29,102,14,22,83,21,99,88,81,63" hai2="12,129,57,23,43,42,54,47,33,90,91,7,5" hai3="103,120,16,127,15,73,96,86,95,105,27,89,36"/><T114/><D134/><U66/><E37/><V84/><F33/><W60/><G127/><T72/><D30/><U132/><E132/><V116/><F116/><W26/><G120/><T49/><D40/><U31/><E14/><V121/><F121/><W34/><G36/><T68/><D68/><U124/><E124/><V111/><F129/><W25/><G73/><T35/><D35/><U38/><E38/><V71/><F71/><W24/><N who="3" m="6144" /><DORA hai="87" /><W3/><G34/><T108/><D130/><U45/><E45/><V70/><F70/><W135/><G135/><T62/><D62/><U44/><E44/><V11/><F7/><W18/><G60/><T113/><D108/><U46/><E46/><V110/><F23/><W118/><G18/><T67/><D67/><U2/><E2/><V64/><F64/><W74/><G74/><T104/><D101/><U58/><REACH who="1" step="1"/><E81/><REACH who="1" ten="255,255,235,235" step="2"/><V55/><F43/><W133/><G133/><T69/><D1/><U56/><E56/><V10/><F42/><W85/><G3/><T59/><D59/><U17/><E17/><V93/><F47/><W77/><G118/><T80/><REACH who="0" step="1"/><D69/><REACH who="0" ten="245,255,235,235" step="2"/><U32/><E32/><V9/><F111/><W82/><G15/><T41/><D41/><U97/><E97/><N who="2" m="57527" /><F110/><W115/><G115/><T13/><D13/><U79/><E79/><V125/><F125/><W126/><G126/><T4/><AGARI ba="1,3" hai="4,6,48,49,51,72,78,80,98,100,104,112,113,114" machi="4" ten="40,3900,0" yaku="1,1,0,1,53,0" doraHai="65,87" doraHaiUra="39,8" who="0" fromWho="0" sc="245,72,255,-14,235,-14,235,-14" /><INIT seed="0,2,0,5,3,23" ten="317,241,221,221" oya="0" hai0="115,8,82,13,11,51,1,95,73,65,94,128,80" hai1="97,69,9,2,91,24,33,83,30,100,18,90,37" hai2="7,21,46,132,25,79,10,122,99,36,113,89,109" hai3="27,12,47,63,16,34,104,55,106,20,59,133,50"/><T118/><D115/><U22/><E69/><V107/><F113/><W92/><G133/><T102/><D118/><U72/><E37/><V29/><F122/><W66/><G34/><T131/><D65/><U62/><E62/><V61/><F132/><W53/><G92/><N who="0" m="35371" /><D1/><U101/><E101/><V117/><F117/><W64/><G64/><T14/><D102/><U105/><E72/><V45/><F79/><W39/><G39/><T17/><D51/><U98/><E83/><N who="0" m="31785" /><D73/><U76/><E76/><V4/><F36/><W71/><REACH who="3" step="1"/><G12/><REACH who="3" ten="317,241,221,211" step="2"/><T85/><D14/><N who="1" m="9559" /><E98/><V43/><F99/><W31/><G31/><T123/><D123/><U126/><E126/><V5/><F29/><W112/><G112/><T110/><D13/><U35/><E35/><V67/><F67/><W38/><G38/><T3/><D3/><U74/><E74/><V58/><F107/><W78/><G78/><T119/><D119/><U124/><E124/><V48/><F89/><W75/><G75/><T88/><D88/><U54/><E90/><V81/><F81/><W116/><G116/><T19/><D85/><U120/><E91/><V15/><F15/><W28/><G28/><T84/><D84/><U134/><E120/><V121/><F121/><W108/><G108/><T135/><D135/><U57/><E134/><V86/><F86/><W0/><G0/><T49/><D110/><U6/><E105/><V44/><F109/><W130/><G130/><T103/><D131/><U70/><E100/><V125/><F125/><W111/><G111/><T56/><D128/><U96/><E70/><V40/><F10/><RYUUKYOKU ba="2,1" sc="317,-15,241,15,221,-15,211,15" hai1="2,6,9,24,30,33,54,57,96,97" hai3="16,20,27,47,50,53,55,59,63,66,71,104,106" /><INIT seed="1,3,1,4,3,123" ten="302,256,206,226" oya="1" hai0="6,79,96,7,75,103,72,49,21,20,45,104,35" hai1="42,97,107,8,88,55,117,81,131,44,109,58,86" hai2="118,24,100,94,70,25,128,90,4,64,68,121,51" hai3="124,110,38,39,13,69,57,130,78,101,33,132,112"/><U135/><E117/><V1/><F121/><W62/><G33/><T114/><D114/><U32/><E135/><V12/><F118/><W15/><G112/><T83/><D35/><U16/><E131/><V74/><F1/><W46/><G132/><T95/><D75/><U115/><E109/><V108/><F108/><W5/><G110/><T127/><D127/><U91/><E32/><V10/><F74/><W60/><G130/><T29/><D104/><U0/><E0/><V71/><F100/><W113/><G113/><T134/><D134/><U18/><E8/><V23/><F128/><W30/><G30/><T9/><D29/><U54/><E115/><V105/><F105/><W120/><G101/><T76/><D76/><U43/><E107/><V19/><F51/><W67/><G78/><T129/><D6/><U3/><E3/><V133/><F133/><W2/><G120/><T34/><D34/><U52/><E58/><V11/><F64/><W106/><G106/><T53/><D129/><U92/><REACH who="1" step="1"/><E43/><REACH who="1" ten="302,246,206,226" step="2"/><V119/><F119/><W80/><G57/><T22/><D22/><U98/><E98/><V37/><F11/><W85/><G2/><AGARI ba="3,2" hai="2,7,9,20,21,45,49,53,72,79,83,95,96,103" machi="2" ten="30,1000,0" yaku="7,1" doraHai="123" who="0" fromWho="3" sc="302,39,246,0,206,0,226,-19" /><INIT seed="2,0,0,1,5,45" ten="341,246,206,207" oya="2" hai0="129,84,96,114,70,10,15,94,3,93,29,27,4" hai1="31,74,20,24,75,11,28,130,80,105,39,48,131" hai2="64,103,53,69,82,61,32,50,97,63,65,30,128" hai3="92,33,51,107,95,1,17,22,58,110,102,16,5"/><V43/><F128/><N who="1" m="49193" /><E39/><V132/><F132/><W68/><G68/><T57/><D129/><U123/><E105/><V23/><F43/><W71/><G71/><T34/><D114/><U21/><E123/><V79/><F32/><W26/><G33/><T91/><D70/><U7/><E48/><V73/><F30/><N who="1" m="11305" /><E80/><V49/><F23/><N who="1" m="8777" /><E24/><V35/><F35/><W101/><G107/><T117/><D57/><U25/><E25/><V133/><F133/><W38/><G38/><T134/><D134/><U60/><E60/><V52/><F64/><W127/><G22/><T36/><D36/><U19/><E19/><V13/><F61/><W55/><G26/><T135/><D135/><U54/><E54/><V126/><F126/><W122/><G127/><T98/><D84/><U42/><E42/><V104/><F53/><W115/><G55/><T121/><D121/><U78/><E78/><V18/><F52/><W72/><G122/><T6/><D27/><U47/><E47/><V12/><REACH who="2" step="1"/><F18/><REACH who="2" ten="341,246,196,207" step="2"/><W112/><G58/><T66/><D66/><U59/><E59/><V116/><F116/><W44/><G17/><T89/><D117/><U120/><E120/><V81/><F81/><W40/><G16/><T14/><D29/><U113/><E113/><V106/><F106/><W99/><G40/><T119/><D119/><U86/><E86/><V124/><F124/><W37/><G115/><T118/><D118/><U76/><E76/><V111/><F111/><W83/><G110/><T62/><D62/><U67/><E67/><V41/><F41/><W125/><G112/><T100/><D34/><RYUUKYOKU ba="0,1" sc="341,-15,246,15,196,15,207,-15" hai1="7,11,74,75" hai2="12,13,49,50,63,65,69,73,79,82,97,103,104" /><INIT seed="2,1,1,5,0,119" ten="326,261,211,192" oya="2" hai0="94,68,65,31,96,123,131,57,66,78,72,7,91" hai1="95,19,126,74,20,47,5,79,106,99,0,1,101" hai2="14,130,30,116,11,40,6,18,129,12,114,32,132" hai3="13,82,122,70,121,44,21,98,110,27,46,71,87"/><V41/><F116/><W10/><G110/><T61/><D123/><U45/><E126/><V67/><F67/><W33/><G33/><T97/><D131/><N who="2" m="50186" /><F114/><W64/><G98/><T36/><D36/><U16/><E19/><V81/><F81/><W3/><G3/><T4/><D72/><U24/><E95/><V102/><F102/><W113/><G113/><T135/><D135/><U93/><E93/><V103/><F103/><W26/><G64/><T100/><D78/><U53/><E5/><V92/><F92/><W9/><G13/><T88/><D68/><U118/><E118/><V60/><F60/><W58/><G58/><N who="0" m="37047" /><D31/><U42/><E53/><V125/><F125/><W2/><G21/><T63/><D97/><U17/><E17/><V124/><F124/><W29/><G2/><T133/><D133/><U85/><E74/><V128/><F132/><W111/><G29/><T52/><D66/><U56/><E56/><V117/><F117/><W23/><G23/><T37/><D37/><U107/><E107/><V50/><F128/><W49/><G111/><T28/><D28/><U108/><E108/><V48/><F30/><W34/><G34/><T86/><D100/><U84/><E47/><V43/><F32/><W77/><G77/><T80/><AGARI ba="1,1" hai="4,7,52,57,63,80,86,88,91,94,96" m="37047" machi="80" ten="30,4000,0" yaku="8,1,54,2" doraHai="119" who="0" fromWho="0" sc="326,53,261,-11,211,-21,192,-11" /><INIT seed="3,0,0,5,2,65" ten="379,250,190,181" oya="3" hai0="130,106,109,78,102,80,87,53,119,2,81,132,20" hai1="60,99,127,98,93,94,35,62,76,67,101,30,33" hai2="97,14,72,22,77,79,118,107,51,105,91,71,70" hai3="117,25,100,113,7,37,64,116,21,59,1,73,121"/><W16/><G113/><T85/><D119/><U83/><E127/><V56/><F118/><W82/><G121/><T48/><D2/><U86/><E30/><V47/><F56/><W75/><G37/><T84/><D132/><U54/><E54/><V34/><F34/><W74/><G100/><T32/><D32/><U104/><E104/><V18/><F105/><W131/><G131/><T115/><D130/><U112/><E112/><V6/><F6/><W15/><G1/><T50/><D109/><U38/><E38/><V68/><F72/><W63/><REACH who="3" step="1"/><G82/><REACH who="3" ten="379,250,190,171" step="2"/><T46/><D102/><U28/><E101/><V95/><REACH who="2" step="1"/><F107/><REACH who="2" ten="379,250,180,171" step="2"/><W8/><AGARI ba="0,2" hai="7,8,15,16,21,25,59,63,64,73,74,75,116,117" machi="8" ten="40,12000,1" yaku="1,1,2,1,0,1,54,1,53,0" doraHai="65" doraHaiUra="24" who="3" fromWho="3" sc="379,-40,250,-40,180,-40,171,140" /><INIT seed="3,1,0,2,1,6" ten="339,210,140,311" oya="3" hai0="121,56,45,41,9,106,49,94,109,37,93,92,17" hai1="81,123,65,108,2,0,36,125,71,3,115,111,21" hai2="50,116,77,16,135,13,10,4,34,42,69,52,124" hai3="117,119,118,105,47,35,62,74,63,95,83,60,1"/><W98/><G1/><T19/><D121/><U126/><E36/><V130/><F116/><W32/><G105/><T84/><D106/><U79/><E123/><V132/><F69/><W100/><REACH who="3" step="1"/><G47/><REACH who="3" ten="339,210,140,301" step="2"/><T89/><D109/><U82/><E3/><V107/><F107/><W67/><G67/><T24/><D37/><U29/><E65/><V96/><F124/><W85/><G85/><T90/><D84/><U73/><E2/><V5/><F130/><W43/><G43/><T102/><D102/><U122/><E0/><V18/><F42/><W14/><G14/><N who="0" m="7375" /><D56/><U131/><E131/><V57/><F96/><W101/><G101/><T8/><D24/><U59/><E59/><V75/><F34/><W88/><G88/><T110/><D110/><U22/><E108/><V27/><F77/><AGARI ba="1,1" hai="32,35,60,62,63,74,77,83,95,98,100,117,118,119" machi="77" ten="50,2400,0" yaku="1,1,53,0" doraHai="6" doraHaiUra="15" who="3" fromWho="2" sc="339,0,210,0,140,-27,301,37" /><INIT seed="3,2,0,4,0,51" ten="339,210,113,338" oya="3" hai0="63,57,43,114,49,105,118,98,33,116,25,18,107" hai1="26,113,54,38,129,71,36,53,66,7,58,8,6" hai2="47,21,55,4,59,35,130,41,61,120,52,15,39" hai3="132,110,56,117,1,112,70,106,34,131,45,126,77"/><W109/><G56/><T23/><D33/><U44/><E26/><V69/><F35/><W22/><G22/><T37/><D37/><U81/><E81/><V48/><F130/><W2/><G45/><T101/><D107/><U128/><E113/><V85/><F120/><W79/><G77/><T100/><D100/><U17/><E17/><V134/><F134/><W30/><G30/><T102/><D102/><U31/><E31/><V46/><F85/><W96/><G96/><T20/><D114/><U14/><E6/><V119/><F119/><W103/><G79/><T16/><D49/><N who="1" m="28839" /><E14/><V72/><F72/><W9/><G9/><T24/><D43/><U0/><E8/><V104/><F104/><W123/><G103/><T93/><D105/><U97/><E97/><V29/><F69/><W74/><G1/><T11/><D11/><U108/><E108/><V75/><F75/><W99/><G99/><T65/><AGARI ba="2,0" hai="16,18,20,23,24,25,57,63,65,93,98,101,116,118" machi="65" ten="20,5200,0" yaku="0,1,7,1,9,1,54,1" doraHai="51" who="0" fromWho="0" sc="339,58,210,-15,113,-15,338,-28" owari="397,49.7,195,-20.5,98,-40.2,310,11.0" /></mjloggm>