<mjloggm ver="2.3"><GO type="225" lobby="0"/><UN n0="%E3%81%8B%E3%82%8F%E3%81%A1%E3%82%83%E3%82%93%35%38" n1="%E6%81%A5%E6%99%92%E3%81%97" n2="%E5%91%A8%E6%9D%B1" n3="%70%6E%64%73%6E%67" dan="16,16,16,16" rate="2116.77,2079.37,2146.70,2111.27" sx="M,M,M,M"/><TAIKYOKU oya="0"/><INIT seed="0,0,0,0,1,64" ten="250,250,250,250" oya="0" hai0="37,38,95,134,32,43,28,22,94,70,102,93,11" hai1="117,105,65,76,123,103,71,15,47,4,50,2,131" hai2="35,115,27,111,128,30,36,46,82,83,6,57,9" hai3="49,14,21,40,53,66,106,77,34,132,5,90,58"/><T55/><D32/><U89/><E117/><V127/><F115/><W133/><G34/><T10/><D70/><U8/><E123/><V62/><F111/><W26/><G106/><T1/><D1/><U41/><E131/><V101/><F128/><W92/><G77/><T75/><D75/><U114/><E114/><V61/><F127/><W44/><G66/><T113/><D113/><U80/><E89/><V31/><F31/><W17/><G132/><T81/><D38/><U54/><E105/><V69/><F101/><W78/><G133/><T91/><D37/><U104/><E104/><V12/><F69/><W73/><G73/><T109/><D43/><U108/><E103/><V125/><F125/><W63/><G78/><T100/><D134/><U45/><E108/><V99/><F99/><N who="3" m="57751" /><G5/><T124/><D124/><U98/><E98/><V56/><F46/><W97/><G97/><T3/><D109/><U119/><E119/><V72/><F36/><W88/><G88/><T52/><D102/><U33/><E33/><V24/><F24/><AGARI ba="0,0" hai="14,17,21,24,26,40,44,49,53,58,63" m="57751" machi="24" ten="30,1000,0" yaku="8,1" doraHai="64" who="3" fromWho="2" sc="250,0,250,0,250,-10,250,10" /><INIT seed="1,0,0,1,4,83" ten="250,250,240,260" oya="1" hai0="81,34,50,114,124,43,82,69,31,59,29,24,87" hai1="37,13,55,5,44,36,15,96,9,28,14,66,47" hai2="22,68,106,113,7,129,51,97,46,27,107,54,38" hai3="18,126,102,115,4,63,112,61,6,33,91,80,67"/><U90/><E28/><V45/><F129/><W0/><G126/><T52/><D114/><U135/><E135/><V57/><F113/><W123/><G123/><T84/><D69/><U89/><E66/><V72/><F72/><W119/><G33/><T132/><D132/><U42/><E90/><V93/><F68/><W41/><G41/><T21/><D124/><U103/><E89/><V101/><F7/><W19/><G91/><N who="0" m="51599" /><D34/><U77/><E77/><V76/><F76/><W17/><G67/><T108/><D108/><U125/><E125/><V111/><F111/><W118/><G19/><N who="0" m="12351" /><D43/><U75/><E75/><V40/><REACH who="2" step="1"/><F46/><REACH who="2" ten="250,250,230,260" step="2"/><W60/><G6/><T86/><D82/><U8/><E5/><V30/><AGARI ba="0,1" hai="22,27,30,38,40,45,51,54,57,93,97,101,106,107" machi="30" ten="20,8000,1" yaku="1,1,2,1,0,1,7,1,53,1" doraHai="83" doraHaiUra="92" who="2" fromWho="2" sc="250,-20,250,-40,230,90,260,-20" /><INIT seed="2,0,0,4,0,104" ten="230,210,320,240" oya="2" hai0="134,81,63,83,97,59,122,91,127,46,79,77,66" hai1="67,39,118,129,33,1,135,73,115,18,5,95,47" hai2="27,108,29,19,70,126,131,14,41,32,112,128,96" hai3="120,65,20,28,121,36,22,99,31,74,52,82,4"/><V11/><F70/><W42/><G4/><T75/><D122/><U98/><E115/><V124/><F41/><W89/><G65/><T72/><D127/><N who="2" m="48682" /><F96/><W58/><G36/><T38/><D134/><U101/><E118/><V109/><F112/><W86/><G42/><T87/><D97/><U113/><E113/><V30/><F30/><N who="3" m="11307" /><G74/><T106/><D106/><U100/><E39/><V130/><AGARI ba="0,0" hai="11,14,19,27,29,32,108,109,128,130,131" m="48682" machi="130" ten="40,12000,1" yaku="19,1,18,1,34,2" doraHai="104" who="2" fromWho="2" sc="230,-40,210,-40,320,120,240,-40" /><INIT seed="2,1,0,3,4,74" ten="190,170,440,200" oya="2" hai0="23,41,106,39,59,79,132,62,96,69,19,43,15" hai1="97,130,25,90,98,22,64,13,133,82,118,18,83" hai2="36,111,47,12,24,102,66,122,75,20,129,104,113" hai3="71,127,63,3,114,84,120,17,110,85,50,57,55"/><V45/><F75/><W27/><G120/><T117/><D69/><U135/><E118/><V29/><F113/><W40/><G3/><T10/><D132/><N who="1" m="50763" /><E130/><V99/><F122/><W48/><G114/><T61/><D117/><U126/><E64/><V125/><F125/><W116/><G116/><T109/><D109/><U60/><E60/><V72/><F72/><W21/><G110/><T87/><D39/><U42/><E126/><V68/><F36/><W67/><G127/><T6/><D61/><U5/><E42/><N who="0" m="15881" /><D96/><N who="1" m="36971" /><E90/><V119/><F66/><W123/><G123/><T103/><D103/><U73/><E73/><V35/><F102/><W54/><REACH who="3" step="1"/><G40/><REACH who="3" ten="190,170,440,190" step="2"/><T76/><D106/><U134/><N who="1" m="50771" /><U49/><DORA hai="107" /><E49/><V70/><F104/><W95/><G95/><T11/><D62/><U26/><E5/><V51/><F111/><W77/><G77/><T89/><D79/><U65/><E65/><V31/><F119/><W112/><G112/><T86/><D6/><U128/><E128/><V8/><F129/><W80/><G80/><AGARI ba="1,1" hai="13,18,22,25,26,80,82,83" m="36971,50771" machi="80" ten="40,1300,0" yaku="20,1" doraHai="74,107" who="1" fromWho="3" sc="190,0,170,26,440,0,190,-16" /><INIT seed="3,0,0,4,1,62" ten="190,196,440,174" oya="3" hai0="108,131,16,17,13,31,29,34,53,37,2,41,59" hai1="32,123,69,55,54,61,56,58,75,106,48,64,91" hai2="39,96,87,10,38,89,83,35,86,8,18,25,77" hai3="93,22,11,117,110,84,27,28,4,5,33,73,105"/><W81/><G117/><T50/><D2/><U124/><E123/><V125/><F96/><W115/><G105/><T90/><D34/><U0/><E0/><V67/><F67/><W68/><G115/><T128/><D108/><U116/><E32/><V109/><F109/><W9/><G73/><T12/><D90/><U103/><E75/><V57/><F57/><W6/><G110/><T42/><D37/><U133/><E116/><V44/><F125/><W121/><G121/><T36/><D36/><U88/><E124/><V7/><F44/><W43/><G68/><T60/><D50/><U113/><E113/><V112/><F10/><W79/><G33/><T66/><D53/><U85/><E133/><V102/><F102/><W71/><G71/><T99/><D99/><U23/><E23/><V135/><F39/><W72/><REACH who="3" step="1"/><G43/><REACH who="3" ten="190,196,440,164" step="2"/><T26/><D42/><U82/><E106/><V74/><F74/><W132/><G132/><T94/><D41/><U1/><E69/><V15/><F135/><W49/><G49/><T111/><D111/><U129/><E48/><V76/><F112/><W51/><G51/><T98/><D131/><U78/><E129/><V40/><F40/><W120/><G120/><T45/><D128/><U70/><E70/><V134/><F35/><W119/><G119/><T100/><D45/><U52/><E58/><V20/><F134/><W107/><G107/><T127/><D127/><U92/><E1/><V114/><F114/><W126/><G126/><T30/><D26/><U118/><E118/><V80/><F38/><W21/><G21/><T63/><D63/><RYUUKYOKU ba="0,1" sc="190,0,196,0,440,0,164,0" hai0="12,13,16,17,29,30,31,59,60,66,94,98,100" hai1="52,54,55,56,61,64,78,82,85,88,91,92,103" hai2="7,8,15,18,20,25,76,77,80,83,86,87,89" hai3="4,5,6,9,11,22,27,28,72,79,81,84,93" /><INIT seed="3,1,1,2,0,1" ten="190,196,440,164" oya="3" hai0="30,32,110,127,9,118,81,51,12,70,125,75,29" hai1="5,115,28,52,2,3,120,103,71,43,48,39,59" hai2="135,56,41,64,36,126,95,35,122,72,0,62,84" hai3="131,54,42,17,58,130,112,119,92,86,15,104,111"/><W90/><G112/><T14/><D118/><U21/><E115/><V68/><F122/><W80/><G119/><T25/><D70/><U18/><E120/><V8/><F72/><W40/><G104/><T117/><D117/><U55/><E28/><V99/><F35/><W57/><G111/><T96/><D110/><U65/><E55/><V128/><F84/><W108/><G108/><T93/><D29/><U97/><E5/><V85/><F85/><W124/><G124/><N who="0" m="47691" /><D51/><U49/><E49/><V76/><F76/><W50/><G80/><T46/><D46/><N who="1" m="23935" /><E18/><V61/><F36/><W105/><G105/><T83/><D14/><U109/><E21/><V47/><F0/><W44/><G57/><T33/><D33/><U34/><E34/><V19/><F47/><W7/><G7/><N who="0" m="3135" /><D75/><U134/><E109/><V116/><F41/><W88/><G90/><AGARI ba="1,1" hai="25,30,32,81,83,90,93,96" m="3135,47691" machi="90" ten="30,2000,0" yaku="18,1,52,1" doraHai="1" who="0" fromWho="3" sc="190,33,196,0,440,0,164,-23" owari="223,2.3,196,-20.4,440,54.0,141,-35.9" /></mjloggm>