<mjloggm ver="2.3"><GO type="225" lobby="0"/><UN n0="%E6%A1%9C%E8%8A%B1%E9%96%83%E3%80%85" n1="%E3%83%8F%E3%82%AC%E3%82%BF%E3%82%AB%E3%81%AE%E3%81%88%E3%81%98%E3%81%8D" n2="%E3%81%AF%E3%82%88%E3%81%8A%E3%81%98%E3%81%95%E3%82%93" n3="%EF%BC%AE%EF%BC%A1%EF%BC%AF%33%33%39" dan="16,17,17,16" rate="2127.55,2160.87,2153.71,2124.09" sx="M,M,M,M"/><TAIKYOKU oya="0"/><INIT seed="0,0,0,2,4,36" ten="250,250,250,250" oya="0" hai0="112,50,25,47,122,90,40,97,88,96,23,111,41" hai1="105,52,29,37,48,21,106,115,13,70,92,2,19" hai2="15,79,91,128,4,134,14,87,130,94,66,3,44" hai3="1,9,65,6,125,108,84,57,63,12,104,53,101"/><T31/><D112/><U80/><E115/><V127/><F127/><W124/><G108/><T62/><D122/><U118/><E118/><V78/><F134/><W129/><G129/><N who="2" m="49769" /><F66/><W54/><G101/><T116/><D116/><U8/><E70/><V34/><F34/><W81/><G104/><T67/><D111/><U83/><E37/><V16/><F3/><W120/><G120/><T5/><D5/><U59/><E105/><V61/><F61/><W77/><REACH who="3" step="1"/><G1/><REACH who="3" ten="250,250,250,240" step="2"/><T42/><D96/><U58/><E106/><V10/><F44/><W18/><G18/><T27/><D27/><N who="1" m="16623" /><E2/><V117/><F117/><W33/><G33/><T85/><D97/><U32/><E32/><V68/><F68/><W43/><G43/><N who="0" m="24959" /><D85/><U20/><E59/><AGARI ba="0,1" hai="23,25,31,40,41,42,59,62,67,88,90" m="24959" machi="59" ten="30,18000,2" yaku="8,1,52,4,54,1" doraHai="36" who="0" fromWho="1" sc="250,190,250,-180,250,0,240,0" /><INIT seed="0,1,0,4,4,7" ten="440,70,250,240" oya="0" hai0="105,8,95,22,106,86,4,127,78,130,83,67,84" hai1="108,133,51,13,52,104,34,116,65,111,102,76,10" hai2="87,26,129,113,103,89,23,81,128,14,115,71,46" hai3="49,0,135,82,69,50,57,61,97,9,100,79,125"/><T101/><D127/><U3/><E116/><V91/><F71/><W88/><G69/><T60/><D130/><N who="2" m="50282" /><F103/><W48/><G125/><T19/><D101/><U114/><E34/><V29/><F46/><W118/><G118/><T122/><D122/><U80/><E3/><V123/><F123/><W6/><G135/><T117/><D117/><U20/><E65/><V68/><F68/><W72/><G88/><N who="2" m="33865" /><F14/><W131/><G131/><T35/><D95/><U11/><E133/><V17/><F29/><W132/><G132/><T74/><D105/><U33/><E33/><V5/><F5/><W96/><REACH who="3" step="1"/><G100/><REACH who="3" ten="440,70,250,230" step="2"/><T109/><D78/><AGARI ba="1,1" hai="17,23,26,78,81,87,113,115" m="33865,50282" machi="78" ten="30,2000,0" yaku="19,1,54,1" doraHai="7" who="2" fromWho="0" sc="440,-23,70,0,250,33,230,0" /><INIT seed="1,0,0,1,4,118" ten="417,70,283,230" oya="1" hai0="66,88,10,50,3,57,7,89,17,30,96,40,43" hai1="19,47,71,77,18,76,1,5,86,100,20,49,26" hai2="117,4,122,127,34,14,106,125,24,46,101,53,8" hai3="55,41,95,68,39,16,51,110,97,56,60,94,32"/><U108/><E71/><V23/><F117/><W91/><G32/><T103/><D30/><U27/><E108/><V75/><F75/><W52/><G110/><T87/><D17/><U82/><E100/><V107/><F34/><W36/><G41/><T102/><D102/><U2/><E5/><V54/><F122/><W61/><G68/><T85/><D85/><U92/><E77/><V28/><F46/><W129/><G129/><T133/><D133/><U112/><E112/><V11/><F11/><W124/><G124/><N who="2" m="47689" /><F101/><W9/><G39/><T62/><D50/><U84/><E1/><V128/><F128/><W37/><G37/><T83/><D89/><U67/><E2/><V111/><F111/><W115/><G36/><T123/><D123/><U33/><E33/><V45/><F45/><W132/><G132/><T13/><D3/><U80/><E92/><AGARI ba="0,0" hai="7,10,13,40,43,57,62,66,83,87,88,92,96,103" machi="92" ten="30,3900,0" yaku="7,1,8,1,54,1" doraHai="118" who="0" fromWho="1" sc="417,39,70,-39,283,0,230,0" /><INIT seed="2,0,0,5,1,92" ten="456,31,283,230" oya="2" hai0="118,101,33,117,67,25,85,43,57,9,77,31,99" hai1="24,116,6,26,5,14,78,51,62,16,63,30,71" hai2="47,22,3,107,38,55,37,121,84,70,95,119,72" hai3="129,58,20,17,130,23,112,86,12,7,13,4,40"/><V73/><F95/><W11/><G40/><T32/><D43/><U35/><E116/><N who="0" m="44649" /><D9/><U114/><E114/><V68/><F84/><W128/><G58/><T106/><D77/><U36/><E36/><N who="2" m="13931" /><F22/><W21/><G86/><T100/><D85/><U87/><E71/><N who="2" m="27179" /><F55/><W64/><G64/><T42/><D42/><U50/><E24/><V53/><F53/><W74/><G74/><N who="2" m="28777" /><F47/><W79/><G79/><T8/><D8/><U34/><E34/><V102/><F121/><W27/><G112/><T45/><D45/><U66/><E87/><V54/><F54/><W19/><G7/><T52/><D67/><U89/><E78/><V2/><F119/><W90/><G90/><T15/><D101/><U126/><E89/><V44/><F44/><W111/><G23/><N who="0" m="15807" /><D15/><U104/><E104/><V108/><F108/><AGARI ba="0,0" hai="4,11,12,13,17,19,20,21,27,108,111,128,129,130" machi="108" ten="50,8000,1" yaku="19,1,34,3" doraHai="92" who="3" fromWho="2" sc="456,0,31,0,283,-80,230,80" /><INIT seed="3,0,0,4,5,98" ten="456,31,203,310" oya="3" hai0="133,126,109,130,67,79,13,45,65,70,116,64,44" hai1="41,25,35,121,115,19,23,74,27,18,66,131,71" hai2="76,106,88,39,16,85,118,14,5,28,52,50,31" hai3="15,90,123,96,3,94,29,57,83,8,99,12,86"/><W104/><G123/><T59/><D116/><U21/><E74/><V103/><F118/><W134/><G134/><T20/><D70/><U10/><E41/><V108/><F39/><W63/><G29/><N who="2" m="11337" /><F106/><W125/><G125/><T11/><D133/><U78/><E78/><V22/><F108/><W26/><G26/><T61/><D109/><U135/><E66/><N who="0" m="25705" /><D126/><U48/><E48/><V54/><F76/><W24/><G24/><T95/><D130/><U112/><E71/><V32/><F32/><W101/><G3/><T87/><D20/><U17/><E135/><V7/><F103/><W53/><REACH who="3" step="1"/><G8/><REACH who="3" ten="456,31,203,300" step="2"/><T82/><D95/><U89/><E89/><V46/><F54/><W84/><G84/><T68/><D68/><U110/><E110/><V30/><F30/><W113/><G113/><T55/><D67/><U62/><E62/><V56/><F56/><W93/><G93/><AGARI ba="0,1" hai="5,7,14,16,22,46,50,52,85,88,93" m="11337" machi="93" ten="30,7700,0" yaku="8,1,54,3" doraHai="98" who="2" fromWho="3" sc="456,0,31,0,203,87,300,-77" owari="456,55.6,31,-46.9,290,9.0,223,-17.7" /></mjloggm>