<mjloggm ver="2.3"><GO type="225" lobby="0"/><UN n0="%E3%82%B3%E3%83%90%E3%83%AC%E3%82%A4" n1="%E7%99%BD%E5%80%89%E5%AF%9B%E4%B9%8B" n2="%E5%A4%8F%E9%88%B4%E9%88%B4%E5%A4%8F" n3="%E5%A4%96%E5%B7%9D%E7%AB%9C%E6%88%90" dan="16,16,16,16" rate="2195.43,2163.32,2103.52,2080.93" sx="M,M,F,M"/><TAIKYOKU oya="0"/><INIT seed="0,0,0,2,2,129" ten="250,250,250,250" oya="0" hai0="56,51,64,75,53,132,108,72,67,65,63,89,52" hai1="121,11,116,70,124,27,84,118,131,79,113,22,106" hai2="30,59,107,16,100,35,134,76,48,19,45,88,7" hai3="98,32,55,10,130,58,18,126,99,1,74,47,91"/><T94/><D108/><U36/><E70/><V80/><F7/><W104/><G32/><T83/><D83/><U101/><E36/><V95/><F134/><W33/><G33/><T23/><D23/><U128/><E11/><V86/><F59/><W73/><G47/><T28/><D28/><U90/><E22/><V57/><F57/><W69/><G69/><T3/><D3/><U127/><E27/><V4/><F4/><W109/><G18/><T20/><D20/><U119/><E79/><V105/><F30/><W49/><G104/><T0/><D0/><U133/><E133/><V112/><F35/><W38/><G38/><T77/><D77/><U24/><E24/><V25/><F25/><W115/><G10/><T5/><D5/><U12/><E12/><V125/><F125/><N who="1" m="48201" /><E121/><V120/><F120/><W102/><G1/><T13/><D13/><U123/><E123/><V15/><F112/><W14/><G115/><T66/><D132/><U85/><E113/><V71/><F71/><W34/><G34/><T29/><D29/><U21/><E21/><V41/><F100/><W78/><G14/><T40/><D40/><U82/><E85/><V92/><F92/><N who="3" m="56607" /><G126/><T50/><N who="0" m="16384" /><DORA hai="26" /><T43/><D43/><U68/><E68/><V114/><F114/><W37/><G74/><T42/><D42/><U60/><E60/><V61/><F61/><W54/><G73/><T93/><D63/><U87/><E87/><N who="2" m="48519" /><F15/><W103/><G49/><T17/><D17/><U2/><E2/><V117/><F117/><W111/><G37/><T39/><D39/><U97/><AGARI ba="0,0" hai="82,84,90,97,101,106,116,118,119,128,131" m="48201" machi="97" ten="40,8000,1" yaku="5,1,18,1,34,2" doraHai="129,26" who="1" fromWho="1" sc="250,-40,250,80,250,-20,250,-20" /><INIT seed="1,0,0,2,1,135" ten="210,330,230,230" oya="1" hai0="81,19,79,20,121,65,93,55,130,125,25,94,6" hai1="52,115,76,133,34,27,18,78,97,66,2,117,58" hai2="71,96,49,82,86,50,8,30,99,83,74,26,11" hai3="16,56,44,57,69,105,36,1,63,89,43,14,35"/><U9/><E133/><V29/><F71/><W123/><G123/><T118/><D121/><U91/><E115/><V48/><F74/><W7/><G35/><T107/><D107/><U100/><E66/><V33/><F30/><W112/><G105/><T41/><D118/><U116/><E91/><V84/><F96/><W15/><G15/><T13/><D65/><U40/><E40/><V54/><F54/><W101/><G101/><T113/><D113/><U127/><E78/><V46/><F46/><W108/><G69/><T37/><D130/><U10/><E76/><V38/><F99/><W47/><G63/><T95/><D37/><U77/><E77/><V12/><F38/><W98/><G47/><T88/><D41/><U62/><E34/><V126/><F126/><W67/><G67/><T92/><D125/><U131/><E127/><V4/><REACH who="2" step="1"/><F8/><REACH who="2" ten="210,330,220,230" step="2"/><W60/><G98/><T42/><D55/><N who="1" m="34143" /><E10/><V28/><F28/><W51/><G44/><T124/><D124/><U70/><E9/><V111/><F111/><W0/><G36/><T103/><D42/><U119/><E52/><V85/><AGARI ba="0,1" hai="4,11,12,26,29,33,48,49,50,82,83,84,85,86" machi="85" ten="30,8000,1" yaku="1,1,0,1,53,3" doraHai="135" doraHaiUra="80" who="2" fromWho="2" sc="210,-20,330,-40,220,90,230,-20" /><INIT seed="2,0,0,2,5,19" ten="190,290,310,210" oya="2" hai0="42,18,125,83,62,8,23,123,57,116,86,73,61" hai1="72,26,40,68,27,24,56,103,66,92,46,75,11" hai2="3,135,16,21,88,96,33,124,101,14,44,32,50" hai3="7,85,81,94,9,134,59,20,54,41,120,78,43"/><V39/><F39/><W129/><G134/><T1/><D123/><U35/><E35/><V31/><F3/><W99/><G129/><T13/><D116/><U77/><E68/><V6/><F6/><W53/><G120/><T82/><D73/><U111/><E77/><V10/><F124/><W128/><G128/><T2/><D125/><U45/><E111/><V117/><F117/><W12/><G20/><T5/><D83/><U34/><E34/><V15/><F135/><W65/><G65/><T106/><D106/><U17/><E75/><V52/><F31/><W100/><REACH who="3" step="1"/><G53/><REACH who="3" ten="190,290,310,200" step="2"/><T79/><D42/><U63/><E40/><V22/><F32/><W112/><G112/><T37/><D37/><U0/><E66/><V115/><F33/><W58/><G58/><T48/><D2/><U97/><E0/><V90/><F115/><W25/><G25/><T60/><REACH who="0" step="1"/><D48/><AGARI ba="0,1" hai="7,9,12,41,43,48,54,59,78,81,85,94,99,100" machi="48" ten="30,3900,0" yaku="1,1,7,1,8,1,53,0" doraHai="19" doraHaiUra="105" who="3" fromWho="0" sc="190,-39,290,0,310,0,200,49" /><INIT seed="3,0,0,1,0,19" ten="151,290,310,249" oya="3" hai0="82,24,124,101,96,42,14,44,130,3,97,32,41" hai1="47,77,72,62,67,45,55,127,78,94,120,71,23" hai2="64,119,0,126,28,60,39,5,8,65,123,129,100" hai3="117,52,69,68,37,35,61,133,125,107,112,54,12"/><W99/><G112/><T29/><D3/><U15/><E120/><V84/><F119/><W22/><G117/><T25/><D130/><U131/><E131/><V73/><F73/><W11/><G35/><T121/><D121/><U89/><E127/><V20/><F126/><W70/><G125/><T21/><D124/><U105/><E105/><V81/><F129/><W58/><G133/><T103/><D82/><U4/><E72/><V134/><F134/><W92/><G37/><T75/><D75/><U38/><E38/><V111/><F111/><W93/><G54/><T48/><D14/><U135/><E135/><V88/><F123/><W74/><G22/><T87/><D87/><N who="1" m="52543" /><E71/><V118/><F118/><W30/><G30/><T104/><D41/><U10/><E67/><V79/><F39/><W57/><G57/><T56/><D56/><N who="1" m="35103" /><E23/><V122/><F122/><W83/><G107/><T53/><D42/><U106/><E106/><V109/><F109/><W34/><G34/><T98/><REACH who="0" step="1"/><D103/><REACH who="0" ten="141,290,310,249" step="2"/><U17/><E4/><V51/><F100/><W13/><G13/><T18/><AGARI ba="0,1" hai="18,21,24,25,29,32,44,48,53,96,97,98,101,104" machi="18" ten="20,8000,1" yaku="1,1,2,1,0,1,7,1,52,1,53,0" doraHai="19" doraHaiUra="116" who="0" fromWho="0" sc="141,90,290,-20,310,-20,249,-40" /><INIT seed="4,0,0,3,2,96" ten="231,270,290,209" oya="0" hai0="50,55,108,4,3,115,61,40,32,74,80,104,127" hai1="31,11,15,26,5,82,35,110,135,75,58,86,23" hai2="38,105,122,27,20,8,66,123,101,29,16,116,77" hai3="37,129,12,79,83,125,18,85,69,73,42,39,94"/><T45/><D32/><U112/><E112/><V99/><F38/><W6/><G125/><T59/><D115/><U56/><E135/><V30/><F116/><W0/><G129/><T102/><D127/><U14/><E75/><V72/><F66/><W63/><G42/><T62/><D108/><U9/><E35/><V113/><F113/><W120/><G120/><T118/><D118/><U107/><E107/><V24/><F30/><W34/><G6/><T19/><D19/><U53/><E53/><V44/><F8/><W134/><G0/><T78/><D104/><U46/><E46/><V70/><F70/><W21/><G34/><T121/><D102/><U128/><E128/><V2/><F2/><W7/><G7/><T126/><D121/><U132/><E132/><V90/><F90/><W22/><G22/><T60/><REACH who="0" step="1"/><D126/><REACH who="0" ten="221,270,290,209" step="2"/><U76/><E110/><V57/><F122/><W1/><G134/><T119/><D119/><U88/><E76/><V64/><F123/><W103/><G1/><T25/><D25/><U91/><E91/><V84/><F77/><W71/><G103/><T130/><D130/><U97/><E97/><V54/><F27/><W81/><G79/><T100/><D100/><U52/><E52/><V133/><F54/><W17/><G18/><AGARI ba="0,1" hai="5,9,11,14,15,18,23,26,31,56,58,82,86,88" machi="18" ten="30,3900,0" yaku="7,1,8,1,54,1" doraHai="96" who="1" fromWho="3" sc="221,0,270,49,290,0,209,-39" owari="221,-17.9,319,41.9,290,9.0,170,-33.0" /></mjloggm>