<mjloggm ver="2.3"><GO type="225" lobby="0"/><UN n0="%E6%A1%9C%E8%8A%B1%E9%96%83%E3%80%85" n1="%E3%81%AF%E3%82%88%E3%81%8A%E3%81%98%E3%81%95%E3%82%93" n2="%77%72%77%72%77%72%77%72" n3="%E3%81%8B%E3%82%8F%E3%81%A1%E3%82%83%E3%82%93%35%38" dan="16,17,16,16" rate="2128.89,2132.13,2159.56,2151.92" sx="M,M,M,M"/><TAIKYOKU oya="0"/><INIT seed="0,0,0,4,5,17" ten="250,250,250,250" oya="0" hai0="31,100,58,115,122,43,29,37,13,68,42,28,54" hai1="119,7,72,76,86,121,99,56,63,88,22,1,82" hai2="109,25,20,67,131,38,70,46,94,5,48,45,16" hai3="74,15,41,101,36,130,79,126,39,60,24,102,69"/><T87/><D115/><U30/><E119/><V78/><F109/><W49/><G74/><T3/><D122/><U57/><E121/><V107/><F107/><W90/><G79/><T120/><D3/><U75/><E7/><V66/><F131/><W9/><G49/><T117/><D117/><U129/><E1/><V0/><F70/><W14/><G90/><T92/><D68/><U62/><E129/><V55/><F78/><W50/><G50/><N who="0" m="31063" /><D37/><U93/><E57/><V44/><F38/><W135/><G69/><T23/><D120/><U52/><REACH who="1" step="1"/><E63/><REACH who="1" ten="250,240,250,250" step="2"/><V71/><F0/><W65/><G130/><T127/><D127/><U33/><E33/><V84/><F71/><W125/><G126/><T61/><D61/><U105/><E105/><V81/><F5/><W27/><G60/><T110/><D110/><U12/><E12/><V124/><F124/><W106/><G125/><T47/><D47/><N who="2" m="17994" /><F94/><W80/><G106/><T26/><D13/><U59/><E59/><V77/><AGARI ba="0,1" hai="16,20,25,46,48,55,66,67,77,81,84" m="17994" machi="77" ten="30,4000,0" yaku="8,1,52,1,54,1" doraHai="17" who="2" fromWho="2" sc="250,-20,240,-10,250,50,250,-10" /><INIT seed="1,0,0,5,0,37" ten="230,230,300,240" oya="1" hai0="26,57,117,60,100,29,53,2,19,67,35,129,3" hai1="114,106,133,30,13,97,107,118,87,77,85,62,25" hai2="113,46,55,84,123,31,94,10,86,99,134,39,16" hai3="108,28,32,42,56,104,83,120,78,33,81,20,109"/><U96/><E114/><V65/><F113/><W11/><G120/><T58/><D117/><U72/><E118/><V40/><F123/><W91/><G104/><T17/><D129/><U131/><E131/><V9/><F134/><W14/><G56/><T79/><D100/><U68/><E133/><V105/><F105/><W98/><G20/><T116/><D116/><U128/><E128/><V63/><F31/><W93/><G42/><T24/><D79/><U47/><E13/><V43/><F39/><W74/><G81/><T66/><D66/><N who="1" m="41047" /><E97/><V52/><F65/><W8/><G8/><N who="2" m="3177" /><F16/><N who="3" m="8287" /><G28/><T44/><D26/><U130/><E107/><V0/><F0/><W111/><AGARI ba="0,0" hai="32,33,74,78,83,91,93,98,108,109,111" m="8287" machi="111" ten="30,2000,0" yaku="14,1,54,1" doraHai="37" who="3" fromWho="3" sc="230,-5,230,-10,300,-5,240,20" /><INIT seed="2,0,0,1,5,27" ten="225,220,295,260" oya="2" hai0="11,60,35,120,129,133,55,126,41,3,15,28,16" hai1="50,64,84,14,85,97,61,93,118,73,131,46,119" hai2="112,38,62,86,116,124,37,101,106,98,132,66,75" hai3="94,122,100,96,77,43,102,45,69,128,83,111,107"/><V113/><F116/><W39/><G122/><T36/><D120/><U78/><E73/><V90/><F75/><W67/><G111/><T52/><D126/><U5/><E131/><V110/><F124/><W47/><G128/><T108/><D129/><U8/><E78/><V4/><F110/><W72/><G47/><T1/><D108/><U71/><E119/><V49/><F132/><W65/><G69/><T51/><D36/><U7/><E7/><V48/><F4/><W56/><G102/><T109/><D109/><U88/><REACH who="1" step="1"/><E118/><REACH who="1" ten="225,210,295,260" step="2"/><V25/><F113/><W30/><G77/><T33/><D133/><U95/><E95/><V9/><F112/><W24/><G94/><T6/><D1/><U121/><E121/><V59/><F106/><W44/><G83/><T54/><D60/><U63/><E63/><V29/><F62/><W21/><G72/><T20/><REACH who="0" step="1"/><D28/><REACH who="0" ten="215,210,295,260" step="2"/><U42/><AGARI ba="0,2" hai="5,8,14,42,46,50,61,64,71,84,85,88,93,97" machi="42" ten="20,8000,1" yaku="1,1,0,1,7,1,54,1,53,1" doraHai="27" doraHaiUra="89" who="1" fromWho="1" sc="215,-20,210,100,295,-40,260,-20" /><INIT seed="3,0,0,1,1,6" ten="195,310,255,240" oya="3" hai0="87,50,0,42,104,133,79,117,94,33,68,52,10" hai1="132,115,130,40,114,2,88,107,75,91,99,64,113" hai2="37,7,18,83,97,26,8,11,38,35,110,54,124" hai3="120,48,127,121,5,41,86,61,118,85,69,80,93"/><W47/><G118/><T103/><D117/><U96/><E2/><V16/><F110/><W67/><G127/><T59/><D33/><U102/><E40/><V111/><F124/><W126/><G126/><T108/><D108/><U13/><E13/><V55/><F111/><W105/><G105/><T62/><D133/><U24/><E24/><V21/><F35/><W71/><G71/><T15/><D0/><U49/><E49/><V123/><F123/><W3/><G93/><T74/><D74/><U32/><E64/><V51/><F97/><W106/><G106/><T25/><D104/><N who="1" m="63559" /><E32/><V36/><F83/><W129/><G86/><T22/><D103/><N who="1" m="62975" /><E132/><V89/><F89/><N who="1" m="34377" /><E75/><V81/><F54/><W34/><G34/><T39/><D39/><U70/><E70/><V44/><F18/><W84/><G3/><T30/><D94/><U77/><E77/><V135/><F7/><W1/><G5/><N who="0" m="3535" /><D68/><U92/><E92/><V116/><F135/><W12/><G1/><T98/><D98/><U19/><E19/><V9/><F116/><W14/><G69/><T112/><D112/><U60/><E113/><V122/><F122/><W66/><G120/><T29/><D29/><U134/><E134/><V31/><F31/><W78/><G121/><T46/><D79/><U4/><E4/><V119/><F119/><W125/><G78/><T56/><D56/><U109/><E109/><V28/><F28/><W76/><G125/><T131/><D131/><U72/><E72/><V82/><AGARI ba="0,0" hai="8,9,11,16,21,26,36,37,38,44,51,55,81,82" machi="82" ten="40,8000,1" yaku="0,1,52,3,54,1" doraHai="6" who="2" fromWho="2" sc="195,-20,310,-20,255,80,240,-40" owari="175,-32.5,290,9.0,335,43.5,200,-20.0" /></mjloggm>