<mjloggm ver="2.3"><GO type="225" lobby="0"/><UN n0="%E3%83%B4%E3%82%A3%E3%83%AF%E3%82%B3%E3%82%B0%E3%83%8B" n1="%E6%9C%88%E5%B3%B6%E5%9F%BA" n2="%E3%81%95%E3%81%8D%E3%81%9F%E3%81%BE%E6%9E%97%E6%AA%8E" n3="%E3%83%96%E3%83%83%E3%83%91%E3%82%AA%E3%83%96%E3%83%81%E3%82%AD%E3%83%B3" dan="17,17,16,16" rate="2224.04,2215.27,2089.85,2196.03" sx="M,M,M,M"/><TAIKYOKU oya="0"/><INIT seed="0,0,0,5,3,14" ten="250,250,250,250" oya="0" hai0="131,133,49,47,23,41,128,26,93,106,81,135,8" hai1="114,10,27,127,1,39,94,130,66,72,17,64,61" hai2="125,32,77,56,113,82,28,45,22,105,13,71,63" hai3="96,99,21,54,68,2,122,43,104,100,90,120,30"/><T101/><D106/><U44/><E72/><V89/><F113/><W53/><G2/><T42/><D81/><U118/><E118/><V67/><F105/><W37/><G68/><T7/><D41/><U65/><E114/><V0/><F0/><W3/><G3/><N who="0" m="127" /><D101/><U46/><E127/><V134/><F125/><W132/><G132/><N who="0" m="50763" /><D93/><U102/><E130/><V110/><F134/><W16/><G30/><AGARI ba="0,0" hai="23,26,30,42,47,49,128,131" m="50763,127" machi="30" ten="30,1500,0" yaku="20,1" doraHai="14" who="0" fromWho="3" sc="250,15,250,0,250,0,250,-15" /><INIT seed="0,1,0,1,4,65" ten="265,250,250,235" oya="0" hai0="10,34,74,8,115,79,69,86,109,13,123,97,99" hai1="113,53,130,82,124,77,126,80,38,4,132,50,88" hai2="117,19,35,44,91,25,125,49,101,43,76,46,134" hai3="71,73,107,39,93,120,98,122,135,18,20,54,96"/><T33/><D115/><U1/><E38/><V59/><F134/><W105/><G135/><T116/><D116/><U106/><E132/><V110/><F110/><W15/><G73/><T3/><D123/><N who="3" m="47145" /><G39/><T7/><D74/><U92/><E106/><N who="3" m="40458" /><G54/><T24/><D109/><U89/><E130/><V78/><F125/><N who="1" m="48233" /><E113/><V55/><F117/><W21/><G21/><T70/><D99/><N who="3" m="37929" /><G93/><T87/><D97/><U27/><E92/><V45/><F101/><W131/><G131/><T26/><D33/><U28/><E53/><V129/><F35/><W6/><G6/><T0/><D34/><U111/><E4/><V83/><F129/><W90/><G90/><T31/><D31/><U95/><E89/><V62/><F91/><W75/><G75/><T30/><D30/><U56/><E88/><V37/><F37/><W52/><G52/><T23/><D79/><N who="2" m="30250" /><F83/><W60/><G60/><T85/><D8/><U104/><E95/><V42/><F62/><W36/><G36/><T40/><D40/><U108/><E104/><V17/><F43/><W57/><G57/><T14/><D23/><N who="1" m="15487" /><E80/><V100/><F42/><W11/><G11/><T127/><D127/><U47/><E56/><V61/><F61/><W12/><G12/><T58/><D58/><U5/><E82/><V63/><F63/><W114/><G114/><T32/><D13/><U41/><E77/><V102/><F25/><N who="0" m="9834" /><D32/><U2/><E5/><V51/><F51/><W119/><G119/><T121/><D121/><U64/><E64/><V67/><F67/><W118/><G118/><T112/><D112/><U48/><E48/><RYUUKYOKU ba="1,0" sc="265,0,250,0,250,0,235,0" hai0="0,3,7,10,14,69,70,85,86,87" hai1="1,2,41,47,50,108,111" hai2="17,19,44,45,46,49,55,59,100,102" hai3="15,18,20,71" /><INIT seed="0,2,0,3,5,129" ten="265,250,250,235" oya="0" hai0="78,2,92,20,85,133,18,37,55,34,109,24,48" hai1="58,31,134,105,43,126,99,67,98,77,101,120,113" hai2="41,4,93,72,104,110,75,70,51,128,116,61,50" hai3="73,23,91,7,118,59,63,108,107,130,22,12,44"/><T33/><D37/><U115/><E120/><V86/><F104/><W27/><G130/><T3/><D109/><U83/><E43/><V6/><F128/><W19/><G118/><T54/><D133/><U39/><E39/><V64/><F116/><W117/><G117/><T76/><D2/><U21/><E126/><V38/><F38/><W87/><G108/><T46/><D3/><U121/><E121/><V32/><F32/><W14/><G107/><T111/><D111/><U103/><E134/><V65/><F110/><W36/><G73/><T80/><D78/><U11/><E11/><V57/><F75/><W68/><G68/><T40/><REACH who="0" step="1"/><D92/><REACH who="0" ten="255,250,250,235" step="2"/><U90/><E105/><V135/><F135/><W71/><G36/><T82/><D82/><U84/><E77/><V0/><F0/><W79/><G79/><T17/><D17/><U10/><E113/><V56/><F93/><W100/><G19/><T5/><D5/><U62/><E115/><V28/><F4/><W96/><G7/><T123/><D123/><U52/><E83/><V25/><F6/><W74/><G74/><T66/><D66/><U13/><E67/><V102/><F65/><W8/><G71/><T131/><D131/><U114/><E114/><V69/><F64/><W15/><G8/><T49/><D49/><U127/><E10/><V125/><F70/><W30/><G14/><T45/><D45/><U88/><E13/><V89/><F69/><W35/><G44/><T119/><D119/><U112/><E112/><V9/><F72/><W106/><G12/><T53/><AGARI ba="2,1" hai="18,20,24,33,34,40,46,48,53,54,55,76,80,85" machi="53" ten="30,3000,0" yaku="1,1,0,1,53,0" doraHai="129" doraHaiUra="124" who="0" fromWho="0" sc="255,46,250,-12,250,-12,235,-12" /><INIT seed="0,3,0,5,1,82" ten="301,238,238,223" oya="0" hai0="131,133,97,16,87,29,46,91,4,1,93,44,103" hai1="130,30,64,35,74,106,95,48,110,112,81,121,73" hai2="119,100,68,2,20,71,67,15,0,47,58,114,61" hai3="76,18,39,70,34,102,101,90,13,108,6,84,27"/><T65/><D133/><U21/><E21/><V19/><F114/><W59/><G70/><T122/><D122/><U50/><E30/><V60/><F119/><W63/><G39/><T17/><D131/><U83/><E64/><V54/><F71/><W25/><G108/><T134/><D134/><U96/><E35/><V5/><F100/><N who="3" m="38507" /><G34/><T9/><D29/><U89/><E50/><V127/><F127/><W14/><G76/><T78/><D78/><N who="1" m="44239" /><E48/><V3/><REACH who="2" step="1"/><F47/><REACH who="2" ten="301,238,228,223" step="2"/><W104/><G104/><T33/><D33/><U94/><E106/><V7/><AGARI ba="3,1" hai="0,2,3,5,7,15,19,20,54,58,60,61,67,68" machi="7" ten="40,8000,1" yaku="1,1,2,1,0,1,53,1" doraHai="82" doraHaiUra="12" who="2" fromWho="2" sc="301,-43,238,-23,228,99,223,-23" /><INIT seed="1,0,0,5,5,13" ten="258,215,327,200" oya="1" hai0="93,119,83,104,49,111,23,40,3,37,118,73,113" hai1="20,48,110,54,2,63,11,59,97,95,102,76,135" hai2="90,131,86,16,27,29,66,46,70,108,133,134,78" hai3="123,128,51,56,80,127,45,122,126,114,61,41,30"/><U77/><E135/><N who="2" m="51723" /><F108/><W57/><G30/><T64/><D111/><U8/><E110/><V24/><F131/><W31/><G31/><T21/><D113/><U132/><E132/><V4/><F4/><W39/><G114/><T96/><D3/><U33/><E33/><V58/><F70/><W1/><G1/><T55/><D64/><U52/><E20/><N who="2" m="13319" /><F78/><N who="1" m="30313" /><E2/><V26/><F29/><W125/><G80/><T42/><D23/><U94/><E94/><N who="2" m="54615" /><F46/><AGARI ba="0,0" hai="8,11,46,48,52,54,59,63,95,97,102" m="30313" machi="46" ten="30,2900,0" yaku="8,1,54,1" doraHai="13" who="1" fromWho="2" sc="258,0,215,29,327,-29,200,0" /><INIT seed="1,1,0,5,3,91" ten="258,244,298,200" oya="1" hai0="123,84,20,30,33,12,129,43,71,130,47,83,131" hai1="88,40,48,135,27,104,125,38,2,115,90,10,110" hai2="62,39,6,79,98,0,127,72,109,128,54,121,103" hai3="69,52,34,124,26,7,31,94,59,35,46,117,97"/><U5/><E115/><V56/><F121/><W86/><G124/><T22/><D123/><U134/><E125/><V50/><F127/><W63/><G117/><T105/><D105/><U17/><E38/><V76/><F39/><W3/><G69/><T65/><D33/><U58/><E104/><V13/><F0/><W77/><G35/><T41/><D30/><U28/><E17/><V73/><F109/><W70/><G70/><T102/><D102/><U64/><E110/><V107/><F128/><W25/><G25/><T61/><D12/><U78/><E78/><V4/><F73/><W119/><G119/><T16/><D16/><U75/><E75/><V93/><F107/><W126/><G126/><T53/><D53/><N who="1" m="32039" /><E40/><N who="0" m="15433" /><D47/><U100/><E64/><N who="2" m="38983" /><F72/><W116/><G46/><T45/><D45/><U57/><E100/><V80/><F54/><W8/><G116/><T9/><D9/><U29/><E57/><V14/><F50/><W108/><G108/><T87/><D87/><U67/><E67/><V99/><F99/><W120/><G120/><T1/><D1/><U23/><E29/><V51/><F51/><W21/><G34/><T37/><D37/><U82/><E2/><V74/><F76/><AGARI ba="1,0" hai="20,22,61,65,71,76,83,84,129,130,131" m="15433" machi="76" ten="30,1000,0" yaku="19,1" doraHai="91" who="0" fromWho="2" sc="258,13,244,0,298,-13,200,0" /><INIT seed="2,0,0,4,5,55" ten="271,244,285,200" oya="2" hai0="17,85,35,16,44,19,131,56,1,27,10,122,40" hai1="0,33,81,4,13,69,102,62,106,101,54,42,116" hai2="108,78,23,6,11,60,28,110,51,14,47,50,61" hai3="39,21,92,30,20,25,48,72,90,34,94,45,87"/><V36/><F36/><W126/><G126/><T111/><D122/><U107/><E116/><V15/><F78/><W98/><G72/><T109/><D131/><U53/><E0/><V127/><F127/><W86/><G39/><N who="0" m="21535" /><D85/><U2/><E2/><V70/><F51/><W29/><G34/><T7/><D35/><U129/><E42/><V76/><F76/><W59/><G59/><T41/><D41/><U74/><E81/><V128/><F128/><W84/><G21/><N who="0" m="13743" /><D56/><U125/><E69/><V104/><F104/><W103/><REACH who="3" step="1"/><G30/><REACH who="3" ten="271,244,285,190" step="2"/><T118/><D118/><U96/><E33/><V49/><F28/><W80/><G80/><T58/><D58/><U95/><E74/><V52/><F70/><W133/><G133/><T114/><D114/><U73/><E73/><V134/><F134/><W135/><G135/><T63/><D63/><U57/><E125/><V91/><F61/><W75/><G75/><T99/><D111/><U83/><E83/><V46/><F60/><W120/><G120/><T66/><D109/><U124/><E124/><V18/><F110/><W64/><G64/><T117/><D66/><U5/><E129/><V115/><F108/><W93/><G93/><T8/><D117/><U3/><E95/><V121/><F121/><W79/><G79/><T113/><D113/><U22/><E62/><V26/><F115/><W67/><G67/><T97/><D8/><U37/><E57/><V12/><F23/><W105/><G105/><T68/><D68/><U38/><E22/><V9/><F11/><W89/><G89/><T24/><D19/><U130/><E130/><RYUUKYOKU ba="0,1" sc="271,15,244,-15,285,-15,190,15" hai0="1,7,10,16,24,97,99" hai3="20,25,29,45,48,84,86,87,90,92,94,98,103" /><INIT seed="3,1,1,2,4,113" ten="286,229,270,205" oya="3" hai0="22,76,132,2,107,80,21,130,58,16,35,83,115" hai1="92,112,93,87,24,36,30,28,84,127,71,74,73" hai2="64,67,56,53,126,61,10,33,47,3,116,70,52" hai3="77,29,121,39,110,32,106,102,54,48,133,85,23"/><W103/><G121/><T45/><D35/><U90/><E112/><V37/><F33/><W51/><G39/><T108/><D107/><U15/><E36/><V13/><F3/><W125/><G106/><T62/><D2/><U55/><E71/><V26/><F116/><W68/><G68/><T41/><D108/><U65/><E127/><V122/><F126/><W7/><G32/><T17/><D115/><U1/><E1/><V46/><F122/><W9/><G125/><T128/><D132/><U14/><E55/><V72/><F72/><W129/><G129/><N who="0" m="49771" /><D21/><U97/><E65/><N who="2" m="25163" /><F70/><W79/><G133/><T66/><D22/><U117/><E117/><V59/><F26/><N who="3" m="16607" /><G110/><T11/><D11/><U118/><E118/><V31/><F31/><W91/><G9/><T5/><D5/><U99/><E90/><V4/><F37/><W111/><G7/><T20/><D20/><U88/><E88/><V75/><F75/><W98/><G111/><T109/><D109/><U100/><E24/><V86/><F86/><W12/><G12/><T27/><D27/><U134/><E134/><V104/><F104/><N who="3" m="63575" /><G103/><AGARI ba="1,1" hai="14,15,28,30,73,74,84,87,92,93,97,99,100,103" machi="103" ten="25,1600,0" yaku="22,2" doraHai="113" who="1" fromWho="3" sc="286,0,229,29,270,0,205,-19" /><INIT seed="4,0,0,0,0,46" ten="286,258,270,186" oya="0" hai0="127,124,77,125,85,6,121,63,51,17,13,108,43" hai1="30,81,45,72,54,23,101,67,41,5,66,130,10" hai2="135,40,35,34,82,65,59,86,61,73,7,115,29" hai3="116,84,9,105,133,27,98,91,32,132,109,122,88"/><T80/><D121/><U55/><E130/><V3/><F73/><W79/><G32/><T113/><D113/><U110/><E110/><V19/><F115/><W100/><G27/><T102/><D108/><U92/><E72/><V64/><F135/><N who="3" m="51787" /><G9/><T42/><D6/><U33/><E81/><V89/><F40/><W93/><G109/><T50/><D102/><U120/><E120/><V16/><F3/><W87/><G122/><T103/><D103/><U8/><E33/><V48/><F7/><W69/><G69/><T25/><D25/><U83/><E10/><V111/><F111/><W90/><G116/><T37/><D63/><U49/><E83/><AGARI ba="0,0" hai="79,83,84,87,88,90,91,93,98,100,105" m="51787" machi="83" ten="30,7700,0" yaku="20,1,34,2,54,1" doraHai="46" who="3" fromWho="1" sc="286,0,258,-77,270,0,186,77" /><INIT seed="5,0,0,4,1,109" ten="286,181,270,263" oya="1" hai0="113,114,102,118,107,96,35,63,131,105,11,51,119" hai1="120,132,129,73,7,89,49,1,15,130,42,134,69" hai2="68,4,58,34,19,108,67,125,106,123,39,78,128" hai3="117,12,0,59,93,10,13,88,33,99,53,66,87"/><U91/><E120/><V45/><F108/><W75/><G75/><T44/><D35/><U57/><E73/><V50/><F123/><W26/><G117/><T37/><D37/><U70/><E1/><V97/><F34/><W28/><G66/><T56/><D105/><U24/><E24/><V62/><F4/><W2/><G99/><T27/><D131/><N who="1" m="50187" /><E15/><V103/><F128/><W80/><G93/><T83/><D83/><U79/><E7/><V101/><F101/><W20/><G33/><T32/><D11/><U115/><E79/><V48/><F78/><W25/><G25/><T31/><D119/><U76/><E76/><V21/><F125/><W90/><G90/><N who="1" m="34314" /><E57/><V81/><F81/><W121/><G121/><T122/><D122/><U6/><E6/><V5/><F5/><W111/><G111/><T14/><D14/><U22/><E22/><V135/><F58/><W47/><G13/><T127/><D127/><U126/><E126/><V85/><F85/><W46/><G0/><T9/><D9/><U16/><E16/><V116/><F116/><W29/><G29/><T55/><REACH who="0" step="1"/><D118/><REACH who="0" ten="276,181,270,263" step="2"/><U84/><E84/><V52/><F39/><W23/><G2/><T64/><AGARI ba="0,1" hai="27,31,32,44,51,55,56,63,64,96,102,107,113,114" machi="64" ten="30,12000,2" yaku="1,1,2,1,0,1,52,2,53,1" doraHai="109" doraHaiUra="54" who="0" fromWho="0" sc="276,130,181,-60,270,-30,263,-30" owari="406,50.6,121,-37.9,240,4.0,233,-16.7" /></mjloggm>