<mjloggm ver="2.3"><GO type="225" lobby="0"/><UN n0="%E3%83%96%E3%83%83%E3%83%91%E3%82%AA%E3%83%96%E3%83%81%E3%82%AD%E3%83%B3" n1="%E3%81%BF%E3%81%BF%E3%81%9A" n2="%E7%99%BD%E5%80%89%E5%AF%9B%E4%B9%8B" n3="%E3%81%8B%E3%82%8F%E3%81%A1%E3%82%83%E3%82%93%35%38" dan="16,17,16,16" rate="2133.99,2222.70,2148.84,2186.43" sx="M,M,M,M"/><TAIKYOKU oya="0"/><INIT seed="0,0,0,0,5,98" ten="250,250,250,250" oya="0" hai0="83,54,107,67,38,103,10,77,21,78,15,76,116" hai1="89,88,26,111,28,31,90,17,30,44,57,55,99" hai2="9,49,25,50,7,113,117,56,8,92,91,71,119" hai3="93,58,52,73,72,84,102,22,16,35,43,96,108"/><T114/><D114/><U85/><E111/><V86/><F71/><W80/><G108/><T105/><D116/><N who="2" m="44618" /><F113/><W37/><G35/><T53/><D38/><U36/><E36/><V79/><F79/><W66/><G37/><T0/><D83/><U29/><E44/><V24/><F9/><W65/><G43/><T6/><D67/><U120/><E120/><V122/><F122/><W123/><G73/><T11/><D21/><N who="1" m="13615" /><E99/><V2/><F50/><N who="3" m="30999" /><G72/><T69/><D69/><U82/><N who="1" m="7168" /><DORA hai="42" /><U106/><E106/><V130/><F130/><W118/><G123/><T40/><D40/><U61/><AGARI ba="0,0" hai="55,57,61,82,85,88,89,90" m="7168,13615" machi="61" ten="40,2700,0" yaku="8,1,54,1" doraHai="98,42" who="1" fromWho="1" sc="250,-13,250,27,250,-7,250,-7" /><INIT seed="1,0,0,2,3,79" ten="237,277,243,243" oya="1" hai0="17,67,6,91,113,59,27,53,123,68,75,51,89" hai1="12,39,114,34,105,82,58,97,18,120,80,65,50" hai2="84,72,48,2,121,133,127,106,73,20,124,129,69" hai3="86,29,70,35,11,28,66,36,44,92,74,135,94"/><U102/><E114/><V110/><RYUUKYOKU type="yao9" ba="0,0" sc="237,0,277,0,243,0,243,0" hai2="2,20,48,69,72,73,84,106,110,121,124,127,129,133" /><INIT seed="1,1,0,5,2,106" ten="237,277,243,243" oya="1" hai0="2,101,34,41,27,108,5,29,111,130,60,64,105" hai1="133,115,53,8,113,100,25,92,110,71,72,20,65" hai2="89,47,38,61,128,9,4,17,96,75,26,23,0" hai3="42,94,84,68,126,80,125,14,30,36,88,104,90"/><U43/><E72/><V132/><F132/><W59/><G68/><N who="0" m="41991" /><D130/><U49/><E49/><V70/><F128/><W28/><G104/><T58/><D58/><U79/><E79/><V107/><F75/><W22/><G59/><T39/><D5/><U57/><E43/><V124/><F124/><N who="3" m="47723" /><G42/><T103/><D2/><U87/><E133/><V69/><F38/><W52/><G36/><T15/><D15/><U24/><E110/><N who="0" m="42025" /><D105/><U95/><E71/><V10/><F47/><AGARI ba="1,0" hai="27,29,34,39,41,47,101,103" m="42025,41991" machi="47" ten="30,1000,0" yaku="14,1" doraHai="106" who="0" fromWho="2" sc="237,13,277,0,243,-13,243,0" /><INIT seed="2,0,0,4,0,4" ten="250,277,230,243" oya="2" hai0="59,100,22,91,23,123,101,89,57,25,46,37,64" hai1="45,12,56,76,5,133,16,42,17,24,119,70,73" hai2="66,108,116,128,26,27,124,131,49,77,34,15,125" hai3="32,54,38,40,87,58,69,63,96,93,105,47,113"/><V112/><F77/><W118/><G118/><T114/><D123/><U103/><E70/><V31/><F66/><W18/><G113/><T19/><D114/><U39/><E103/><N who="0" m="39497" /><D37/><U95/><E119/><V71/><F71/><W9/><G32/><T90/><D64/><U102/><E133/><V106/><F106/><W92/><G105/><T88/><D46/><U52/><E73/><V82/><F82/><W62/><G96/><T33/><D33/><U10/><E76/><V98/><F98/><W86/><G69/><T8/><D8/><U35/><E95/><V0/><F112/><W41/><G41/><T51/><D51/><U28/><REACH who="1" step="1"/><E102/><REACH who="1" ten="250,267,230,243" step="2"/><V127/><F116/><W99/><G93/><T6/><D6/><U117/><E117/><V74/><F74/><W134/><G92/><T14/><N who="0" m="22528" /><DORA hai="78" /><T79/><D79/><U11/><E11/><V1/><F125/><W43/><G9/><T29/><AGARI ba="0,1" hai="14,19,22,23,25,29,57,59" m="22528,39497" machi="29" ten="40,2700,0" yaku="8,1,54,1" doraHai="4,78" who="0" fromWho="0" sc="250,37,267,-7,230,-13,243,-7" /><INIT seed="3,0,0,0,0,0" ten="287,260,217,236" oya="3" hai0="82,62,65,113,83,104,59,18,100,91,30,72,17" hai1="74,39,126,111,119,112,130,69,2,102,24,15,75" hai2="27,23,73,70,14,32,10,81,3,115,128,28,7" hai3="86,13,87,106,88,57,58,1,110,131,107,96,25"/><W8/><G1/><T55/><D113/><U49/><RYUUKYOKU type="yao9" ba="0,0" sc="287,0,260,0,217,0,236,0" hai1="2,15,24,39,49,69,74,75,102,111,112,119,126,130" /><INIT seed="3,1,0,2,3,123" ten="287,260,217,236" oya="3" hai0="51,42,129,0,133,48,110,58,72,14,62,94,84" hai1="131,57,105,101,70,2,112,109,61,79,76,49,119" hai2="20,124,10,92,40,97,71,9,21,54,65,29,106" hai3="60,108,63,111,107,95,32,3,104,39,81,68,7"/><W113/><G32/><T75/><D0/><U31/><E112/><V90/><F124/><W13/><G113/><T67/><D129/><U87/><E2/><V118/><F118/><W117/><G117/><T1/><D1/><U89/><E131/><V23/><F29/><W50/><G39/><T26/><D133/><U8/><E119/><V66/><F106/><N who="3" m="40491" /><G3/><T78/><D110/><N who="3" m="42025" /><G68/><T77/><D26/><U34/><E109/><V47/><F54/><W4/><G95/><T12/><D72/><U114/><E70/><V88/><F90/><W74/><G50/><N who="0" m="18987" /><D75/><U36/><E114/><V6/><F71/><W116/><G116/><T96/><D42/><U15/><E36/><V46/><F40/><W115/><G115/><T43/><D43/><U55/><E34/><V98/><F98/><W22/><G63/><T64/><D64/><N who="2" m="24682" /><F6/><N who="3" m="2091" /><G60/><T59/><D67/><U102/><E61/><V120/><F120/><W91/><G74/><T130/><D62/><U37/><E37/><V52/><F52/><W25/><G25/><T103/><D130/><U53/><E53/><V24/><F24/><W19/><G19/><T132/><D94/><N who="1" m="54591" /><E105/><V69/><F69/><W126/><G126/><T99/><D99/><U17/><E31/><V82/><F82/><W80/><G80/><BYE who="3" /><T38/><D96/><U134/><E134/><V127/><F127/><W44/><G44/><AGARI ba="1,0" hai="9,10,20,21,23,44,46,47,88,92,97" m="24682" machi="44" ten="30,2000,0" yaku="8,1,54,1" doraHai="123" who="2" fromWho="3" sc="287,0,260,0,217,23,236,-23" /><INIT seed="4,0,0,1,5,44" ten="287,260,240,213" oya="0" hai0="90,13,75,84,130,132,123,80,61,39,112,76,69" hai1="15,70,55,89,30,25,27,47,106,8,66,101,120" hai2="62,97,83,111,54,33,98,113,17,20,91,73,37" hai3="51,3,64,87,12,68,49,115,93,109,67,34,50"/><T95/><D112/><U127/><E120/><V1/><F37/><W82/><G82/><T28/><D123/><U129/><E127/><V88/><F33/><UN n3="%E3%81%8B%E3%82%8F%E3%81%A1%E3%82%83%E3%82%93%35%38" /><W119/><G109/><T99/><D39/><U16/><E129/><V6/><F111/><W85/><G119/><T74/><D130/><U45/><E25/><N who="2" m="14479" /><F1/><W59/><G3/><T124/><D124/><U24/><E24/><V32/><F73/><W22/><G68/><T46/><D132/><U128/><E128/><V72/><F32/><W118/><G34/><T79/><D46/><U63/><E89/><N who="2" m="34379" /><F72/><W121/><G121/><T31/><D75/><U35/><E55/><V38/><F38/><W26/><G118/><T19/><D74/><U133/><E133/><V48/><F83/><W135/><G135/><T5/><D5/><U4/><E4/><V57/><F6/><W11/><G93/><T14/><D14/><U94/><E94/><V108/><F113/><W53/><G115/><T100/><D61/><U58/><E58/><N who="2" m="33095" /><F108/><W110/><G110/><T42/><D69/><U114/><E114/><V92/><F92/><W18/><G87/><T122/><D122/><U104/><E104/><V131/><F131/><W40/><G85/><T7/><D7/><U43/><E43/><V60/><F60/><W71/><G71/><T86/><D42/><U52/><E52/><AGARI ba="0,0" hai="52,57,62,97,98" m="33095,34379,14479" machi="52" ten="30,7700,0" yaku="8,1,52,1,54,2" doraHai="44" who="2" fromWho="1" sc="287,0,260,-77,240,77,213,0" owari="287,8.7,183,-31.7,317,41.7,213,-18.7" /></mjloggm>