<mjloggm ver="2.3"><GO type="225" lobby="0"/><UN n0="%73%74%61%72%E6%98%9F%E8%BE%B0" n1="%E3%83%96%E3%83%83%E3%83%91%E3%82%AA%E3%83%96%E3%83%81%E3%82%AD%E3%83%B3" n2="%E7%9A%AE%E3%80%85" n3="%E5%91%A8%E6%9D%B1" dan="16,16,16,17" rate="2106.03,2241.05,2124.83,2177.34" sx="M,M,F,M"/><TAIKYOKU oya="0"/><INIT seed="0,0,0,5,4,116" ten="250,250,250,250" oya="0" hai0="50,7,64,126,94,29,26,30,33,43,129,6,21" hai1="55,16,103,56,10,66,27,42,118,91,105,37,74" hai2="0,127,111,80,86,23,20,95,58,88,125,131,41" hai3="28,119,46,134,130,97,3,12,128,85,9,92,49"/><T106/><D106/><U14/><E118/><V96/><F111/><W93/><G119/><T102/><D129/><N who="3" m="49769" /><G3/><T135/><D135/><U83/><E66/><V61/><F0/><W117/><G134/><T60/><D126/><N who="2" m="48138" /><F41/><W67/><G67/><T69/><D30/><U100/><E105/><V5/><F5/><W121/><G28/><T84/><D33/><U122/><E122/><V108/><F108/><W45/><G117/><T87/><D87/><N who="1" m="50687" /><E37/><V2/><F2/><W22/><G22/><T36/><D36/><U13/><E42/><V65/><F131/><W115/><G115/><T57/><D69/><U104/><E104/><V53/><F65/><W79/><G121/><T68/><D68/><U47/><E47/><V34/><F34/><W24/><G24/><T113/><D113/><U73/><E27/><V39/><F39/><W71/><G71/><T133/><D133/><U70/><E70/><V51/><F61/><W35/><G35/><T90/><REACH who="0" step="1"/><D102/><AGARI ba="0,0" hai="20,23,51,53,58,80,86,88,95,96,102" m="48138" machi="102" ten="30,2000,0" yaku="18,1,54,1" doraHai="116" who="2" fromWho="0" sc="250,-20,250,0,250,20,250,0" /><INIT seed="1,0,0,3,4,48" ten="230,250,270,250" oya="1" hai0="92,109,88,77,39,114,87,134,61,46,113,1,63" hai1="43,42,79,34,108,66,23,97,103,115,117,132,90" hai2="21,47,118,112,30,20,5,13,10,37,36,59,31" hai3="94,101,33,126,52,107,11,25,19,119,44,99,95"/><U135/><E115/><V105/><F105/><W74/><G74/><T51/><D39/><U89/><E117/><V98/><F118/><W41/><G119/><T83/><D1/><U78/><E34/><V27/><F112/><W68/><G126/><T58/><D113/><U93/><E66/><V64/><F98/><W75/><G75/><T121/><D114/><U60/><E60/><V12/><F47/><W14/><G68/><T122/><D109/><U57/><E57/><V85/><F85/><W86/><G86/><T22/><D134/><N who="1" m="51243" /><E23/><V72/><F72/><W15/><G15/><T110/><D110/><U69/><E69/><V40/><F40/><N who="1" m="15401" /><E108/><V127/><F127/><W76/><G76/><AGARI ba="0,0" hai="76,78,79,89,90,93,97,103" m="15401,51243" machi="76" ten="30,1500,0" yaku="20,1" doraHai="48" who="1" fromWho="3" sc="230,0,250,15,270,0,250,-15" /><INIT seed="1,1,0,3,5,85" ten="230,265,270,235" oya="1" hai0="96,55,99,64,127,130,25,132,109,120,113,65,91" hai1="24,129,92,75,126,125,94,104,44,123,95,133,29" hai2="115,47,59,56,72,87,57,4,23,67,41,52,61" hai3="118,10,62,18,17,105,128,69,70,35,7,88,27"/><U60/><E123/><V121/><F121/><W36/><G105/><T49/><D113/><U98/><E75/><V119/><F119/><W3/><G36/><T32/><D120/><U54/><E129/><V33/><F33/><W31/><G128/><T9/><D130/><U34/><E133/><V102/><F72/><W63/><G118/><T66/><D132/><U40/><E54/><V43/><F115/><W42/><G42/><N who="2" m="15881" /><F4/><W81/><G63/><T110/><D127/><U90/><E60/><V106/><F106/><W39/><G39/><T117/><D117/><U15/><E15/><V2/><F2/><W82/><G82/><T5/><D25/><U53/><E53/><V30/><F102/><W45/><G45/><T68/><D32/><U114/><E114/><V124/><F124/><N who="1" m="47721" /><E104/><V58/><F87/><W101/><G101/><T73/><D68/><U107/><E107/><V11/><F11/><W6/><G6/><T112/><D112/><U22/><E34/><V38/><F38/><AGARI ba="1,0" hai="22,24,29,38,40,44,90,92,94,95,98" m="47721" machi="38" ten="30,2900,0" yaku="18,1,52,1" doraHai="85" who="1" fromWho="2" sc="230,0,265,32,270,-32,235,0" /><INIT seed="1,2,0,5,5,41" ten="230,297,238,235" oya="1" hai0="12,64,77,19,47,5,16,39,38,61,37,76,74" hai1="118,66,53,101,134,34,128,27,91,97,68,126,7" hai2="43,109,59,114,98,54,6,32,14,22,28,73,40" hai3="52,65,133,120,0,115,57,55,4,72,82,46,26"/><U75/><E118/><V85/><F73/><W67/><G115/><T49/><D5/><U56/><E75/><V90/><F114/><W94/><G120/><T87/><D74/><U79/><E79/><V20/><F32/><W117/><G117/><T71/><D87/><U127/><E91/><V31/><F109/><W51/><G133/><T96/><D96/><U125/><E7/><V110/><F110/><W62/><G94/><T2/><D2/><U112/><E112/><V81/><F98/><W106/><G106/><T48/><D48/><U99/><E134/><V92/><F81/><W63/><G26/><T8/><REACH who="0" step="1"/><D19/><REACH who="0" ten="220,297,238,235" step="2"/><U23/><E99/><V21/><F6/><W103/><G103/><T80/><D80/><U132/><E97/><V129/><F129/><W15/><G0/><T93/><D93/><U44/><E101/><V18/><F31/><W100/><G100/><T35/><D35/><U116/><E128/><V58/><F28/><W104/><G104/><T119/><D119/><U78/><E116/><V89/><F89/><W9/><REACH who="3" step="1"/><G63/><REACH who="3" ten="220,297,238,225" step="2"/><T130/><D130/><U29/><E126/><V13/><F92/><W50/><G50/><T11/><D11/><U95/><E127/><V135/><F135/><W88/><G88/><T107/><D107/><U10/><E125/><V1/><F90/><W17/><G17/><T30/><D30/><U124/><E124/><V105/><F1/><W131/><G131/><T113/><D113/><U25/><E29/><V123/><F105/><W102/><G102/><T3/><D3/><U108/><E132/><V83/><F18/><RYUUKYOKU ba="2,2" sc="220,15,297,-15,238,-15,225,15" hai0="8,12,16,37,38,39,47,49,61,64,71,76,77" hai3="4,9,15,46,51,52,55,57,62,65,67,72,82" /><INIT seed="2,3,2,1,4,132" ten="235,282,223,240" oya="2" hai0="30,44,130,47,98,34,21,96,10,101,36,6,15" hai1="106,121,62,107,116,80,85,32,23,94,35,3,27" hai2="4,40,29,33,105,93,133,115,46,79,117,76,1" hai3="56,2,9,70,104,77,64,0,28,135,63,55,131"/><V69/><F69/><W129/><G135/><T19/><D130/><N who="3" m="49673" /><G104/><T59/><D36/><U45/><E116/><V102/><F115/><W124/><G77/><T71/><D71/><U119/><E3/><N who="3" m="1066" /><G9/><T103/><D34/><U48/><E107/><V82/><F133/><W38/><G28/><T24/><D6/><U114/><E106/><V75/><F117/><W100/><G100/><N who="0" m="38475" /><D59/><U54/><E119/><V17/><F17/><W67/><G38/><T37/><D37/><U118/><E118/><V125/><F79/><W112/><G112/><T11/><D10/><U123/><E123/><V8/><F93/><W90/><G90/><T91/><D91/><U66/><E94/><V65/><F65/><N who="3" m="25163" /><G70/><T12/><D12/><U5/><E121/><V18/><F18/><W26/><G26/><T16/><D30/><U134/><E114/><V42/><F102/><W113/><G113/><T51/><D47/><U61/><E45/><V60/><F105/><W95/><G95/><T58/><D58/><U7/><E66/><V110/><F46/><W92/><G92/><T99/><D99/><U126/><E134/><V127/><F60/><W73/><G73/><T78/><D78/><U72/><E62/><V25/><F110/><W39/><G39/><T53/><AGARI ba="3,2" hai="11,15,16,19,21,24,44,51,53,96,98" m="38475" machi="53" ten="30,2000,0" yaku="8,1,54,1" doraHai="132" who="0" fromWho="0" sc="235,49,282,-8,223,-13,240,-8" /><INIT seed="3,0,0,3,4,33" ten="284,274,210,232" oya="3" hai0="53,100,61,10,98,78,64,125,42,4,135,58,84" hai1="134,92,20,12,93,8,121,45,76,51,15,5,16" hai2="28,107,14,66,70,26,112,101,11,119,120,32,111" hai3="115,46,3,103,17,131,117,57,75,110,133,99,82"/><W13/><G117/><T74/><D125/><U71/><E121/><V50/><F112/><W81/><G115/><T124/><D124/><U94/><E71/><V30/><F119/><W102/><G3/><T6/><D74/><U0/><E134/><V73/><F73/><W48/><G133/><T55/><D42/><U122/><E122/><V18/><F120/><W24/><G131/><T34/><D34/><U29/><E76/><V113/><F113/><W43/><G110/><T19/><D135/><U97/><E29/><V88/><F111/><W36/><G24/><T109/><D109/><U63/><E63/><N who="2" m="40287" /><F30/><W87/><G75/><T54/><D19/><U123/><E123/><V130/><F50/><W47/><G57/><T41/><D41/><U126/><E126/><V80/><F80/><W79/><G81/><N who="0" m="47159" /><D10/><U25/><REACH who="1" step="1"/><E97/><REACH who="1" ten="284,264,210,232" step="2"/><N who="2" m="61871" /><F130/><W23/><G99/><T95/><AGARI ba="0,1" hai="4,6,53,54,55,58,61,64,95,98,100" m="47159" machi="95" ten="30,1100,0" yaku="8,1" doraHai="33" who="0" fromWho="0" sc="284,21,264,-3,210,-3,232,-5" owari="305,40.5,261,6.1,207,-29.3,227,-17.3" /></mjloggm>