<mjloggm ver="2.3"><GO type="225" lobby="0"/><UN n0="%E3%81%A4%E3%81%A3%E3%81%B1%E3%82%8A%E3%83%9D%E3%83%BC%E3%83%AB" n1="%E3%82%A2%E3%82%B8%E3%83%BC%E3%83%B3" n2="%E3%81%8B%E3%82%8F%E3%81%A1%E3%82%83%E3%82%93%35%38" n3="%E7%99%BD%E5%80%89%E5%AF%9B%E4%B9%8B" dan="17,16,16,16" rate="2240.53,2126.52,2150.89,2137.78" sx="M,M,M,M"/><TAIKYOKU oya="0"/><INIT seed="0,0,0,0,1,9" ten="250,250,250,250" oya="0" hai0="34,103,50,70,124,5,66,122,67,91,71,16,1" hai1="56,19,10,55,29,114,53,38,51,41,110,104,85" hai2="118,37,26,133,33,75,88,0,6,31,131,87,20" hai3="77,18,25,113,120,96,40,94,13,102,61,111,44"/><T93/><D122/><U127/><E104/><V47/><F75/><W35/><G120/><T22/><D34/><U92/><E110/><V95/><F131/><W11/><G111/><T73/><D73/><U62/><E38/><V12/><F133/><W76/><G113/><T84/><D124/><U115/><E41/><V64/><F118/><W58/><G35/><T65/><D103/><U132/><E29/><V32/><F64/><W14/><G25/><T112/><D112/><N who="1" m="43051" /><E10/><V81/><F0/><W43/><G14/><T23/><D23/><U17/><E132/><V130/><F130/><W69/><G69/><T107/><D107/><U54/><E127/><V59/><F59/><W119/><G119/><T101/><D101/><U109/><E109/><V98/><F37/><W4/><G4/><T63/><D71/><U46/><E55/><V86/><F47/><W52/><REACH who="3" step="1"/><G43/><REACH who="3" ten="250,250,250,240" step="2"/><T126/><D126/><U48/><E17/><V125/><F125/><W28/><G28/><T57/><D5/><U121/><E19/><V74/><F32/><W42/><G42/><T117/><D117/><U100/><E121/><V129/><F129/><W123/><G123/><T3/><D3/><U79/><E51/><AGARI ba="0,1" hai="11,13,18,40,44,51,52,58,61,76,77,94,96,102" machi="51" ten="30,12000,2" yaku="1,1,7,1,8,1,52,1,54,1,53,1" doraHai="9" doraHaiUra="49" who="3" fromWho="1" sc="250,0,250,-120,250,0,240,130" /><INIT seed="1,0,0,2,3,125" ten="250,130,250,370" oya="1" hai0="95,93,24,2,27,25,86,57,56,84,99,94,116" hai1="121,26,52,45,22,64,3,105,70,76,109,131,5" hai2="8,12,123,102,34,58,117,38,61,53,82,47,43" hai3="18,9,6,46,73,107,106,28,13,32,128,83,63"/><U126/><E105/><V29/><F123/><W135/><G135/><T100/><D2/><U110/><E121/><V113/><F117/><W79/><G32/><T124/><D116/><U17/><E126/><V42/><F113/><W115/><G28/><T4/><D124/><U33/><E33/><V40/><F102/><W91/><G115/><T14/><D14/><U108/><E76/><V75/><F75/><W21/><G91/><T118/><D4/><U130/><E64/><V112/><F112/><W31/><G31/><T15/><D15/><U74/><E70/><V92/><F92/><N who="0" m="35434" /><D118/><U54/><E74/><V48/><F82/><W111/><G111/><T62/><D57/><U66/><E66/><AGARI ba="0,0" hai="24,25,27,56,62,66,84,86,95,99,100" m="35434" machi="66" ten="30,1000,0" yaku="8,1" doraHai="125" who="0" fromWho="1" sc="250,10,130,-10,250,0,370,0" /><INIT seed="2,0,0,5,3,20" ten="260,120,250,370" oya="2" hai0="29,44,32,14,95,63,86,135,31,117,109,70,47" hai1="124,65,36,64,4,58,68,108,57,5,54,42,66" hai2="77,48,133,52,53,90,62,30,103,69,50,16,119" hai3="11,9,96,102,128,115,34,105,1,114,59,112,39"/><V2/><F2/><W23/><G34/><T61/><D109/><U125/><E4/><V19/><F119/><W83/><G39/><T88/><D135/><U87/><E87/><V12/><F133/><W41/><G41/><T13/><D117/><U3/><E5/><V46/><F103/><W100/><G128/><T107/><D107/><U84/><E84/><V25/><F77/><W15/><G100/><T101/><D101/><U38/><E3/><V99/><F62/><N who="0" m="23562" /><D32/><U106/><E106/><V51/><F69/><W49/><G1/><T120/><D70/><U67/><E108/><V56/><F50/><W71/><G83/><T113/><D120/><U74/><E74/><V37/><F37/><N who="1" m="14441" /><E42/><V123/><F123/><W118/><G118/><T81/><D113/><U35/><E35/><V33/><REACH who="2" step="1"/><F12/><REACH who="2" ten="260,120,240,370" step="2"/><W10/><G71/><T98/><D14/><U72/><E68/><V129/><F129/><W18/><G49/><T93/><D13/><U26/><E67/><V92/><AGARI ba="0,1" hai="16,19,25,30,33,46,48,51,52,53,56,90,92,99" machi="92" ten="30,12000,1" yaku="1,1,0,1,52,1,54,2,53,0" doraHai="20" doraHaiUra="17" who="2" fromWho="2" sc="260,-40,120,-40,240,130,370,-40" /><INIT seed="2,1,0,1,5,43" ten="220,80,370,330" oya="2" hai0="129,27,8,11,36,121,77,49,60,87,16,115,122" hai1="112,21,23,93,62,34,83,106,105,80,119,58,66" hai2="100,18,97,31,111,116,53,20,86,59,41,33,57" hai3="46,69,108,79,12,78,24,37,9,26,114,102,13"/><V6/><F116/><W73/><G69/><T54/><D36/><U17/><E34/><V29/><F33/><W61/><G108/><T94/><D115/><U133/><E112/><V50/><F111/><W125/><G114/><T103/><D129/><U1/><E1/><V109/><F109/><W76/><G73/><T3/><D3/><U28/><E119/><V55/><F6/><W117/><G117/><T45/><D122/><U134/><E105/><V123/><F41/><W0/><G0/><T84/><D121/><U107/><E106/><V38/><F38/><W4/><G125/><T71/><D71/><U47/><E107/><V15/><F123/><W99/><G61/><T67/><D67/><U63/><E93/><V32/><F32/><W95/><G37/><T10/><D60/><U89/><E89/><V96/><F86/><N who="0" m="32810" /><D77/><U98/><E98/><V72/><F72/><W81/><G81/><T22/><D94/><U30/><E58/><V35/><F35/><W65/><G65/><T90/><D90/><U42/><E42/><V132/><F132/><W74/><G74/><T130/><D130/><U85/><E66/><V110/><F110/><W2/><G2/><T70/><D70/><U56/><E56/><V68/><F68/><W128/><G128/><T64/><D64/><U101/><E101/><AGARI ba="1,0" hai="8,10,11,16,22,27,45,49,54,101,103" m="32810" machi="101" ten="30,3900,0" yaku="8,1,52,1,54,1" doraHai="43" who="0" fromWho="1" sc="220,42,80,-42,370,0,330,0" /><INIT seed="3,0,0,1,2,17" ten="262,38,370,330" oya="3" hai0="82,15,114,123,94,115,87,2,4,64,106,33,109" hai1="120,29,22,61,78,127,93,62,51,43,56,131,44" hai2="58,74,19,70,100,36,14,28,37,59,111,46,104" hai3="105,118,3,89,53,26,55,5,107,25,90,134,116"/><W12/><G12/><T76/><D64/><U108/><E120/><V91/><F74/><W124/><G5/><T10/><D123/><U50/><E127/><V68/><F28/><W47/><G47/><T132/><D94/><U126/><E78/><V133/><F91/><N who="3" m="34827" /><G3/><T110/><D87/><U38/><E93/><V49/><F46/><W16/><G16/><N who="0" m="8311" /><D82/><U129/><E29/><V31/><F19/><W119/><G124/><T11/><D106/><N who="3" m="40457" /><G134/><T42/><D76/><U27/><E126/><V83/><F14/><W52/><AGARI ba="0,0" hai="25,26,52,53,55,116,118,119" m="40457,34827" machi="52" ten="40,7800,0" yaku="28,2,54,1" doraHai="17" who="3" fromWho="3" sc="262,-26,38,-26,370,-26,330,78" owari="236,-16.4,12,-48.8,344,14.4,408,50.8" /></mjloggm>