<mjloggm ver="2.3"><GO type="225" lobby="0"/><UN n0="%E3%81%AF%E3%81%BE%E3%81%A1%E3%83%AA%E3%83%BC%E3%82%B0" n1="%E8%A8%88%E7%AE%97%E6%A9%9F%E8%87%AA%E7%84%B6" n2="%E6%97%A5%E6%9B%9C%E6%97%A5%E3%82%88%E3%82%8A%E3%81%AE%E4%BD%BF%E8%80%85" n3="%E3%81%AF%E3%82%88%E3%81%8A%E3%81%98%E3%81%95%E3%82%93" dan="16,17,17,17" rate="2080.65,2148.42,2232.31,2184.93" sx="M,M,M,M"/><TAIKYOKU oya="0"/><INIT seed="0,0,0,5,2,98" ten="250,250,250,250" oya="0" hai0="29,87,41,124,21,99,74,108,54,68,13,63,119" hai1="100,6,114,58,18,40,78,69,118,75,45,79,96" hai2="104,132,46,105,85,37,116,62,0,126,4,30,135" hai3="60,110,120,10,94,64,33,70,22,92,15,93,35"/><T102/><D119/><U86/><E69/><V12/><F12/><W91/><G110/><T39/><D74/><U11/><E75/><V34/><F85/><W36/><G36/><T8/><D124/><U38/><E118/><V95/><F95/><W123/><G22/><T49/><D108/><U20/><E58/><V52/><F116/><W84/><G35/><T55/><D87/><U24/><E114/><V107/><F126/><W56/><G33/><T51/><D39/><U82/><E78/><V89/><F89/><W97/><G70/><T1/><D1/><U67/><E67/><V26/><F62/><W28/><G28/><T130/><D130/><U23/><E23/><V122/><F122/><N who="3" m="46635" /><G84/><T109/><D109/><U57/><E57/><V16/><F16/><AGARI ba="0,0" hai="10,15,16,56,60,64,91,92,93,94,97" m="46635" machi="16" ten="30,2000,0" yaku="13,1,54,1" doraHai="98" who="3" fromWho="2" sc="250,0,250,0,250,-20,250,20" /><INIT seed="1,0,0,5,5,44" ten="250,250,230,270" oya="1" hai0="91,13,113,51,106,5,132,111,118,63,67,134,79" hai1="114,77,46,36,92,37,96,82,90,38,129,31,105" hai2="8,45,23,21,60,59,133,61,16,22,65,71,108" hai3="11,19,85,49,55,107,74,0,35,3,115,27,86"/><U33/><E114/><V12/><F108/><W120/><G74/><T26/><D106/><U95/><E129/><V89/><F133/><N who="0" m="51306" /><D118/><U122/><E122/><V73/><F73/><W7/><G107/><T53/><D113/><U88/><E105/><V25/><F89/><W128/><G115/><T126/><D111/><U50/><E31/><V83/><F83/><W41/><G120/><T123/><D123/><U93/><E33/><V15/><F15/><W131/><G41/><T109/><D109/><U81/><E77/><V62/><F45/><W68/><G68/><N who="0" m="42111" /><D79/><U20/><E20/><V54/><REACH who="2" step="1"/><F62/><REACH who="2" ten="250,250,220,270" step="2"/><W10/><G128/><T99/><D91/><U32/><E32/><V48/><F48/><W4/><G131/><T66/><D51/><U1/><E1/><V125/><F125/><W116/><G116/><T40/><D13/><U121/><E121/><V28/><AGARI ba="0,1" hai="8,12,16,21,22,23,25,28,54,59,60,61,65,71" machi="28" ten="20,5200,0" yaku="1,1,0,1,7,1,54,1,53,0" doraHai="44" doraHaiUra="110" who="2" fromWho="2" sc="250,-13,250,-26,220,62,270,-13" /><INIT seed="2,0,0,1,4,84" ten="237,224,282,257" oya="2" hai0="2,56,77,0,103,36,122,130,131,60,4,55,110" hai1="12,71,69,3,47,49,22,92,20,16,98,133,75" hai2="118,79,51,93,121,11,105,99,67,31,83,62,76" hai3="25,111,5,1,54,30,66,126,78,88,23,19,35"/><V24/><F118/><W63/><G111/><T128/><D122/><U34/><E34/><V58/><F121/><W21/><G126/><T46/><D110/><U53/><E75/><V7/><F105/><W113/><G113/><T44/><D103/><U6/><E133/><V61/><F51/><W117/><G117/><T129/><N who="0" m="32768" /><DORA hai="48" /><T80/><D4/><U95/><E20/><N who="2" m="15751" /><F83/><W72/><G78/><T14/><D14/><U124/><E124/><V43/><F43/><W104/><G104/><T17/><D17/><U37/><E37/><V18/><F18/><W9/><G72/><T109/><D109/><U125/><E125/><V116/><F116/><W123/><G123/><T73/><REACH who="0" step="1"/><D36/><REACH who="0" ten="227,224,282,257" step="2"/><U102/><REACH who="1" step="1"/><E95/><REACH who="1" ten="227,214,282,257" step="2"/><V27/><F93/><W101/><G30/><T87/><D87/><U112/><E112/><V114/><F114/><W127/><G127/><T120/><D120/><U45/><E45/><AGARI ba="0,2" hai="0,2,44,45,46,55,56,60,73,77,80" m="32768" machi="45" ten="70,8000,1" yaku="1,1,19,1,52,1,53,0" doraHai="84,48" doraHaiUra="10,82" who="0" fromWho="1" sc="227,100,214,-80,282,0,257,0" /><INIT seed="3,0,0,0,3,83" ten="327,134,282,257" oya="3" hai0="105,89,31,73,93,11,0,90,107,114,86,44,47" hai1="67,39,109,54,100,132,71,128,36,22,113,12,50" hai2="46,123,8,32,7,15,17,112,103,65,70,3,34" hai3="62,102,106,19,76,69,33,59,51,111,6,74,101"/><W49/><G33/><N who="2" m="12905" /><F46/><W78/><G69/><T135/><D135/><U91/><E100/><N who="3" m="38506" /><G74/><T125/><D125/><U108/><E113/><V80/><F80/><W13/><G106/><T9/><D73/><U37/><E12/><V16/><F65/><N who="3" m="39135" /><G6/><T124/><D124/><U99/><E22/><N who="2" m="11551" /><F103/><W68/><G68/><T85/><D31/><U118/><E99/><V27/><F70/><W79/><G111/><N who="1" m="42570" /><E91/><V104/><F104/><W10/><AGARI ba="0,0" hai="10,13,19,49,51,76,78,79" m="39135,38506" machi="10" ten="30,1500,0" yaku="8,1" doraHai="83" who="3" fromWho="3" sc="327,-5,134,-5,282,-5,257,15" /><INIT seed="3,1,0,3,0,49" ten="322,129,277,272" oya="3" hai0="115,80,50,102,21,28,100,110,97,114,38,2,35" hai1="9,24,93,17,41,105,124,23,64,83,132,5,70" hai2="46,6,128,75,40,108,42,127,78,3,101,26,44" hai3="91,54,71,129,57,106,95,118,85,47,59,20,48"/><W79/><G118/><T7/><D38/><U116/><E105/><V89/><F101/><W11/><G129/><T43/><D110/><U90/><E124/><V56/><F3/><W0/><G71/><T53/><D43/><U51/><E132/><V22/><F6/><W74/><G106/><T60/><D35/><U36/><E36/><V39/><F75/><W130/><G130/><T19/><D28/><U111/><E111/><V63/><F78/><W55/><G74/><T8/><D60/><U96/><E116/><V82/><F127/><W98/><G0/><T134/><D80/><U72/><E70/><V133/><F133/><W58/><G11/><T25/><D134/><U65/><E72/><V61/><F128/><W77/><G20/><T113/><D97/><U13/><E41/><V81/><F89/><W107/><G107/><T69/><D69/><U62/><E83/><V99/><F99/><W84/><G79/><T16/><D19/><U10/><E10/><V1/><F1/><W112/><G112/><T125/><D125/><U66/><REACH who="1" step="1"/><E51/><REACH who="1" ten="322,119,277,272" step="2"/><V18/><F108/><W104/><G104/><T4/><D8/><U109/><E109/><V121/><F42/><W103/><G77/><T14/><D114/><U68/><AGARI ba="1,1" hai="5,9,13,17,23,24,62,64,65,66,68,90,93,96" machi="68" ten="20,2700,0" yaku="1,1,0,1,7,1,53,0" doraHai="49" doraHaiUra="52" who="1" fromWho="1" sc="322,-8,119,40,277,-8,272,-14" owari="314,41.4,159,-34.1,269,6.9,258,-14.2" /></mjloggm>