<mjloggm ver="2.3"><GO type="225" lobby="0"/><UN n0="%E3%81%A4%E3%81%A3%E3%81%B1%E3%82%8A%E3%83%9D%E3%83%BC%E3%83%AB" n1="%73%68%75%6D%70" n2="%E3%83%96%E3%83%83%E3%83%91%E3%82%AA%E3%83%96%E3%83%81%E3%82%AD%E3%83%B3" n3="%E3%83%A9%E3%82%B9%E7%8E%87%EF%BC%93%E5%89%B2" dan="17,16,16,17" rate="2104.75,2125.59,2236.23,2218.80" sx="M,M,M,F"/><TAIKYOKU oya="0"/><INIT seed="0,0,0,4,4,87" ten="250,250,250,250" oya="0" hai0="83,91,118,73,114,113,22,4,132,5,90,129,79" hai1="21,40,110,8,88,43,71,16,36,46,98,69,119" hai2="39,120,63,12,111,77,70,49,2,37,53,52,125" hai3="100,3,97,78,116,11,13,50,126,130,48,133,27"/><T59/><D118/><U103/><E119/><V112/><F2/><W64/><G116/><T123/><D123/><U61/><E110/><V102/><F120/><W99/><G130/><T41/><D129/><U76/><E76/><V107/><F112/><W62/><G133/><T85/><D132/><U65/><E40/><V121/><F121/><W67/><G126/><T10/><D41/><U47/><E47/><V134/><F134/><W86/><G3/><T23/><D114/><U122/><E122/><V101/><F111/><W82/><G27/><T7/><D113/><U95/><E8/><V30/><F125/><W15/><G15/><T6/><D59/><U58/><E103/><V115/><F115/><W54/><G50/><T131/><D131/><U92/><E92/><V74/><F107/><W96/><G62/><T19/><D19/><U106/><E106/><V66/><F39/><W28/><G28/><T51/><D51/><U9/><E9/><V109/><F74/><W31/><G31/><T117/><D117/><U108/><E108/><V38/><F70/><W1/><G1/><T72/><D72/><U0/><E0/><V45/><F38/><W84/><G84/><T60/><D60/><U33/><E33/><V75/><F75/><W127/><G100/><T135/><D135/><U35/><E35/><V81/><F37/><W55/><G55/><T42/><D42/><U44/><E44/><V104/><F109/><W56/><REACH who="3" step="1"/><G127/><REACH who="3" ten="250,250,250,240" step="2"/><T26/><D73/><U20/><E20/><N who="0" m="7721" /><D26/><AGARI ba="0,1" hai="16,21,26,36,43,46,58,61,65,69,71,88,95,98" machi="26" ten="30,7700,0" yaku="7,1,52,1,54,2" doraHai="87" who="1" fromWho="0" sc="250,-77,250,87,250,0,240,0" /><INIT seed="1,0,0,3,3,102" ten="173,337,250,240" oya="1" hai0="81,27,22,85,57,71,118,117,88,18,63,110,50" hai1="19,104,83,20,61,127,66,106,52,16,30,44,28" hai2="33,39,24,40,98,62,2,119,70,54,46,93,59" hai3="4,115,94,123,133,8,43,80,131,109,79,86,25"/><U78/><E127/><V125/><F125/><W23/><G123/><T134/><D110/><U97/><E30/><V130/><F130/><W74/><G133/><T12/><D134/><U107/><E97/><V17/><F119/><W129/><G115/><T101/><D101/><U72/><E28/><V32/><F2/><W77/><G109/><T69/><D50/><U51/><REACH who="1" step="1"/><E20/><REACH who="1" ten="173,327,250,240" step="2"/><N who="2" m="13327" /><F70/><AGARI ba="0,1" hai="16,19,44,51,52,61,66,70,72,78,83,104,106,107" machi="70" ten="40,18000,2" yaku="1,1,52,3,54,2,53,0" doraHai="102" doraHaiUra="34" who="1" fromWho="2" sc="173,0,327,190,250,-180,240,0" /><INIT seed="1,1,0,3,4,71" ten="173,517,70,240" oya="1" hai0="121,125,128,13,75,92,89,119,17,116,101,21,132" hai1="88,26,82,114,40,30,37,108,67,130,19,24,70" hai2="135,50,32,31,8,47,105,55,22,56,65,44,46" hai3="79,93,134,87,104,38,45,41,36,27,42,123,43"/><U16/><E114/><V59/><F135/><W64/><G104/><T76/><D101/><U103/><E130/><V14/><F105/><W15/><G123/><T106/><D106/><U107/><E108/><V115/><F115/><W11/><G134/><T124/><D132/><U131/><E131/><V98/><F32/><W117/><G64/><T129/><D121/><U97/><E26/><N who="2" m="16855" /><F98/><W54/><G117/><N who="0" m="45131" /><D76/><U62/><E40/><V12/><F8/><W48/><G27/><T69/><D69/><U23/><E37/><V63/><AGARI ba="1,0" hai="12,14,44,46,47,50,55,56,59,63,65" m="16855" machi="63" ten="30,1100,0" yaku="8,1" doraHai="71" who="2" fromWho="2" sc="173,-4,517,-6,70,14,240,-4" /><INIT seed="2,0,0,1,2,103" ten="169,511,84,236" oya="2" hai0="63,21,122,124,133,100,74,84,33,121,47,18,15" hai1="130,99,90,76,75,102,29,34,60,30,20,4,1" hai2="45,28,53,6,14,92,44,115,11,38,3,70,68" hai3="66,98,131,123,132,7,79,94,117,80,120,17,67"/><V108/><F115/><W51/><G117/><T81/><D33/><U16/><E90/><V31/><F108/><W0/><G131/><T54/><D124/><U36/><E36/><V135/><F135/><W105/><G132/><T19/><D133/><U10/><E130/><V110/><F110/><W88/><G7/><T134/><D134/><U128/><E128/><V129/><F129/><W8/><G105/><T65/><D74/><U78/><E60/><V126/><F126/><W9/><G0/><T58/><D100/><U96/><E96/><V83/><F14/><W71/><G51/><T37/><D19/><U13/><E75/><V114/><F114/><W125/><G125/><T27/><D27/><N who="1" m="18751" /><E30/><V62/><F92/><AGARI ba="0,0" hai="1,4,10,13,16,20,76,78,92,99,102" m="18751" machi="92" ten="30,2000,0" yaku="24,1,54,1" doraHai="103" who="1" fromWho="2" sc="169,0,511,20,84,-20,236,0" /><INIT seed="3,0,0,4,5,40" ten="169,531,64,236" oya="3" hai0="123,7,8,22,121,105,110,56,103,60,10,34,116" hai1="3,62,69,50,37,100,130,124,68,63,106,66,39" hai2="12,91,0,46,44,5,6,47,42,33,108,76,14" hai3="36,135,81,94,86,90,48,52,126,17,89,24,107"/><W125/><G36/><N who="1" m="13898" /><E100/><V88/><F33/><W19/><G135/><T109/><D116/><U97/><E97/><V85/><F108/><N who="0" m="41578" /><D34/><U118/><E106/><V53/><F42/><W43/><G43/><T27/><D103/><U32/><E3/><V21/><F0/><W45/><G107/><T51/><D51/><U120/><E32/><V75/><F75/><W104/><G104/><T82/><D82/><U4/><E4/><N who="2" m="1643" /><F53/><W87/><G24/><T64/><D105/><U18/><E18/><N who="2" m="10439" /><F14/><W35/><G35/><T15/><D10/><U54/><E124/><AGARI ba="0,0" hai="17,19,45,48,52,81,86,87,89,90,94,124,125,126" machi="124" ten="40,7700,0" yaku="18,1,52,1,54,1" doraHai="40" who="3" fromWho="1" sc="169,0,531,-77,64,0,236,77" /><INIT seed="3,1,0,4,0,8" ten="169,454,64,313" oya="3" hai0="6,70,119,14,130,116,0,5,90,30,56,10,98" hai1="118,17,97,83,31,79,54,85,25,71,133,134,16" hai2="51,68,64,23,44,66,62,35,128,99,75,12,105" hai3="106,102,117,107,86,49,21,93,22,92,32,34,124"/><W131/><G117/><T38/><D70/><U15/><E118/><V58/><F75/><W11/><G11/><N who="0" m="2471" /><D56/><U115/><E115/><V36/><F35/><W65/><G131/><T52/><D52/><U74/><E71/><V122/><F105/><W112/><G124/><T81/><D90/><U77/><E97/><V59/><F99/><W7/><G112/><T26/><D81/><N who="1" m="45239" /><E54/><N who="2" m="30055" /><F23/><W39/><G49/><T123/><D98/><U13/><E13/><V114/><F12/><W76/><G65/><N who="2" m="25193" /><F114/><W111/><G86/><T84/><D84/><U88/><E15/><V72/><F72/><W78/><G102/><T126/><D30/><U29/><E29/><V103/><F103/><W120/><G39/><T82/><D38/><U135/><E88/><V121/><F128/><W45/><G45/><T87/><D130/><U28/><E28/><V33/><F33/><AGARI ba="1,0" hai="16,17,25,31,33,79,83,85,133,134,135" m="45239" machi="33" ten="30,2000,0" yaku="20,1,54,1" doraHai="8" who="1" fromWho="2" sc="169,0,454,23,64,-23,313,0" owari="169,-23.1,477,57.7,41,-45.9,313,11.3" /></mjloggm>