<mjloggm ver="2.3"><GO type="225" lobby="0"/><UN n0="%E3%83%B4%E3%83%A0%EF%BC%99%E3%81%A6" n1="%E5%91%A8%E6%9D%B1" n2="%E3%81%A4%E3%81%A3%E3%81%B1%E3%82%8A%E3%83%9D%E3%83%BC%E3%83%AB" n3="%E8%B5%A4%E3%81%84%E8%9B%99%31%31" dan="16,16,17,16" rate="2174.10,2172.37,2177.30,2099.04" sx="M,M,M,M"/><TAIKYOKU oya="0"/><INIT seed="0,0,0,5,3,37" ten="250,250,250,250" oya="0" hai0="45,107,67,5,114,127,100,81,118,29,15,89,97" hai1="58,126,95,19,6,117,49,87,104,93,62,2,99" hai2="101,32,105,134,43,71,96,85,77,66,61,33,36" hai3="31,8,21,75,30,124,70,44,109,20,26,112,17"/><T39/><D114/><U41/><E117/><V120/><F120/><W73/><G112/><T79/><D118/><U115/><E115/><V82/><REACH who="2" step="1"/><F134/><REACH who="2" ten="250,250,240,250" step="2"/><W59/><G124/><T38/><D127/><U50/><E126/><V90/><F90/><W133/><G133/><T34/><D89/><U122/><E122/><V80/><F80/><W125/><G125/><T65/><D81/><U64/><E104/><V42/><F42/><W47/><G75/><T27/><D79/><U72/><E41/><V28/><F28/><W53/><G73/><T116/><D116/><U130/><E72/><V84/><F84/><W113/><G113/><T123/><D123/><U119/><E119/><V40/><F40/><W76/><G76/><T0/><D39/><U132/><E132/><V22/><F22/><W3/><G31/><T88/><D88/><U108/><E87/><V103/><F103/><W94/><G30/><T78/><D78/><U92/><E92/><V23/><F23/><W1/><G21/><T131/><D131/><U54/><E95/><V13/><F13/><W14/><G94/><T18/><D38/><U16/><E130/><V46/><AGARI ba="0,1" hai="32,33,36,43,46,61,66,71,77,82,85,96,101,105" machi="46" ten="30,7900,0" yaku="1,1,0,1,52,1,53,1" doraHai="37" doraHaiUra="69" who="2" fromWho="2" sc="250,-39,250,-20,240,89,250,-20" /><INIT seed="1,0,0,1,5,94" ten="211,230,329,230" oya="1" hai0="19,105,102,112,34,78,59,3,41,126,18,13,81" hai1="10,43,87,77,23,17,5,29,35,40,37,21,119" hai2="113,93,133,123,117,104,110,65,127,132,47,108,131" hai3="72,86,28,33,85,12,60,50,46,130,101,22,56"/><U97/><E119/><V9/><F104/><W26/><G72/><T80/><D3/><U84/><E35/><V124/><F117/><W116/><G130/><T24/><D112/><U109/><E109/><N who="2" m="42091" /><F131/><W57/><G116/><T121/><D121/><U91/><E37/><V49/><F123/><W55/><G101/><T92/><D105/><U51/><E29/><V63/><F93/><W114/><G114/><T69/><D69/><U1/><E23/><V73/><F9/><W100/><G100/><T38/><D38/><U30/><E30/><V68/><F73/><W27/><G12/><T115/><D41/><U106/><E77/><V8/><F8/><W14/><G14/><T88/><D102/><U83/><E84/><V44/><F44/><W4/><G4/><T39/><D126/><N who="2" m="48170" /><F113/><W20/><G33/><T36/><D34/><U82/><E82/><V90/><F90/><W70/><G46/><T99/><D80/><U75/><E75/><V7/><F7/><W31/><REACH who="3" step="1"/><G70/><REACH who="3" ten="211,230,329,220" step="2"/><T66/><D115/><U74/><E74/><V103/><F103/><W118/><G118/><T122/><D122/><U107/><E106/><V15/><F15/><W96/><G96/><T95/><D99/><U32/><E97/><V6/><F6/><W16/><G16/><T53/><D18/><U129/><E107/><V42/><AGARI ba="0,1" hai="42,47,49,63,65,68,132,133" m="48170,42091" machi="42" ten="40,8000,1" yaku="14,1,18,1,34,2" doraHai="94" who="2" fromWho="2" sc="211,-20,230,-40,329,90,220,-20" /><INIT seed="2,0,0,1,4,91" ten="191,190,419,200" oya="2" hai0="51,57,124,21,129,101,87,29,34,100,19,116,86" hai1="20,15,46,108,104,28,60,115,41,74,69,106,134" hai2="3,84,89,93,132,110,59,16,127,135,40,65,96" hai3="30,133,107,119,9,117,37,7,22,54,109,71,53"/><V113/><F3/><W24/><G107/><T85/><D124/><U79/><E115/><V72/><F72/><W126/><G126/><T14/><D129/><U0/><E0/><V121/><F127/><W76/><G133/><N who="2" m="51273" /><F121/><W102/><G71/><T81/><D116/><U25/><E134/><V36/><F113/><W78/><G37/><T98/><D81/><U80/><E108/><V120/><F120/><W95/><G109/><T10/><D34/><U122/><E122/><V5/><F5/><W23/><G23/><T47/><D57/><U97/><E15/><V11/><F40/><W68/><G68/><T88/><D29/><U94/><E69/><V118/><F36/><W8/><G119/><T105/><D21/><U31/><E60/><N who="2" m="38047" /><F110/><W131/><G131/><T58/><D58/><U39/><REACH who="1" step="1"/><E31/><REACH who="1" ten="191,180,419,200" step="2"/><V83/><F118/><W12/><G117/><T130/><D130/><U13/><E13/><N who="2" m="7231" /><F83/><W6/><G6/><T52/><D14/><U99/><E99/><AGARI ba="0,1" hai="84,89,93,96,99" m="7231,38047,51273" machi="99" ten="30,5800,0" yaku="20,1,52,1,54,1" doraHai="91" who="2" fromWho="1" sc="191,0,180,-58,419,68,200,0" /><INIT seed="2,1,0,0,5,16" ten="191,122,487,200" oya="2" hai0="12,49,47,69,50,119,78,53,122,1,64,87,19" hai1="55,72,131,6,54,127,48,32,89,90,70,14,123" hai2="26,125,4,34,52,44,129,57,13,81,135,58,31" hai3="5,35,17,73,97,36,93,75,134,11,60,94,110"/><V120/><F120/><W99/><G35/><T20/><D122/><U71/><E32/><V88/><F135/><W37/><G17/><T103/><D1/><U128/><E123/><V33/><F33/><W104/><G134/><T95/><D119/><U39/><E39/><V85/><F129/><W22/><G104/><T30/><D30/><U46/><E72/><V38/><F125/><W80/><G60/><T23/><D69/><U112/><E112/><V126/><F126/><W25/><G110/><T66/><D23/><U74/><E74/><V83/><F83/><W21/><G25/><T68/><D68/><U121/><E121/><V0/><F0/><W63/><G63/><T24/><D24/><U111/><E127/><V79/><F79/><W118/><G80/><N who="0" m="47511" /><D50/><U45/><E48/><V41/><REACH who="2" step="1"/><F52/><REACH who="2" ten="191,122,477,200" step="2"/><W84/><G75/><T108/><D108/><U96/><E111/><V10/><AGARI ba="1,1" hai="4,10,13,26,31,34,38,41,44,57,58,81,85,88" machi="10" ten="30,11700,0" yaku="1,1,2,1,0,1,54,1,53,0" doraHai="16" doraHaiUra="101" who="2" fromWho="2" sc="191,-40,122,-40,477,130,200,-40" /><INIT seed="2,2,0,2,1,55" ten="151,82,607,160" oya="2" hai0="64,92,73,127,46,108,38,7,100,93,4,53,35" hai1="33,91,82,121,81,52,57,110,72,109,104,134,30" hai2="60,120,6,43,126,26,40,12,61,47,37,68,59" hai3="116,67,66,49,58,99,135,95,118,20,77,9,5"/><V18/><F120/><W39/><G39/><T124/><D35/><U101/><E121/><V84/><F126/><N who="0" m="48170" /><D73/><U62/><E134/><V122/><F122/><W88/><G135/><T51/><D108/><N who="1" m="41579" /><E72/><V24/><F6/><N who="0" m="2090" /><D100/><U70/><E91/><V54/><F43/><W48/><G77/><T32/><D32/><U14/><E14/><V11/><REACH who="2" step="1"/><F84/><REACH who="2" ten="151,82,597,160" step="2"/><W129/><G118/><T112/><D112/><U94/><E104/><V27/><F27/><W25/><G25/><T29/><D29/><U79/><E30/><V89/><F89/><W128/><G88/><T130/><D130/><U117/><E117/><V131/><F131/><W56/><G116/><T15/><D15/><U107/><E107/><V78/><F78/><W45/><G128/><T74/><D74/><U113/><E79/><V97/><F97/><W86/><G99/><T65/><D38/><U111/><E111/><V75/><F75/><W85/><G129/><T76/><D76/><U114/><E113/><V41/><F41/><W87/><G87/><T103/><D103/><U125/><E114/><V36/><F36/><W80/><G86/><T63/><D65/><AGARI ba="2,1" hai="11,12,18,24,26,37,40,47,54,59,60,61,65,68" machi="65" ten="40,3900,0" yaku="1,1,52,1,53,0" doraHai="55" doraHaiUra="34" who="2" fromWho="0" sc="151,-45,82,0,597,55,160,0" /><INIT seed="2,3,0,1,0,80" ten="106,82,652,160" oya="2" hai0="104,41,101,74,21,117,61,49,19,6,13,43,92" hai1="86,54,121,56,36,63,115,37,133,26,78,120,64" hai2="122,84,69,15,93,59,112,85,66,126,48,42,88" hai3="18,60,52,91,10,102,46,72,68,119,131,70,45"/><V27/><F122/><N who="1" m="47209" /><E26/><V107/><F107/><W33/><G72/><T82/><D104/><U12/><E12/><V14/><F112/><W129/><G33/><T103/><D117/><U39/><E115/><V87/><F126/><W127/><G102/><T3/><D3/><U5/><E5/><V62/><F69/><N who="3" m="26731" /><G91/><T23/><D6/><U22/><E22/><V1/><F1/><W111/><G119/><T105/><D105/><U30/><E30/><V134/><F134/><W81/><G127/><T100/><D61/><N who="1" m="35991" /><E133/><V114/><F114/><W94/><G94/><T132/><D132/><U67/><E63/><V53/><F27/><W16/><G10/><T38/><D38/><N who="1" m="9731" /><U73/><DORA hai="130" /><E73/><V17/><F15/><W32/><G32/><T98/><D23/><U124/><E124/><V135/><F135/><W58/><G131/><T83/><D74/><U125/><E125/><V99/><F99/><W28/><G129/><T123/><D123/><U109/><E109/><V20/><F66/><W44/><G111/><T57/><D57/><U95/><E95/><V9/><F9/><W79/><G28/><T116/><D116/><U24/><E24/><V47/><AGARI ba="3,0" hai="14,17,20,42,47,48,53,59,62,84,85,87,88,93" machi="47" ten="30,18000,2" yaku="0,1,8,1,52,3,54,1" doraHai="80,130" who="2" fromWho="2" sc="106,-63,82,-63,652,189,160,-63" /><INIT seed="2,4,0,1,1,56" ten="43,19,841,97" oya="2" hai0="59,71,45,134,76,105,115,107,91,133,95,22,61" hai1="119,20,90,120,78,77,11,48,70,13,9,80,118" hai2="3,67,29,7,99,23,15,33,25,30,73,16,10" hai3="110,94,128,36,75,12,68,2,93,62,79,6,112"/><V26/><F73/><W47/><G12/><T17/><D115/><U72/><E120/><V81/><F81/><N who="3" m="45311" /><G128/><T28/><D28/><U35/><E35/><N who="2" m="20911" /><F99/><W92/><G110/><T126/><D126/><U4/><E77/><V21/><F67/><N who="3" m="41079" /><G112/><T51/><D71/><U46/><E70/><V57/><F57/><W39/><G94/><T130/><D130/><U38/><E38/><V101/><F101/><W125/><G39/><T127/><D127/><U108/><E108/><V87/><F87/><W129/><G129/><T106/><D76/><U63/><E63/><V116/><F116/><W64/><G64/><T117/><D117/><U54/><E20/><AGARI ba="4,0" hai="3,7,10,15,16,20,21,23,26,30,33" m="20911" machi="20" ten="30,18000,2" yaku="24,1,35,5,54,1" doraHai="56" who="2" fromWho="1" sc="43,0,19,-192,841,192,97,0" owari="43,-35.7,-173,-67.3,1033,113.3,97,-10.3" /></mjloggm>