<mjloggm ver="2.3"><GO type="225" lobby="0"/><UN n0="%E3%81%A1%E3%82%83%E3%81%93%E3%81%93" n1="%E3%80%90%E8%92%BC%E7%90%89%E3%80%91" n2="%E9%A6%AC%E5%BC%95%E7%81%AB%33" n3="%E3%83%96%E3%83%83%E3%83%91%E3%82%AA%E3%83%96%E3%83%81%E3%82%AD%E3%83%B3" dan="16,16,17,16" rate="2127.70,2188.38,2181.73,2200.11" sx="F,F,M,M"/><TAIKYOKU oya="0"/><INIT seed="0,0,0,5,3,4" ten="250,250,250,250" oya="0" hai0="109,106,36,68,103,81,3,56,75,30,34,5,98" hai1="62,51,48,19,2,76,50,57,31,80,83,43,70" hai2="104,63,64,105,42,114,88,72,117,41,29,11,0" hai3="131,96,79,111,21,58,55,14,128,113,119,132,92"/><T52/><D68/><U73/><E70/><V121/><F121/><W7/><G113/><T118/><D118/><U130/><E130/><N who="3" m="49706" /><G119/><T20/><D36/><U23/><E31/><V59/><F114/><W127/><G111/><T13/><D3/><U8/><E83/><V49/><F117/><W133/><G79/><T67/><D67/><U18/><E43/><V47/><F72/><W12/><G21/><T65/><D65/><U45/><E45/><V46/><F29/><W66/><G66/><T33/><D109/><U115/><E115/><V24/><F24/><W100/><G127/><T15/><D30/><U1/><E8/><V60/><F60/><N who="3" m="35935" /><G7/><T116/><D116/><U84/><E73/><V97/><F0/><W82/><G82/><T110/><D110/><U95/><E18/><V32/><F32/><W89/><G100/><T38/><D20/><U35/><E35/><V39/><F11/><W87/><G96/><T107/><D5/><U9/><E9/><V112/><F112/><W37/><G37/><T126/><D38/><U10/><E10/><V74/><F74/><W17/><G17/><T77/><D33/><U129/><E129/><V99/><F99/><W134/><AGARI ba="0,0" hai="12,14,87,89,92,132,133,134" m="35935,49706" machi="134" ten="40,2700,0" yaku="20,1,19,1" doraHai="4" who="3" fromWho="3" sc="250,-13,250,-7,250,-7,250,27" /><INIT seed="1,0,0,4,1,84" ten="237,243,243,277" oya="1" hai0="117,104,76,28,46,70,39,35,103,33,58,78,60" hai1="53,63,79,75,32,86,116,129,4,9,123,21,42" hai2="94,52,130,73,96,56,57,50,97,83,26,102,92" hai3="44,20,101,111,12,40,51,131,124,18,105,82,67"/><U24/><E32/><V128/><F26/><W0/><G111/><T8/><D117/><U27/><E75/><V41/><F41/><W48/><G131/><N who="2" m="50217" /><F73/><W126/><G0/><T30/><D8/><U2/><E116/><V80/><F56/><W17/><G67/><T1/><D1/><U113/><E113/><V65/><F65/><W89/><G51/><T36/><D58/><U108/><E123/><V90/><AGARI ba="0,0" hai="50,52,57,80,83,90,92,94,96,97,102" m="50217" machi="90" ten="30,4000,0" yaku="19,1,52,1,54,1" doraHai="84" who="2" fromWho="2" sc="237,-10,243,-20,243,40,277,-10" /><INIT seed="2,0,0,2,3,5" ten="227,223,283,267" oya="2" hai0="91,92,107,86,67,63,93,3,98,15,78,44,12" hai1="7,29,132,9,123,74,125,87,1,51,8,69,10" hai2="31,55,79,54,16,108,19,104,46,83,70,65,43" hai3="35,64,90,4,0,53,59,111,75,28,39,100,72"/><V77/><F104/><W112/><G39/><T121/><D121/><U57/><E74/><V25/><F70/><W133/><G100/><T61/><D3/><U99/><E69/><V24/><F65/><W33/><G64/><T119/><D119/><U117/><E117/><V11/><F108/><W14/><G111/><T56/><D107/><U101/><E132/><V32/><F24/><W38/><G38/><T47/><D63/><U124/><E123/><V49/><F79/><W122/><G122/><T85/><D85/><U105/><E29/><V88/><F77/><W20/><G133/><T58/><D58/><U80/><E51/><V126/><F126/><N who="1" m="48745" /><E57/><V129/><F129/><W84/><G112/><T118/><D118/><U102/><E102/><V130/><F130/><W103/><G103/><T52/><D78/><AGARI ba="0,0" hai="1,7,8,9,10,78,80,87,99,101,105" m="48745" machi="78" ten="30,7700,0" yaku="18,1,52,3" doraHai="5" who="1" fromWho="0" sc="227,-77,223,77,283,0,267,0" /><INIT seed="3,0,0,1,5,104" ten="150,300,283,267" oya="3" hai0="52,20,122,31,96,91,18,56,101,1,81,70,98" hai1="85,106,130,118,28,36,71,73,25,89,72,16,121" hai2="65,3,95,105,4,7,19,23,69,54,35,108,58" hai3="110,53,74,61,88,30,109,22,80,26,99,100,0"/><W134/><G0/><T83/><D1/><U57/><E121/><V6/><F105/><W107/><G134/><T84/><D122/><U2/><E71/><V42/><F35/><W10/><G10/><T131/><D131/><U120/><E36/><V124/><F108/><N who="3" m="41579" /><G61/><T41/><D70/><U115/><E2/><V32/><F32/><W125/><G125/><T14/><D41/><U86/><E106/><V45/><F124/><W90/><G53/><T62/><D31/><U68/><E28/><V37/><F95/><W9/><G9/><T76/><REACH who="0" step="1"/><D101/><REACH who="0" ten="140,300,283,267" step="2"/><U48/><E68/><V113/><F3/><W79/><AGARI ba="0,1" hai="22,26,30,74,79,80,88,90,99,100,107" m="41579" machi="79" ten="30,11700,0" yaku="14,1,10,1,52,1,54,1" doraHai="104" who="3" fromWho="3" sc="140,-39,300,-39,283,-39,267,127" owari="101,-39.9,261,6.1,244,-15.6,394,49.4" /></mjloggm>