<mjloggm ver="2.3"><GO type="225" lobby="0"/><UN n0="%E3%81%95%E3%81%8D%E3%81%9F%E3%81%BE%E6%9E%97%E6%AA%8E" n1="%E8%BE%9B%E5%8F%A3%E3%82%AB%E3%83%AC%E3%83%BC%E3%83%A9%E3%82%A4%E3%82%B9" n2="%E3%81%94%E3%83%BC%E3%81%A9%E3%82%93" n3="%72%69%6F%75%63%68%61%6E" dan="16,16,16,16" rate="2128.17,2217.91,2051.51,2134.55" sx="M,M,M,M"/><TAIKYOKU oya="0"/><INIT seed="0,0,0,4,1,122" ten="250,250,250,250" oya="0" hai0="4,40,125,20,83,5,87,104,128,31,113,43,34" hai1="55,67,0,121,130,105,103,90,35,13,75,49,53" hai2="66,84,64,56,42,30,16,26,7,6,118,1,109" hai3="135,48,23,58,44,37,88,36,92,80,11,62,9"/><T127/><D104/><U39/><E0/><V73/><F73/><W69/><G135/><T79/><D113/><U93/><E39/><V29/><F118/><W3/><G69/><T76/><D34/><U41/><E121/><V77/><F42/><N who="0" m="15914" /><D128/><U38/><E75/><V134/><F134/><W120/><G120/><T74/><D74/><U91/><E35/><V132/><F132/><W126/><G126/><N who="0" m="48139" /><D31/><U78/><E78/><N who="0" m="29737" /><D20/><U94/><E105/><V65/><F30/><W52/><G36/><T124/><N who="0" m="48147" /><T112/><DORA hai="119" /><D112/><U24/><E38/><V102/><F29/><W131/><G37/><T70/><D70/><U45/><E130/><V15/><F109/><W85/><G131/><T12/><D12/><U116/><E13/><V32/><F15/><W27/><G3/><T72/><D72/><U110/><E24/><V25/><F25/><W107/><G107/><T19/><D19/><U8/><E116/><V106/><F16/><N who="3" m="12775" /><G92/><T129/><D129/><U10/><E94/><V71/><F32/><W14/><G14/><T54/><D54/><AGARI ba="0,0" hai="9,11,44,48,52,54,58,62,80,85,88" m="12775" machi="54" ten="30,7700,0" yaku="8,1,54,3" doraHai="122,119" who="3" fromWho="0" sc="250,-77,250,0,250,0,250,77" /><INIT seed="1,0,0,3,4,88" ten="173,250,250,327" oya="1" hai0="92,14,103,36,32,31,18,67,109,90,13,114,24" hai1="17,53,112,81,38,58,101,106,74,127,8,62,98" hai2="61,72,50,99,95,133,87,80,10,57,104,59,28" hai3="118,135,71,1,97,73,119,7,29,79,64,49,100"/><U47/><E112/><V120/><F120/><W51/><G135/><T33/><D36/><U124/><E74/><V6/><F133/><W30/><G64/><T116/><D114/><U20/><E81/><V84/><F28/><N who="3" m="10859" /><G71/><T76/><D116/><N who="3" m="44585" /><G7/><T41/><D41/><U63/><E8/><V26/><F104/><N who="3" m="63503" /><G1/><T78/><D103/><U132/><E132/><V9/><F6/><W21/><G21/><T12/><D33/><U34/><E34/><V55/><F9/><W4/><G4/><T77/><D67/><U45/><E63/><V27/><F10/><W105/><G105/><T125/><D125/><N who="1" m="48203" /><E38/><V39/><F39/><W75/><G75/><T107/><D107/><U83/><E83/><AGARI ba="0,0" hai="49,51,73,79,83" m="63503,44585,10859" machi="83" ten="30,1000,0" yaku="12,1" doraHai="88" who="3" fromWho="1" sc="173,0,250,-10,250,0,327,10" /><INIT seed="2,0,0,1,5,84" ten="173,240,250,337" oya="2" hai0="110,124,82,9,19,49,129,115,81,42,39,116,22" hai1="44,15,66,102,27,68,26,21,74,114,71,40,4" hai2="73,97,80,65,79,134,10,31,5,56,135,99,48" hai3="106,47,128,12,77,91,34,18,0,6,122,113,69"/><V24/><F65/><W54/><G122/><T63/><D115/><U25/><E114/><V101/><F56/><W121/><G121/><T109/><D39/><U35/><E74/><V70/><F48/><W108/><G113/><T51/><D9/><U67/><E35/><N who="2" m="20967" /><F70/><W95/><G106/><T41/><D63/><U92/><E71/><V132/><F101/><W125/><G69/><T130/><D124/><U112/><E112/><V23/><F23/><W72/><G34/><T86/><D116/><U33/><E33/><V57/><F57/><W98/><G125/><T103/><D103/><U13/><E68/><V36/><F36/><W17/><G0/><AGARI ba="0,0" hai="0,5,10,73,79,80,97,99,132,134,135" m="20967" machi="0" ten="30,1500,0" yaku="20,1" doraHai="84" who="2" fromWho="3" sc="173,0,240,0,250,15,337,-15" /><INIT seed="2,1,0,1,5,80" ten="173,240,265,322" oya="2" hai0="26,12,45,2,30,116,32,14,7,85,99,40,110" hai1="96,16,79,10,37,9,70,41,11,135,64,60,115" hai2="102,100,117,5,44,95,106,15,4,27,24,107,105" hai3="8,98,39,92,89,46,38,47,114,48,75,113,25"/><V134/><F117/><W111/><G111/><T68/><D110/><U35/><E115/><N who="3" m="44042" /><G75/><T84/><D116/><U78/><E35/><V127/><F127/><W18/><G46/><T83/><D68/><U1/><E1/><V112/><F134/><W67/><G67/><T72/><D99/><U88/><E135/><V58/><F112/><W0/><G25/><T57/><D57/><U49/><E37/><V73/><F73/><W93/><G93/><T90/><D90/><U91/><E16/><V33/><F33/><W61/><G61/><T55/><D55/><U128/><E128/><V82/><F82/><W13/><G0/><T97/><D97/><U23/><E23/><V129/><F129/><W104/><G104/><T63/><D63/><U34/><E34/><V65/><F44/><W94/><G94/><T120/><D120/><U132/><E132/><V77/><F95/><W52/><AGARI ba="1,0" hai="8,13,18,38,39,47,48,52,89,92,98" m="44042" machi="52" ten="30,2000,0" yaku="11,1,54,1" doraHai="80" who="3" fromWho="3" sc="173,-6,240,-6,265,-11,322,23" /><INIT seed="3,0,0,3,5,122" ten="167,234,254,345" oya="3" hai0="25,5,93,18,1,111,34,71,26,92,49,134,100" hai1="52,69,90,75,68,73,116,106,44,130,24,95,22" hai2="23,109,74,13,50,129,76,63,112,108,67,36,131" hai3="30,126,54,87,88,0,40,32,82,55,61,113,4"/><W8/><G113/><T117/><D71/><U15/><E106/><V81/><F36/><W58/><G126/><T29/><D100/><U46/><E15/><V41/><F112/><W9/><G40/><T99/><D99/><U17/><E130/><N who="2" m="49675" /><F13/><W86/><G32/><T105/><D105/><U102/><E102/><V91/><F91/><N who="3" m="51671" /><G0/><T135/><D117/><U80/><E116/><V104/><F23/><W20/><G4/><T65/><D65/><U84/><E44/><N who="2" m="25871" /><F104/><W96/><G96/><T2/><D49/><U21/><E21/><V39/><F39/><W57/><G30/><T31/><D5/><U53/><E53/><V33/><F33/><W118/><G20/><T3/><D18/><U27/><E27/><V115/><F115/><W48/><G118/><T45/><D45/><U66/><E66/><V107/><F107/><W125/><G125/><T56/><D3/><U43/><E52/><V14/><F14/><W83/><AGARI ba="0,0" hai="8,9,48,54,55,57,58,61,83,87,88" m="51671" machi="83" ten="30,3000,0" yaku="8,1,54,1" doraHai="122" who="3" fromWho="3" sc="167,-10,234,-10,254,-10,345,30" owari="157,-34.3,224,-17.6,244,4.4,375,47.5" /></mjloggm>