<mjloggm ver="2.3"><GO type="225" lobby="0"/><UN n0="%E5%91%A8%E6%9D%B1" n1="%E8%81%B7%E6%A5%AD%E3%80%81%E9%A2%A8%32" n2="%E3%81%BF%E3%81%BF%E3%81%9A" n3="%E6%81%A5%E6%99%92%E3%81%97" dan="17,16,17,16" rate="2141.36,2138.25,2190.83,2145.08" sx="M,M,M,M"/><TAIKYOKU oya="0"/><INIT seed="0,0,0,3,0,86" ten="250,250,250,250" oya="0" hai0="24,79,107,19,90,69,112,55,132,115,52,91,125" hai1="39,46,105,54,1,108,14,106,32,88,93,85,67" hai2="17,11,121,104,129,135,56,18,16,123,63,117,33" hai3="10,114,134,38,6,41,75,131,70,26,97,45,5"/><T87/><D107/><U101/><E1/><V0/><F104/><W113/><G131/><T128/><D69/><U37/><E108/><V53/><F33/><W29/><G6/><T72/><D128/><U68/><E106/><V78/><F129/><W95/><G134/><T58/><D72/><U102/><E32/><V61/><F135/><W127/><G127/><T133/><D125/><U130/><E130/><V116/><F78/><W73/><G70/><T94/><D79/><U30/><E30/><V9/><F0/><W81/><G113/><T100/><D100/><U124/><E124/><V110/><F110/><W83/><G114/><T119/><D119/><N who="2" m="45642" /><F63/><W27/><G27/><T65/><D115/><U57/><E14/><V66/><F66/><W50/><G38/><T82/><D112/><U22/><E39/><V76/><F76/><W20/><G75/><T51/><D65/><U3/><E3/><V122/><AGARI ba="0,0" hai="9,11,16,17,18,53,56,61,121,122,123" m="45642" machi="122" ten="40,2700,0" yaku="12,1,54,1" doraHai="86" who="2" fromWho="2" sc="250,-13,250,-7,250,27,250,-7" /><INIT seed="1,0,0,2,2,45" ten="237,243,277,243" oya="1" hai0="132,103,33,121,104,13,101,70,87,1,77,72,65" hai1="32,117,51,17,106,124,10,118,16,20,2,38,109" hai2="52,50,66,0,127,67,18,57,35,48,44,19,39" hai3="111,55,46,26,27,128,47,59,5,36,108,23,90"/><U116/><E106/><V56/><F127/><W131/><G5/><T43/><D1/><U80/><E38/><V113/><F0/><W107/><G107/><T68/><D72/><U97/><E97/><V30/><F39/><W69/><G69/><T73/><D73/><U37/><E37/><V74/><F74/><W84/><G27/><T28/><D33/><U99/><E99/><V130/><F130/><N who="3" m="49707" /><G36/><T40/><D104/><U98/><E98/><V105/><F105/><W75/><G75/><T24/><D70/><U64/><E64/><N who="2" m="24619" /><F35/><W120/><G120/><T96/><D68/><U122/><E32/><V4/><F4/><W78/><G78/><T81/><D96/><U63/><E63/><V76/><F76/><W95/><G108/><T31/><D65/><U83/><E122/><V133/><F30/><N who="0" m="11306" /><D24/><U62/><E62/><N who="2" m="36103" /><F133/><W91/><G111/><T41/><D132/><U11/><E109/><V93/><F113/><W86/><G26/><T119/><D121/><U25/><E124/><V34/><F93/><N who="3" m="54471" /><G23/><T42/><N who="0" m="10240" /><DORA hai="115" /><T8/><D119/><U21/><E51/><AGARI ba="0,0" hai="46,47,51,55,59,86,91,95" m="54471,49707" machi="51" ten="30,2000,0" yaku="19,1,52,1" doraHai="45,115" who="3" fromWho="1" sc="237,0,243,-20,277,0,243,20" /><INIT seed="2,0,0,5,1,16" ten="237,223,277,263" oya="2" hai0="58,51,45,49,9,54,80,122,123,24,121,75,125" hai1="35,29,64,111,20,19,94,42,22,133,38,110,68" hai2="117,0,41,33,48,50,108,34,46,2,13,18,31" hai3="112,62,87,97,1,39,128,3,86,25,91,78,7"/><V70/><F70/><W106/><G39/><T67/><D125/><U30/><E133/><V53/><F117/><W65/><G128/><T115/><D115/><U82/><E68/><V26/><F33/><W88/><G112/><T69/><D9/><U131/><E64/><V10/><REACH who="2" step="1"/><F108/><REACH who="2" ten="237,223,267,263" step="2"/><N who="1" m="41513" /><E35/><V23/><F23/><N who="1" m="8745" /><E131/><V36/><F36/><W76/><G25/><T71/><D24/><U81/><E19/><V15/><F15/><W40/><G3/><T8/><D8/><U57/><E57/><AGARI ba="0,1" hai="0,2,10,13,18,26,31,34,41,46,48,50,53,57" machi="57" ten="30,2900,0" yaku="1,1,7,1,53,0" doraHai="16" doraHaiUra="124" who="2" fromWho="1" sc="237,0,223,-29,267,39,263,0" /><INIT seed="2,1,0,0,0,68" ten="237,194,306,263" oya="2" hai0="37,42,22,10,105,35,61,1,71,128,13,89,84" hai1="66,8,14,101,54,134,39,55,122,131,65,109,120" hai2="0,126,99,108,18,129,31,73,100,130,30,40,52" hai3="26,38,123,34,94,27,59,62,7,48,96,5,57"/><V60/><F73/><W86/><G123/><N who="1" m="47146" /><E101/><V16/><F0/><W72/><G72/><T58/><D105/><U133/><E109/><V116/><F40/><W49/><G86/><T45/><D128/><N who="2" m="49258" /><F116/><W111/><G111/><T23/><D35/><U115/><E131/><V114/><F114/><W70/><G94/><T117/><D71/><U47/><E115/><V43/><F43/><W95/><G95/><T17/><D1/><U124/><E124/><V112/><F126/><W121/><G62/><T46/><D46/><U82/><E82/><V102/><F112/><W87/><G87/><T33/><D33/><U20/><E20/><V2/><F2/><W107/><G34/><T36/><D117/><U74/><E74/><V21/><F18/><W12/><G121/><T110/><D110/><U85/><E85/><V78/><F78/><W9/><G70/><T53/><REACH who="0" step="1"/><D37/><REACH who="0" ten="227,194,306,263" step="2"/><U29/><E39/><V103/><F108/><W44/><G38/><T91/><D91/><U119/><E119/><V50/><F103/><W64/><G107/><T25/><D25/><U19/><E47/><V11/><F102/><W135/><G44/><T132/><D132/><N who="1" m="50795" /><E29/><V51/><F100/><W127/><G135/><T69/><D69/><U28/><E28/><V97/><F30/><W113/><G127/><T90/><D90/><U6/><E6/><V24/><F31/><W56/><G7/><T106/><D106/><U79/><E79/><V75/><F24/><W15/><G27/><T76/><D76/><U93/><E93/><AGARI ba="1,1" hai="10,13,17,22,23,36,42,45,53,58,61,84,89,93" machi="93" ten="30,7700,0" yaku="1,1,7,1,52,1,53,1" doraHai="68" doraHaiUra="80" who="0" fromWho="1" sc="227,90,194,-80,306,0,263,0" /><INIT seed="3,0,0,4,4,27" ten="317,114,306,263" oya="3" hai0="52,13,95,12,58,110,84,3,111,22,83,24,76" hai1="46,6,15,81,45,65,20,16,60,4,36,105,17" hai2="85,102,37,49,68,134,8,131,30,80,71,5,1" hai3="44,99,34,51,9,7,53,40,82,18,73,55,21"/><W25/><G99/><T106/><D106/><U125/><E125/><V96/><F37/><W120/><G120/><T41/><D41/><U129/><E129/><V19/><F131/><W91/><G34/><T33/><D33/><U117/><E105/><V28/><F19/><W75/><G75/><T72/><D3/><U114/><E114/><V108/><F108/><N who="0" m="41514" /><D95/><U104/><E104/><V119/><F119/><W61/><G61/><N who="0" m="36039" /><D72/><U89/><E117/><V101/><F134/><W14/><REACH who="3" step="1"/><G73/><REACH who="3" ten="317,114,306,253" step="2"/><T42/><D42/><U66/><E36/><V69/><F49/><W32/><G32/><T124/><D124/><U112/><E112/><V87/><F87/><AGARI ba="0,1" hai="7,9,14,18,21,25,40,44,51,53,55,82,87,91" machi="87" ten="40,3900,0" yaku="1,1,8,1,53,0" doraHai="27" doraHaiUra="88" who="3" fromWho="2" sc="317,0,114,0,306,-39,253,49" /><INIT seed="3,1,0,5,0,76" ten="317,114,267,302" oya="3" hai0="51,15,53,103,10,117,70,58,111,109,125,97,113" hai1="33,71,8,42,25,0,99,84,3,38,32,52,37" hai2="106,4,45,29,80,129,107,16,66,79,92,133,60" hai3="93,130,100,101,81,114,35,121,28,132,75,44,20"/><W68/><G121/><T91/><D117/><U83/><E71/><V88/><F29/><W43/><G114/><T122/><D122/><U18/><E99/><V57/><F4/><W61/><G35/><T126/><D91/><U9/><E33/><V115/><F115/><W95/><G130/><T62/><D113/><U69/><E69/><V110/><F129/><W40/><G132/><T30/><D30/><U85/><E85/><V55/><F133/><W128/><G128/><T78/><D78/><U49/><E9/><V39/><F110/><N who="0" m="41994" /><D62/><U119/><E119/><V12/><F39/><W120/><G120/><T17/><D70/><U134/><E134/><V98/><F45/><W64/><G75/><T65/><D65/><U41/><E38/><V108/><F66/><W135/><G135/><T7/><D7/><U23/><E32/><V102/><F102/><N who="3" m="39531" /><G81/><T94/><AGARI ba="1,0" hai="10,15,17,51,53,58,94,97,103,125,126" m="41994" machi="94" ten="30,1100,0" yaku="14,1" doraHai="76" who="0" fromWho="0" sc="317,14,114,-4,267,-4,302,-6" owari="331,43.1,110,-39.0,263,-13.7,296,9.6" /></mjloggm>