<mjloggm ver="2.3"><GO type="225" lobby="0"/><UN n0="%E5%8D%A0%E3%81%84%E5%B8%AB%E8%A3%8F%E3%81%AA%E3%81%84%E3%81%97" n1="%E5%B8%86%E7%AB%8B%E5%A4%8F%E8%A1%A3" n2="%E4%B8%89%E5%88%86%E5%B0%8F%E5%83%A7" n3="%E5%A4%8F%E9%88%B4%E9%88%B4%E5%A4%8F" dan="17,17,16,16" rate="2242.49,2172.43,2113.07,2074.76" sx="M,M,M,F"/><TAIKYOKU oya="0"/><BYE who="0" /><UN n0="%E5%8D%A0%E3%81%84%E5%B8%AB%E8%A3%8F%E3%81%AA%E3%81%84%E3%81%97" /><INIT seed="0,0,0,1,5,113" ten="250,250,250,250" oya="0" hai0="14,8,69,108,17,124,65,5,40,64,30,45,33" hai1="101,71,75,123,51,55,18,4,87,107,31,53,78" hai2="58,41,38,125,16,57,129,99,22,62,82,29,74" hai3="46,110,56,35,67,100,90,88,134,114,2,34,105"/><T6/><D124/><U54/><E123/><V13/><F125/><W84/><G114/><T48/><D33/><U97/><E71/><V61/><F29/><W10/><G110/><T1/><D108/><U0/><E31/><V127/><F129/><W50/><G134/><T104/><D104/><U44/><E75/><V23/><F38/><W66/><G100/><T126/><D126/><U103/><E103/><V32/><F41/><W49/><G105/><T60/><D30/><U94/><E107/><V80/><F32/><W92/><G50/><T12/><D5/><U73/><E73/><V83/><F74/><W89/><G34/><T121/><D121/><U47/><E4/><V128/><F128/><W115/><G35/><T11/><REACH who="0" step="1"/><D65/><REACH who="0" ten="240,250,250,250" step="2"/><U95/><E18/><V76/><F127/><W85/><G115/><T86/><D86/><U112/><E112/><V79/><F99/><W15/><G67/><T36/><D36/><U70/><E87/><V63/><F23/><W116/><G85/><T91/><D91/><U42/><E97/><V130/><F130/><W106/><G106/><T20/><D20/><U37/><E101/><V98/><F98/><W27/><G90/><T25/><D25/><U81/><E78/><AGARI ba="0,1" hai="13,16,22,57,58,61,62,63,76,78,79,80,82,83" machi="78" ten="40,2600,0" yaku="8,1,54,1" doraHai="113" who="2" fromWho="1" sc="240,0,250,-26,250,36,250,0" /><INIT seed="1,0,0,0,0,26" ten="240,224,286,250" oya="1" hai0="49,73,28,41,10,5,60,38,1,119,7,30,53" hai1="123,74,133,23,86,13,36,135,128,91,45,65,99" hai2="50,124,15,25,47,0,96,21,8,117,127,84,107" hai3="120,122,55,118,116,95,33,24,16,58,18,80,12"/><U93/><E65/><V92/><F0/><W85/><G95/><T14/><D119/><N who="3" m="45609" /><G33/><T72/><D60/><U130/><E74/><V121/><F121/><N who="3" m="46699" /><G24/><T81/><D7/><U134/><E123/><V66/><F66/><W37/><G12/><T89/><D14/><U75/><E75/><V43/><F84/><W94/><G94/><T44/><D89/><U111/><E111/><V88/><F107/><W101/><G101/><T100/><D100/><U11/><E23/><V90/><F117/><W125/><G37/><T71/><D71/><U104/><E104/><V78/><F78/><N who="3" m="46231" /><G125/><T35/><D35/><U56/><E99/><V87/><F15/><W76/><G76/><N who="0" m="44167" /><D73/><U59/><E13/><V108/><F8/><W46/><G46/><AGARI ba="0,0" hai="1,5,10,28,30,38,41,44,46,49,53" m="44167" machi="46" ten="30,3900,0" yaku="25,1,52,2" doraHai="26" who="0" fromWho="3" sc="240,39,224,0,286,0,250,-39" /><INIT seed="2,0,0,3,5,113" ten="279,224,286,211" oya="2" hai0="86,7,23,79,111,100,120,8,133,121,14,105,90" hai1="37,27,20,131,108,98,18,112,115,82,77,73,52" hai2="116,22,135,87,53,97,123,48,61,30,96,59,74" hai3="89,76,107,13,101,67,70,62,88,104,91,25,58"/><V93/><F74/><W78/><G13/><T92/><D111/><U21/><E108/><V119/><F135/><W75/><G75/><T95/><D133/><U118/><E131/><V28/><F123/><W9/><G9/><T110/><D110/><U10/><E37/><V72/><F72/><W127/><G127/><T16/><D105/><U80/><E80/><V38/><F38/><W54/><G25/><T29/><D29/><U36/><E36/><V12/><F87/><W1/><G1/><T47/><D79/><U103/><E118/><V32/><F32/><W126/><G126/><T64/><D64/><U83/><E83/><V69/><F30/><W41/><G41/><T124/><D47/><U5/><E21/><V129/><F129/><W60/><REACH who="3" step="1"/><G107/><REACH who="3" ten="279,224,286,201" step="2"/><T106/><D106/><U132/><E132/><V4/><F12/><W51/><G51/><T31/><D124/><U11/><E11/><V35/><F4/><W39/><G39/><T6/><D121/><U26/><E26/><V128/><F128/><W130/><G130/><T99/><D120/><U65/><E10/><V114/><F48/><W17/><G17/><N who="0" m="8391" /><D31/><U50/><E5/><V49/><F49/><W43/><G43/><T45/><D6/><U57/><REACH who="1" step="1"/><E65/><REACH who="1" ten="279,214,286,201" step="2"/><V34/><F28/><W66/><G66/><T24/><D7/><U122/><E122/><V109/><F109/><W85/><G85/><T19/><D19/><U42/><E42/><V0/><F0/><W102/><G102/><T40/><D40/><U15/><E15/><V46/><F22/><W2/><G2/><T44/><AGARI ba="0,2" hai="16,23,24,44,45,86,90,92,95,99,100" m="8391" machi="44" ten="30,4000,0" yaku="5,1,8,1,54,1" doraHai="113" who="0" fromWho="0" sc="279,60,214,-10,286,-20,201,-10" /><INIT seed="3,0,0,1,3,53" ten="339,204,266,191" oya="3" hai0="3,66,16,44,73,111,115,38,33,39,97,46,121" hai1="31,92,55,132,127,36,87,113,13,47,71,35,24" hai2="5,14,125,76,7,41,107,58,65,134,51,25,86" hai3="130,104,133,32,74,15,56,135,57,77,117,19,84"/><W59/><G117/><T61/><D33/><U18/><E113/><V88/><F107/><W8/><G32/><T48/><D121/><U106/><E106/><V21/><F125/><W94/><G130/><T82/><D3/><U83/><E71/><V79/><F134/><N who="3" m="51211" /><G104/><T109/><D115/><U26/><E127/><V49/><F49/><W23/><G74/><T68/><D97/><U93/><E132/><V30/><F41/><W131/><G131/><T12/><D82/><U75/><E75/><V28/><F28/><W91/><G77/><N who="2" m="29769" /><F14/><W37/><G37/><T100/><D73/><U105/><E105/><V29/><F29/><W42/><G42/><T9/><D100/><U103/><E103/><V63/><F51/><W102/><G102/><T6/><D39/><U72/><E72/><V62/><F62/><W90/><G90/><T80/><D38/><U81/><E36/><V0/><F0/><W27/><G8/><T126/><D126/><U96/><E35/><V129/><F129/><W112/><G112/><T85/><D48/><N who="1" m="29087" /><E31/><V17/><F30/><W52/><G15/><T67/><D12/><U20/><E13/><V50/><F50/><AGARI ba="0,0" hai="19,23,27,50,52,56,57,59,84,91,94" m="51211" machi="50" ten="30,12000,1" yaku="20,1,52,3,54,1" doraHai="53" who="3" fromWho="2" sc="339,0,204,0,266,-120,191,120" /><INIT seed="3,1,0,4,3,12" ten="339,204,146,311" oya="3" hai0="122,87,21,69,100,80,72,66,94,73,93,47,108" hai1="20,39,114,3,22,117,49,118,125,51,33,55,128" hai2="2,53,9,106,76,104,16,17,95,86,31,60,83" hai3="54,10,11,34,112,30,42,91,43,58,14,105,48"/><W19/><G112/><T5/><D122/><U84/><E39/><V61/><F31/><W44/><G105/><T119/><D119/><N who="1" m="45579" /><E114/><V130/><F130/><W111/><G111/><T67/><D21/><N who="1" m="8299" /><E125/><V115/><F115/><W36/><G34/><T101/><D87/><U0/><E128/><V85/><F2/><N who="1" m="553" /><E33/><V124/><F124/><W134/><G30/><T75/><D47/><U113/><E113/><V38/><F38/><W28/><G28/><T78/><D108/><U8/><E8/><V23/><F9/><N who="3" m="6607" /><G36/><T98/><D5/><U24/><E24/><V133/><F133/><W13/><G134/><T131/><D131/><U120/><E120/><V123/><F123/><W102/><G102/><T37/><D37/><U88/><E55/><V65/><F53/><N who="3" m="29831" /><G91/><T57/><D69/><U81/><AGARI ba="1,0" hai="49,51,81,84,88" m="553,8299,45579" machi="81" ten="40,2700,0" yaku="12,1,54,1" doraHai="12" who="1" fromWho="1" sc="339,-8,204,30,146,-8,311,-14" owari="331,43.1,234,-16.6,138,-36.2,297,9.7" /></mjloggm>