<mjloggm ver="2.3"><GO type="225" lobby="0"/><UN n0="%E7%AB%8B%E8%8A%B1%E9%9F%BF" n1="%EF%BC%AE%EF%BC%A1%EF%BC%AF%33%33%39" n2="%E9%A6%AC%E5%BC%95%E7%81%AB%33" n3="%E3%83%96%E3%83%83%E3%83%91%E3%82%AA%E3%83%96%E3%83%81%E3%82%AD%E3%83%B3" dan="17,16,16,16" rate="2181.86,2205.88,2086.24,2221.26" sx="F,M,M,M"/><TAIKYOKU oya="0"/><INIT seed="0,0,0,4,4,131" ten="250,250,250,250" oya="0" hai0="89,25,16,112,91,86,132,10,107,80,85,19,53" hai1="54,2,1,49,67,97,117,15,68,44,93,103,111" hai2="55,7,18,88,42,98,4,118,69,22,38,127,72" hai3="41,58,6,77,119,35,123,37,124,60,31,126,121"/><T30/><D112/><U71/><E117/><V96/><F72/><W106/><G119/><T17/><D107/><U76/><E76/><V114/><F114/><W74/><G106/><T130/><D130/><U78/><E78/><V11/><F69/><W26/><G6/><T45/><D132/><U14/><E68/><V61/><F118/><W20/><G35/><T128/><D128/><U43/><E111/><V75/><F75/><W57/><G77/><T105/><D105/><U39/><E14/><V3/><F7/><W46/><G74/><T115/><D115/><U59/><REACH who="1" step="1"/><E15/><REACH who="1" ten="250,240,250,250" step="2"/><V87/><F11/><W70/><G70/><T5/><D10/><U23/><E23/><V32/><F22/><W47/><G47/><T13/><D13/><U66/><E66/><V83/><F32/><W52/><REACH who="3" step="1"/><G58/><REACH who="3" ten="250,240,250,240" step="2"/><T29/><D5/><U24/><E24/><V122/><F4/><W40/><G40/><T21/><D25/><U33/><E33/><V134/><F42/><W135/><G135/><T50/><REACH who="0" step="1"/><D21/><REACH who="0" ten="240,240,250,240" step="2"/><U12/><E12/><V92/><F134/><W8/><G8/><T129/><D129/><U82/><E82/><AGARI ba="0,3" hai="16,17,19,29,30,45,50,53,80,82,85,86,89,91" machi="82" ten="40,12000,1" yaku="1,1,9,1,8,1,54,1,53,0" doraHai="131" doraHaiUra="90" who="0" fromWho="1" sc="240,150,240,-120,250,0,240,0" /><INIT seed="0,1,0,1,1,88" ten="390,120,250,240" oya="0" hai0="114,98,83,132,30,11,92,33,23,9,116,1,42" hai1="131,55,73,102,76,74,32,108,97,87,49,31,67" hai2="37,121,117,53,60,69,77,15,21,17,118,39,106" hai3="8,48,40,113,14,20,84,18,46,125,82,51,103"/><T27/><D114/><U123/><E123/><V110/><F121/><W64/><G125/><T52/><D116/><N who="2" m="44650" /><F110/><W89/><G113/><T95/><D132/><U130/><E67/><N who="2" m="41191" /><F106/><W81/><G103/><T66/><D42/><U68/><E68/><V120/><F120/><W12/><G64/><T29/><D66/><U44/><E108/><V50/><F77/><W34/><G34/><T112/><D83/><N who="1" m="47591" /><E31/><V104/><F104/><W28/><G28/><T127/><D127/><U13/><E32/><V16/><F17/><W36/><REACH who="3" step="1"/><G82/><REACH who="3" ten="390,120,250,230" step="2"/><T0/><D29/><U134/><E134/><V119/><F119/><W3/><G3/><T59/><D112/><U99/><E102/><V80/><F80/><W115/><G115/><T6/><D33/><U5/><E131/><V10/><F21/><W63/><G63/><T56/><D0/><U109/><E130/><V26/><F26/><W100/><G100/><T7/><D1/><U85/><E109/><V58/><AGARI ba="1,1" hai="10,15,16,37,39,50,53,58" m="41191,44650" machi="58" ten="30,2000,0" yaku="12,1,54,1" doraHai="88" who="2" fromWho="2" sc="390,-11,120,-6,250,33,230,-6" /><INIT seed="1,0,0,2,5,127" ten="379,114,283,224" oya="1" hai0="29,101,17,120,25,113,114,23,134,84,48,53,46" hai1="43,24,132,20,118,52,41,44,55,69,18,50,6" hai2="45,129,110,90,71,106,135,91,85,105,115,97,16" hai3="78,30,102,32,49,130,22,77,86,56,111,108,128"/><U103/><E118/><V37/><F71/><W75/><G102/><T83/><D134/><U123/><E123/><V31/><F135/><W28/><G75/><T74/><D74/><U125/><E132/><V7/><F110/><N who="3" m="42027" /><G32/><T13/><D101/><U2/><E69/><V11/><F115/><W76/><G86/><T62/><D62/><U121/><E121/><V89/><F31/><N who="3" m="11819" /><G22/><T10/><REACH who="0" step="1"/><D120/><REACH who="0" ten="369,114,283,224" step="2"/><U131/><E125/><V9/><F106/><W1/><G1/><T63/><D63/><U4/><E103/><V66/><F105/><W57/><G49/><T117/><D117/><U96/><E2/><V42/><F37/><W61/><G61/><T124/><D124/><U116/><E116/><V73/><F73/><W35/><G35/><T15/><D15/><U122/><E122/><V58/><F66/><W65/><G65/><T39/><D39/><U33/><E33/><V47/><F85/><W93/><G93/><T79/><AGARI ba="0,1" hai="10,13,17,23,25,29,46,48,53,79,83,84,113,114" machi="79" ten="20,5200,0" yaku="1,1,0,1,7,1,53,1" doraHai="127" doraHaiUra="51" who="0" fromWho="0" sc="369,62,114,-26,283,-13,224,-13" /><INIT seed="2,0,0,4,3,50" ten="431,88,270,211" oya="2" hai0="77,15,108,93,2,14,54,114,100,96,1,110,5" hai1="86,62,61,6,58,71,23,130,124,69,39,133,46" hai2="121,111,84,30,42,53,125,90,11,22,37,122,104" hai3="26,36,13,29,72,3,70,35,44,74,101,123,85"/><V107/><F125/><W94/><G123/><T25/><D114/><U120/><E6/><V57/><F11/><W98/><G3/><T135/><D135/><U89/><E124/><V105/><F111/><N who="0" m="42538" /><D77/><U106/><E106/><V128/><F128/><W8/><G70/><T126/><D126/><U82/><E130/><V91/><F91/><W97/><G85/><T27/><D54/><U47/><E120/><V18/><F30/><W9/><G9/><N who="0" m="4399" /><D15/><U10/><E10/><V115/><F115/><W76/><G76/><T59/><D59/><U99/><E133/><V75/><F75/><W81/><G81/><T7/><D7/><U102/><E62/><V31/><F31/><W116/><G116/><T65/><D65/><U24/><E69/><V68/><F68/><W134/><G134/><T45/><D45/><U83/><E83/><V49/><F37/><W79/><G79/><T109/><D109/><U103/><E71/><V17/><F42/><W92/><G44/><N who="1" m="16938" /><E39/><V19/><REACH who="2" step="1"/><F22/><REACH who="2" ten="431,88,260,211" step="2"/><W131/><G36/><T95/><D2/><U64/><E99/><V56/><F56/><W127/><G127/><T55/><D1/><U73/><E73/><V129/><F129/><W38/><G38/><T12/><D100/><U132/><E132/><V78/><F78/><W60/><G131/><T66/><D96/><U16/><AGARI ba="0,1" hai="16,23,24,58,61,64,82,86,89,102,103" m="16938" machi="16" ten="30,2000,0" yaku="8,1,54,1" doraHai="50" who="1" fromWho="1" sc="431,-5,88,30,260,-10,211,-5" /><INIT seed="3,0,0,2,0,59" ten="426,118,250,206" oya="3" hai0="75,8,38,25,121,47,87,110,119,93,50,135,104" hai1="134,72,113,16,130,100,67,23,58,19,84,12,118" hai2="123,15,42,33,2,35,92,46,32,62,64,114,88" hai3="10,66,120,108,36,94,9,6,124,97,30,79,109"/><W126/><G36/><T21/><D104/><U82/><E113/><V69/><F114/><W70/><G120/><T48/><D75/><U27/><E72/><V49/><F2/><W129/><G79/><T4/><D121/><U81/><E130/><V13/><REACH who="2" step="1"/><F123/><REACH who="2" ten="426,118,240,206" step="2"/><W18/><G129/><T17/><D119/><U128/><E128/><V34/><N who="2" m="8192" /><DORA hai="107" /><V80/><F80/><W111/><G30/><T101/><D135/><U41/><E134/><V54/><F54/><W102/><G18/><T116/><D4/><U31/><E118/><V51/><F51/><W1/><G10/><T95/><D50/><U125/><E41/><V3/><F3/><W115/><G115/><T86/><D48/><U60/><E125/><V39/><F39/><W122/><G122/><T7/><D38/><U11/><E100/><V20/><F20/><W44/><G44/><T52/><D101/><U40/><E40/><V56/><F56/><W131/><G131/><T132/><D47/><U89/><REACH who="1" step="1"/><E81/><REACH who="1" ten="426,108,240,206" step="2"/><V74/><F74/><W68/><G68/><T103/><D132/><U61/><E61/><AGARI ba="0,2" hai="1,6,9,61,66,70,94,97,102,108,109,111,124,126" machi="61" ten="50,9600,0" yaku="14,1,10,1,52,1" doraHai="59,107" who="3" fromWho="1" sc="426,0,108,-96,240,0,206,116" /><INIT seed="3,1,0,0,2,100" ten="426,12,240,322" oya="3" hai0="118,52,110,33,19,114,39,0,7,116,14,65,115" hai1="89,34,63,50,120,17,13,129,27,113,32,78,1" hai2="83,135,11,51,46,133,6,15,67,21,84,91,132" hai3="79,112,93,31,57,92,58,4,95,81,105,3,47"/><W125/><G112/><N who="0" m="43051" /><D110/><U80/><E113/><V126/><F126/><W59/><G125/><T22/><D65/><U109/><E109/><V90/><F67/><W131/><G31/><T87/><D33/><U5/><E89/><V106/><F21/><W35/><G35/><T77/><D39/><U70/><E120/><V38/><F38/><W29/><G29/><T12/><D0/><U117/><E63/><V75/><F75/><W97/><G131/><T9/><D52/><U45/><E70/><V111/><F111/><W99/><G105/><T44/><D44/><U71/><E71/><V72/><F72/><W41/><G4/><T25/><D12/><U101/><E101/><V36/><F36/><W127/><G3/><T121/><D121/><U98/><E98/><V40/><REACH who="2" step="1"/><F106/><REACH who="2" ten="426,12,230,322" step="2"/><W49/><REACH who="3" step="1"/><G127/><REACH who="3" ten="426,12,230,312" step="2"/><T107/><D107/><U24/><E34/><V130/><F130/><W73/><AGARI ba="1,2" hai="41,47,49,57,58,59,73,79,81,92,93,95,97,99" machi="73" ten="30,6000,0" yaku="1,1,2,1,0,1,53,0" doraHai="100" doraHaiUra="122" who="3" fromWho="3" sc="426,-21,12,-21,230,-21,312,83" owari="405,50.5,-9,-50.9,209,-19.1,395,19.5" /></mjloggm>