<mjloggm ver="2.3"><GO type="225" lobby="0"/><UN n0="%E3%81%BF%E3%81%BF%E3%81%9A" n1="%E3%83%96%E3%83%83%E3%83%91%E3%82%AA%E3%83%96%E3%83%81%E3%82%AD%E3%83%B3" n2="%E6%9C%88%E5%B3%B6%E5%9F%BA" n3="%4B%2E%32%2E%4B%2E" dan="17,16,17,17" rate="2180.73,2214.50,2206.86,2184.11" sx="M,M,M,M"/><TAIKYOKU oya="0"/><INIT seed="0,0,0,5,2,34" ten="250,250,250,250" oya="0" hai0="106,45,19,55,132,98,39,18,1,127,25,65,71" hai1="35,126,2,15,48,82,94,130,131,13,41,121,123" hai2="58,43,4,53,118,47,56,120,32,12,133,86,89" hai3="64,129,22,84,95,135,54,36,108,115,24,16,6"/><T124/><D132/><U75/><E35/><V111/><F120/><N who="1" m="46153" /><E94/><V92/><F111/><W28/><G115/><T14/><D71/><U52/><E41/><V72/><F72/><W21/><G129/><N who="1" m="49162" /><E126/><N who="0" m="48169" /><D65/><U61/><E61/><V93/><F32/><W87/><G108/><T23/><D1/><U66/><E66/><V5/><F118/><W0/><G135/><T125/><N who="0" m="48177" /><T11/><DORA hai="69" /><D55/><U59/><E2/><V97/><F133/><W103/><G64/><T46/><D39/><U3/><E3/><V60/><F58/><W107/><G36/><T51/><D51/><U119/><E119/><V78/><F56/><W74/><G54/><T40/><D40/><U80/><E75/><V104/><F60/><W134/><G74/><T37/><D37/><U42/><E42/><V26/><F53/><W128/><G134/><T76/><D76/><U44/><E59/><V77/><F77/><W8/><G107/><T90/><D106/><U49/><E49/><V112/><F78/><W68/><G68/><T67/><D67/><U114/><E114/><V105/><F112/><W17/><G128/><T31/><D31/><U117/><E117/><V7/><F104/><W100/><G28/><T33/><D33/><U63/><E63/><V101/><F105/><W88/><G87/><T85/><D98/><U110/><E110/><V91/><F43/><W38/><G38/><T81/><AGARI ba="0,0" hai="11,14,18,19,23,25,45,46,81,85,90" m="48177" machi="81" ten="40,2100,0" yaku="18,1" doraHai="34,69" who="0" fromWho="0" sc="250,21,250,-7,250,-7,250,-7" /><INIT seed="0,1,0,2,2,94" ten="271,243,243,243" oya="0" hai0="83,81,99,49,24,54,109,113,5,51,70,0,56" hai1="29,2,101,38,7,106,3,17,79,119,27,90,76" hai2="121,98,69,74,61,1,39,129,33,87,110,35,100" hai3="117,6,85,64,120,63,10,9,55,31,88,93,37"/><T67/><D113/><U80/><E119/><V50/><F121/><W18/><G117/><T19/><D109/><U73/><E76/><V44/><F110/><W126/><G37/><T118/><D118/><U28/><E28/><V89/><F129/><W132/><G120/><T42/><D0/><U34/><E17/><V111/><F111/><W52/><G126/><T25/><D5/><U133/><E133/><V36/><F74/><W130/><G132/><T41/><D70/><U108/><E108/><V116/><F1/><W11/><G130/><T48/><D67/><U104/><E7/><V13/><F116/><W135/><G135/><T23/><D24/><U4/><E4/><V40/><F13/><N who="3" m="5303" /><G31/><T53/><D99/><N who="1" m="61503" /><E106/><V77/><F77/><W59/><G10/><T68/><D68/><U107/><E107/><V71/><F71/><W105/><G105/><T127/><D127/><U22/><E22/><V112/><F39/><W47/><G47/><T86/><D81/><U14/><E14/><AGARI ba="1,0" hai="11,14,18,52,55,59,63,64,85,88,93" m="5303" machi="14" ten="30,3900,0" yaku="8,1,54,2" doraHai="94" who="3" fromWho="1" sc="271,0,243,-42,243,0,243,42" /><INIT seed="1,0,0,3,1,88" ten="271,201,243,285" oya="1" hai0="129,91,72,53,135,25,10,1,17,101,114,77,103" hai1="108,82,94,51,20,73,4,13,111,24,104,90,97" hai2="102,86,61,98,68,32,8,56,7,16,125,12,120" hai3="89,75,64,105,96,38,115,54,83,133,107,78,110"/><U59/><E104/><V69/><F120/><W31/><G115/><T36/><D114/><U99/><E99/><V15/><F32/><W40/><G110/><N who="1" m="42026" /><E4/><V134/><F125/><W123/><G123/><T118/><D36/><U26/><E73/><V81/><F134/><W0/><G0/><T22/><D135/><U71/><E71/><V48/><F48/><W41/><G105/><T50/><D118/><U6/><E82/><V60/><F60/><W106/><G106/><T93/><D129/><U3/><E3/><V35/><F35/><W87/><G96/><T21/><D72/><U95/><E95/><V132/><F132/><W79/><G107/><T112/><D112/><U76/><E76/><V11/><F102/><W100/><G100/><T45/><D77/><U27/><E6/><V2/><F98/><W28/><G133/><T80/><D80/><U127/><E127/><V34/><F2/><W128/><G79/><T44/><D1/><U52/><E13/><V66/><F34/><W30/><G75/><T14/><D103/><U33/><E33/><V43/><F86/><W67/><G78/><T57/><D101/><U116/><E116/><V42/><F81/><W109/><G109/><T119/><D119/><U49/><E51/><V23/><F69/><W131/><G83/><T46/><D25/><U37/><E37/><V70/><F70/><W124/><G124/><T55/><D55/><U117/><E117/><V85/><F68/><W92/><G54/><T63/><D50/><U18/><AGARI ba="0,0" hai="18,20,24,26,27,49,52,59,90,94,97" m="42026" machi="18" ten="30,11700,0" yaku="14,1,10,1,52,1,54,1" doraHai="88" who="1" fromWho="1" sc="271,-39,201,117,243,-39,285,-39" /><BYE who="0" /><INIT seed="1,1,0,2,3,88" ten="232,318,204,246" oya="1" hai0="64,127,54,81,8,120,90,77,32,27,28,63,12" hai1="99,58,66,47,98,132,114,53,21,48,7,112,24" hai2="39,49,67,134,56,102,94,73,10,61,93,91,2" hai3="124,6,118,45,4,97,85,50,42,74,87,96,51"/><U105/><E132/><UN n0="%E3%81%BF%E3%81%BF%E3%81%9A" /><V115/><F39/><W108/><G74/><T101/><D127/><U25/><E7/><N who="3" m="2602" /><G124/><T69/><D120/><U23/><E105/><V113/><F2/><W121/><G121/><T109/><D109/><U29/><E114/><N who="2" m="43531" /><F73/><W62/><G108/><T59/><D101/><U43/><E66/><V131/><F134/><W130/><G130/><T46/><D46/><U71/><E71/><V5/><F131/><W13/><G118/><T125/><D125/><U16/><REACH who="1" step="1"/><E112/><REACH who="1" ten="232,308,204,246" step="2"/><V35/><F67/><W122/><G122/><T15/><D69/><U72/><E72/><V126/><F126/><W107/><G107/><T41/><D64/><U68/><E68/><V30/><F5/><W78/><G62/><AGARI ba="1,1" hai="16,21,23,24,25,29,43,47,48,53,58,62,98,99" machi="62" ten="30,18000,2" yaku="1,1,7,1,8,1,54,1,53,2" doraHai="88" doraHaiUra="18" who="1" fromWho="3" sc="232,0,308,193,204,0,246,-183" /><INIT seed="1,2,0,5,4,38" ten="232,501,204,63" oya="1" hai0="84,79,55,124,134,64,54,18,15,93,112,58,80" hai1="12,70,98,59,129,75,31,108,101,126,92,97,107" hai2="28,42,60,111,123,2,104,94,22,49,34,102,48" hai3="132,95,109,10,57,3,30,41,46,16,4,20,71"/><U45/><E70/><V91/><F123/><W83/><G132/><T25/><D112/><U33/><E129/><V106/><F34/><W131/><G109/><T133/><D124/><U122/><E122/><V74/><F2/><W121/><G71/><T82/><D25/><U27/><E126/><V6/><F74/><W26/><G131/><T0/><D0/><U115/><E115/><V119/><F119/><W35/><G121/><T135/><D93/><U96/><E108/><V43/><F6/><W118/><G118/><T52/><D82/><U24/><E75/><V110/><F102/><W56/><G95/><T127/><D127/><U69/><E69/><V61/><F94/><W36/><REACH who="3" step="1"/><G83/><REACH who="3" ten="232,501,204,53" step="2"/><T63/><D64/><U51/><E92/><V130/><F130/><W86/><G86/><T66/><D66/><U14/><E107/><V116/><F116/><W5/><G5/><T53/><D84/><U90/><E101/><V8/><F106/><W40/><G40/><T32/><D80/><U37/><E98/><V125/><F104/><W114/><G114/><T67/><D67/><U73/><E97/><V89/><F125/><W65/><G65/><T105/><D105/><U128/><E96/><V21/><F110/><W113/><G113/><T17/><D134/><U76/><E73/><V99/><F99/><W19/><G19/><T29/><D135/><U85/><E128/><V44/><F111/><W100/><G100/><T72/><D133/><U81/><E85/><V47/><F28/><W78/><G78/><T88/><N who="0" m="13312" /><DORA hai="77" /><T13/><D72/><N who="1" m="43143" /><E31/><V23/><F43/><RYUUKYOKU ba="2,1" sc="232,-10,501,-10,204,-10,53,30" hai3="3,4,10,16,20,26,30,35,36,41,46,56,57" /><INIT seed="2,3,1,4,0,130" ten="222,491,194,83" oya="2" hai0="23,94,49,71,84,44,113,63,95,64,80,37,121" hai1="129,16,133,127,83,118,125,13,9,123,41,42,29" hai2="17,128,27,120,102,75,131,4,52,73,33,8,66" hai3="26,20,122,25,96,100,11,76,61,53,40,0,112"/><V92/><F120/><W98/><G122/><T58/><D121/><U36/><E118/><V124/><F66/><W43/><G112/><T117/><D113/><U90/><E123/><V104/><F104/><W115/><G115/><T126/><D126/><N who="1" m="48139" /><E133/><V68/><F68/><W116/><G116/><T132/><D132/><U10/><E129/><N who="2" m="49739" /><F124/><W19/><G76/><T15/><D37/><U72/><E29/><N who="2" m="19647" /><F17/><W55/><G26/><T65/><D65/><U134/><E134/><V86/><F52/><W31/><G55/><N who="0" m="30119" /><D71/><U38/><E10/><V45/><F45/><W69/><G69/><T79/><D117/><U51/><E72/><V70/><F70/><W48/><G61/><T2/><D2/><U135/><E135/><V93/><F93/><W114/><G0/><T12/><D12/><U109/><E41/><V108/><F108/><W74/><G74/><T67/><D67/><U105/><E109/><V24/><F24/><W54/><G114/><T99/><D99/><U32/><E105/><V57/><F57/><W107/><G96/><T101/><D101/><U5/><E32/><V81/><F92/><W91/><G54/><T14/><D14/><U18/><E18/><AGARI ba="3,1" hai="15,18,23,58,63,64,79,80,84,94,95" m="30119" machi="18" ten="30,1000,0" yaku="8,1" doraHai="130" who="0" fromWho="1" sc="222,29,491,-19,194,0,83,0" /><INIT seed="3,0,0,3,5,77" ten="251,472,194,83" oya="3" hai0="116,19,103,121,129,28,87,127,6,52,75,70,62" hai1="96,85,7,123,32,104,88,13,125,58,76,131,107" hai2="25,115,42,89,41,46,74,98,45,36,86,135,81" hai3="66,122,72,79,39,15,5,109,117,119,82,105,73"/><W92/><G39/><T3/><D75/><N who="3" m="28745" /><G66/><T61/><D103/><U20/><E32/><V12/><F115/><W18/><G18/><T33/><D87/><U30/><E123/><V99/><F74/><N who="3" m="43383" /><G15/><T8/><D61/><U38/><E38/><V14/><F135/><W112/><G5/><T50/><D52/><U43/><E43/><V114/><F114/><W84/><G112/><T95/><D95/><U21/><E7/><V40/><F25/><W100/><G122/><T22/><D50/><U101/><E30/><V57/><F36/><W132/><G132/><T67/><D121/><U17/><E21/><V2/><F2/><W55/><G55/><T11/><D11/><U110/><E58/><V54/><F14/><W69/><G69/><T59/><D59/><U10/><E20/><V1/><F1/><W37/><G37/><T49/><D49/><U0/><E0/><V108/><F12/><W64/><G64/><T97/><D19/><U53/><E53/><V56/><F56/><W102/><G109/><T91/><D22/><U126/><E110/><V24/><F108/><W23/><G23/><T94/><D28/><U80/><E17/><V26/><F26/><W29/><G29/><T31/><D31/><U48/><E48/><N who="2" m="30919" /><F24/><W27/><G27/><T120/><D120/><U4/><E13/><V118/><F118/><N who="3" m="45067" /><G105/><T133/><D8/><U68/><E107/><V124/><F46/><W78/><G92/><T111/><D62/><U128/><E68/><V134/><F45/><W34/><G34/><T60/><D116/><U47/><E104/><V44/><F134/><RYUUKYOKU ba="0,0" sc="251,-10,472,-10,194,-10,83,30" hai3="78,84,100,102" /><INIT seed="3,1,0,2,1,23" ten="241,462,184,113" oya="3" hai0="8,70,53,75,82,71,108,94,55,81,130,64,63" hai1="62,33,46,61,38,59,90,48,0,116,98,77,58" hai2="102,113,17,79,21,44,54,35,6,128,112,36,11" hai3="31,14,76,26,74,106,105,88,83,104,134,65,126"/><W68/><G126/><T123/><D123/><U124/><E0/><V51/><F35/><W110/><G134/><T13/><D70/><U39/><E33/><V103/><F36/><W12/><G110/><T86/><D108/><U42/><E124/><V47/><F128/><W73/><G73/><T99/><D75/><U89/><E116/><V72/><F72/><W96/><G65/><T60/><D82/><U92/><E77/><V45/><F79/><W57/><G57/><N who="1" m="21514" /><E38/><V1/><F112/><W84/><G96/><T93/><D93/><N who="1" m="56623" /><E39/><V127/><F113/><W120/><G68/><T121/><D53/><U66/><E66/><V5/><F11/><W114/><G114/><T133/><D13/><U4/><E4/><N who="2" m="1643" /><F1/><W28/><G120/><T32/><D8/><U49/><E49/><N who="2" m="28967" /><F127/><W25/><G31/><T95/><D133/><U41/><E41/><N who="2" m="25007" /><F47/><W27/><REACH who="3" step="1"/><G28/><REACH who="3" ten="241,462,184,103" step="2"/><T118/><D121/><U100/><E100/><V22/><F22/><W69/><G69/><T52/><D99/><AGARI ba="1,1" hai="42,46,48,61,62,90,92,99" m="56623,21514" machi="99" ten="30,1000,0" yaku="8,1" doraHai="23" who="1" fromWho="0" sc="241,-13,462,23,184,0,103,0" owari="228,2.8,485,58.5,184,-21.6,103,-39.7" /></mjloggm>