<mjloggm ver="2.3"><GO type="225" lobby="0"/><UN n0="%E6%98%93%E5%88%A9%E8%96%A9%E4%BC%AF" n1="%43%68%65" n2="%E9%B4%A8%4E%45%47%49" n3="%E3%81%AF%E3%82%88%E3%81%8A%E3%81%98%E3%81%95%E3%82%93" dan="17,16,16,17" rate="2192.80,2174.03,2095.07,2138.16" sx="F,M,M,M"/><TAIKYOKU oya="0"/><INIT seed="0,0,0,4,0,91" ten="250,250,250,250" oya="0" hai0="96,135,76,3,122,28,21,101,44,1,106,126,83" hai1="66,130,46,77,73,10,90,100,17,55,111,15,68" hai2="127,105,107,134,97,117,72,113,115,93,8,75,0" hai3="94,131,119,79,11,89,19,81,116,69,95,32,133"/><T33/><D122/><U51/><E111/><V102/><F0/><W125/><G32/><T52/><D135/><U103/><E130/><V18/><F18/><W37/><G69/><T120/><D33/><U13/><E73/><N who="2" m="28235" /><F8/><W31/><G31/><T124/><D120/><U26/><E77/><V16/><F16/><W14/><G37/><T67/><D67/><U123/><E123/><V57/><F57/><W54/><G131/><T34/><D34/><U49/><E26/><V80/><F117/><W41/><G41/><T65/><D65/><U29/><E29/><V22/><F22/><W23/><G125/><N who="0" m="48235" /><D83/><U132/><E132/><V78/><F134/><W27/><G133/><T4/><D76/><U88/><E66/><V64/><F64/><W121/><G79/><T50/><D4/><N who="1" m="3271" /><E68/><V82/><F127/><W9/><G121/><T99/><D99/><U35/><E35/><V108/><F108/><W38/><G119/><T104/><D104/><N who="2" m="40010" /><F78/><W74/><G116/><T109/><D109/><U60/><E60/><V7/><F7/><W70/><G74/><T40/><D40/><U114/><E51/><V71/><F71/><W62/><G38/><T128/><D128/><U87/><E49/><V118/><F118/><W30/><G70/><T86/><D3/><U20/><E55/><V53/><F53/><W43/><G43/><T129/><D1/><U36/><E36/><V45/><F45/><W12/><G54/><T47/><D129/><U24/><E46/><V6/><F6/><N who="3" m="3127" /><G62/><T61/><D61/><U39/><E39/><V56/><F56/><W59/><G59/><RYUUKYOKU ba="0,0" sc="250,-15,250,-15,250,15,250,15" hai2="80,82,93,97,102,113,115" hai3="11,14,19,23,27,30,81,89,94,95" /><INIT seed="1,1,0,3,4,55" ten="235,235,265,265" oya="1" hai0="31,125,20,1,40,135,109,76,7,97,124,60,85" hai1="23,39,105,26,28,43,129,117,131,77,123,4,132" hai2="71,61,81,78,130,103,59,72,134,42,110,67,84" hai3="70,29,32,2,16,75,36,74,73,128,58,101,30"/><U93/><E117/><V21/><F110/><W87/><G70/><T46/><D109/><U51/><E123/><V114/><F134/><W12/><G2/><T118/><D118/><U99/><E132/><V115/><F130/><N who="1" m="49673" /><E105/><V22/><F42/><W120/><G120/><T64/><D135/><U127/><E39/><V14/><F103/><W34/><G36/><T83/><D97/><U86/><E4/><V0/><F0/><W119/><G101/><T24/><D1/><U116/><E116/><V33/><F33/><W66/><G119/><T133/><D7/><U122/><E127/><V107/><F107/><W54/><G66/><T89/><D76/><U8/><E8/><V92/><F71/><W95/><G32/><T104/><D104/><U106/><E122/><V38/><F38/><W112/><G34/><T11/><D11/><U56/><E106/><V17/><F22/><N who="3" m="11527" /><G112/><N who="2" m="43049" /><F92/><W79/><G128/><T88/><D89/><N who="1" m="53431" /><E77/><V48/><F48/><N who="3" m="31047" /><G79/><T65/><D133/><U35/><E35/><V6/><F6/><W41/><G41/><T45/><D40/><U57/><E99/><V13/><F13/><W49/><G49/><T50/><D50/><U113/><E113/><V62/><F62/><W100/><G100/><T19/><D60/><U90/><E90/><AGARI ba="1,0" hai="29,30,73,74,75,87,90,95" m="31047,11527" machi="90" ten="30,3900,0" yaku="25,1,52,1,54,1" doraHai="55" who="3" fromWho="1" sc="235,0,235,-42,265,0,265,42" /><INIT seed="2,0,0,3,0,102" ten="235,193,265,307" oya="2" hai0="54,122,85,109,134,83,80,49,36,103,59,86,97" hai1="116,132,23,93,43,19,34,22,6,29,100,61,78" hai2="128,77,104,88,26,30,4,70,67,127,32,50,115" hai3="82,124,131,14,53,31,24,129,75,45,94,37,13"/><V123/><F115/><W117/><G117/><T40/><D109/><U69/><E116/><V16/><F123/><W99/><G124/><T10/><D134/><U92/><E132/><V9/><F77/><W3/><G3/><T35/><D35/><U72/><E43/><V28/><F127/><W63/><G82/><T130/><D130/><N who="3" m="49673" /><G75/><T101/><D122/><U1/><E34/><V119/><F119/><W95/><G95/><T58/><D36/><U21/><E29/><V60/><F30/><W64/><G53/><T71/><D71/><U91/><E78/><V46/><F128/><W105/><G63/><T57/><D40/><U90/><E72/><V42/><F88/><N who="3" m="55751" /><G105/><T5/><D83/><U51/><E100/><V121/><F104/><W39/><G64/><T20/><D85/><N who="1" m="52303" /><E61/><V110/><F121/><W25/><G25/><T68/><D68/><U15/><E69/><V11/><F110/><W89/><G89/><T108/><D108/><U18/><E1/><V113/><F113/><W107/><G107/><T118/><D118/><U41/><E93/><V38/><F4/><W98/><G98/><T126/><D103/><U66/><E91/><V114/><F114/><W47/><G39/><T87/><D126/><U55/><E66/><V81/><F81/><W74/><G74/><T79/><D87/><U65/><E65/><V96/><F96/><W2/><G2/><N who="0" m="311" /><D97/><U120/><E120/><V62/><F62/><W27/><G37/><T84/><D84/><U112/><E41/><V76/><F38/><W17/><G31/><T12/><D101/><U125/><E112/><RYUUKYOKU ba="0,0" sc="235,30,193,-10,265,-10,307,-10" hai0="12,20,49,54,57,58,59,79,80,86" /><INIT seed="3,1,0,2,3,35" ten="265,183,255,297" oya="3" hai0="69,24,89,74,33,3,96,41,29,107,5,110,127" hai1="123,104,133,18,28,11,38,0,50,60,95,130,132" hai2="72,64,51,128,42,49,79,113,7,58,47,36,27" hai3="25,77,53,116,19,21,115,76,32,86,48,56,67"/><W121/><G115/><T22/><D89/><U122/><E104/><V102/><F113/><W15/><G116/><T66/><D22/><U119/><E38/><V43/><F128/><W114/><G121/><T6/><D41/><U61/><E130/><V10/><F102/><W88/><G114/><T100/><D110/><U117/><E95/><V99/><F99/><W131/><G131/><T71/><D127/><U68/><E50/><V20/><F43/><W1/><G1/><T39/><D6/><N who="1" m="1479" /><E18/><V54/><F64/><W93/><G67/><T34/><D34/><U55/><E28/><AGARI ba="1,0" hai="15,19,21,25,28,32,48,53,56,76,77,86,88,93" machi="28" ten="40,7700,0" yaku="25,2,54,1" doraHai="35" who="3" fromWho="1" sc="265,0,183,-80,255,0,297,80" owari="265,6.5,103,-39.7,255,-14.5,377,47.7" /></mjloggm>