<mjloggm ver="2.3"><GO type="225" lobby="0"/><UN n0="%E7%99%BD%E9%9B%AA%E4%B9%83%E6%84%9B" n1="%4C%4F%4C%49%54%41" n2="%E6%98%93%E5%88%A9%E8%96%A9%E4%BC%AF" n3="%E3%81%99%E3%83%BC%5F%E9%88%B4%E6%9C%A8%E6%B5%A9%E5%B9%B3" dan="16,16,17,16" rate="2066.74,2097.73,2163.42,2090.30" sx="F,F,F,M"/><TAIKYOKU oya="0"/><INIT seed="0,0,0,4,1,63" ten="250,250,250,250" oya="0" hai0="123,19,71,134,129,76,70,106,17,82,11,51,40" hai1="79,108,30,81,103,120,78,64,35,21,36,2,72" hai2="84,42,50,57,118,45,128,44,77,112,117,110,132" hai3="20,55,130,24,83,16,80,105,7,121,124,102,22"/><T122/><D106/><U27/><E120/><V1/><F1/><W6/><G121/><T31/><D31/><U3/><E108/><V115/><F77/><W33/><G33/><T93/><D40/><U133/><E133/><V119/><F84/><W37/><G37/><T73/><D134/><U100/><E79/><V41/><F132/><W10/><G130/><T89/><D122/><U34/><E34/><V32/><F32/><W58/><G124/><T107/><D123/><U101/><E21/><V86/><F86/><W52/><G105/><T13/><D107/><U62/><REACH who="1" step="1"/><E36/><REACH who="1" ten="250,240,250,250" step="2"/><N who="2" m="21543" /><F110/><W18/><G10/><T116/><D129/><U59/><AGARI ba="0,1" hai="2,3,27,30,35,59,62,64,72,78,81,100,101,103" machi="59" ten="30,4000,0" yaku="1,1,0,1,52,1,53,0" doraHai="63" doraHaiUra="15" who="1" fromWho="1" sc="250,-20,240,50,250,-10,250,-10" /><INIT seed="1,0,0,4,0,106" ten="230,290,240,240" oya="1" hai0="87,18,56,127,60,24,55,135,110,108,1,53,63" hai1="10,104,14,13,22,3,0,5,89,131,130,78,17" hai2="101,28,133,36,62,76,119,57,23,75,86,52,51" hai3="111,41,129,48,4,33,50,112,15,59,54,107,77"/><U21/><E104/><V47/><F119/><W113/><G33/><T46/><D1/><N who="1" m="587" /><E78/><V85/><F133/><W9/><G107/><T91/><D127/><U31/><E89/><V92/><F36/><W49/><G129/><N who="1" m="49162" /><E31/><V43/><F23/><AGARI ba="0,0" hai="5,10,13,14,17,21,22,23" m="49162,587" machi="23" ten="30,5800,0" yaku="19,1,34,2" doraHai="106" who="1" fromWho="2" sc="230,0,290,58,240,-58,240,0" /><INIT seed="1,1,0,0,2,90" ten="230,348,182,240" oya="1" hai0="84,130,61,37,81,17,101,33,112,32,131,2,106" hai1="125,123,122,24,85,94,100,6,36,67,80,56,4" hai2="45,129,43,70,58,25,104,69,29,75,8,57,28" hai3="99,53,126,86,124,89,95,3,40,82,109,88,18"/><U46/><E125/><N who="3" m="48234" /><G3/><T23/><D2/><U77/><E36/><V62/><F129/><N who="0" m="49162" /><D37/><U27/><E122/><V64/><F75/><W35/><G35/><T5/><D5/><N who="1" m="2155" /><E46/><V135/><F135/><W73/><G40/><T11/><D11/><U83/><E83/><V38/><F104/><W22/><G109/><T93/><D61/><N who="1" m="38311" /><E123/><V115/><F8/><W60/><G73/><T132/><D112/><U113/><E113/><V111/><F111/><W34/><G34/><T108/><D106/><U102/><E102/><V21/><F115/><W47/><G47/><T91/><D132/><U51/><E51/><V0/><F0/><W50/><G50/><T59/><D59/><U128/><E128/><V133/><F133/><W52/><G60/><T26/><D108/><U20/><E20/><V120/><F120/><W119/><G119/><T44/><D44/><U19/><E19/><V134/><F134/><W78/><G78/><T127/><D127/><U31/><E31/><V65/><F29/><W63/><G63/><AGARI ba="1,0" hai="21,25,28,38,43,45,57,58,62,63,64,65,69,70" machi="63" ten="40,1300,0" yaku="9,1" doraHai="90" who="2" fromWho="3" sc="230,0,348,0,182,16,240,-16" /><INIT seed="2,0,0,2,5,109" ten="230,348,198,224" oya="2" hai0="83,27,44,7,129,105,57,16,30,96,1,112,80" hai1="106,67,11,121,18,6,12,91,60,76,4,73,24" hai2="70,124,81,82,43,85,114,111,35,9,68,28,55" hai3="23,19,100,102,122,63,64,66,32,103,104,58,88"/><V126/><F43/><W46/><G32/><T78/><D129/><U135/><E106/><V72/><F111/><W107/><G122/><T54/><D44/><U41/><E121/><V71/><F72/><W108/><G108/><T110/><D110/><U38/><E135/><V69/><N who="2" m="17408" /><DORA hai="132" /><V48/><F114/><W117/><G117/><T47/><D47/><U31/><E38/><V133/><F133/><W115/><G115/><T62/><D78/><U49/><E49/><V75/><F75/><W37/><G64/><T89/><D16/><U87/><E76/><V93/><F93/><W0/><G0/><T5/><D5/><U51/><E73/><V15/><F35/><W21/><G21/><T97/><D97/><U101/><E101/><V61/><F61/><W131/><G131/><T53/><D53/><U56/><E51/><V74/><F28/><W118/><G118/><T84/><D7/><U65/><E65/><V40/><F40/><W98/><G37/><T99/><D1/><U17/><E31/><V116/><F74/><W26/><REACH who="3" step="1"/><G46/><REACH who="3" ten="230,348,198,214" step="2"/><T50/><D112/><U3/><E3/><V77/><F116/><W10/><G10/><T130/><D130/><U79/><E11/><V134/><F134/><W95/><AGARI ba="0,1" hai="19,23,26,58,63,66,88,95,98,100,102,103,104,107" machi="95" ten="30,8000,1" yaku="1,1,0,1,54,1,53,2" doraHai="109,132" doraHaiUra="92,86" who="3" fromWho="3" sc="230,-20,348,-20,198,-40,214,90" /><INIT seed="3,0,0,4,3,131" ten="210,328,158,304" oya="3" hai0="2,39,72,94,116,25,24,76,85,33,134,63,21" hai1="0,103,115,119,110,26,78,38,20,68,1,77,128" hai2="92,69,44,97,96,99,84,91,42,105,48,27,108" hai3="135,50,125,54,100,124,117,18,109,10,71,123,34"/><W82/><G117/><T9/><D116/><U7/><E119/><V127/><F108/><W70/><G123/><T129/><D39/><U118/><E118/><V32/><F127/><N who="3" m="48715" /><G109/><T83/><D129/><U104/><E110/><V86/><F69/><W62/><G34/><T81/><D94/><U133/><E128/><V14/><F105/><W66/><G100/><T35/><D63/><U4/><E115/><V59/><F32/><W15/><G135/><T28/><D134/><U95/><E104/><V64/><F27/><W52/><G71/><T47/><D47/><U90/><E38/><V8/><F86/><W65/><G65/><T31/><D21/><U30/><E133/><V61/><REACH who="2" step="1"/><F96/><REACH who="2" ten="210,328,148,304" step="2"/><W75/><G75/><T6/><D83/><U51/><E68/><V106/><F106/><W17/><G82/><T49/><D85/><U37/><E26/><V60/><F60/><W5/><G54/><T19/><D49/><U36/><E51/><V107/><F107/><W87/><G87/><T55/><D55/><U120/><E36/><V74/><F74/><W41/><G41/><T22/><D35/><U79/><E37/><V73/><F73/><W126/><G126/><T112/><D112/><U40/><E40/><V57/><F57/><AGARI ba="0,1" hai="5,10,15,17,18,50,52,57,62,66,70" m="48715" machi="57" ten="30,2900,0" yaku="18,1,54,1" doraHai="131" who="3" fromWho="2" sc="210,0,328,0,148,-29,304,39" owari="210,-19.0,328,12.8,119,-38.1,343,44.3" /></mjloggm>