<mjloggm ver="2.3"><GO type="225" lobby="0"/><UN n0="%E3%80%90%E8%92%BC%E7%90%89%E3%80%91" n1="%E4%BF%BA%E3%81%A8%E5%A6%96%E5%A4%A2" n2="%E3%81%A4%E3%81%A3%E3%81%B1%E3%82%8A%E3%83%9D%E3%83%BC%E3%83%AB" n3="%E3%83%96%E3%83%83%E3%83%91%E3%82%AA%E3%83%96%E3%83%81%E3%82%AD%E3%83%B3" dan="16,16,17,16" rate="2184.28,2114.40,2142.51,2211.87" sx="F,F,M,M"/><TAIKYOKU oya="0"/><INIT seed="0,0,0,5,0,90" ten="250,250,250,250" oya="0" hai0="97,103,67,71,134,89,37,36,44,68,51,70,5" hai1="107,52,6,88,15,120,63,2,55,126,94,34,104" hai2="10,50,57,119,78,79,112,26,75,46,12,118,110" hai3="60,77,45,129,83,85,109,93,21,29,76,74,106"/><T42/><D134/><U17/><E120/><V43/><F112/><W20/><G109/><T95/><D5/><U73/><E73/><V19/><F110/><W82/><G129/><T9/><D9/><U22/><E126/><V23/><F75/><W91/><G106/><T102/><REACH who="0" step="1"/><D67/><REACH who="0" ten="240,250,250,250" step="2"/><U18/><E6/><V125/><F125/><W38/><G29/><T86/><D86/><N who="1" m="52503" /><E2/><V113/><F113/><W84/><REACH who="3" step="1"/><G60/><REACH who="3" ten="240,250,250,240" step="2"/><T3/><D3/><U27/><E63/><V64/><F119/><W127/><G127/><T1/><D1/><U122/><E122/><V39/><F118/><W31/><G31/><T117/><D117/><U8/><E107/><V56/><F64/><W49/><G49/><T14/><D14/><N who="1" m="7367" /><E104/><V7/><F39/><AGARI ba="0,2" hai="36,37,39,42,44,51,68,70,71,89,95,97,102,103" machi="39" ten="50,4800,0" yaku="1,1,52,1,53,0" doraHai="90" doraHaiUra="61" who="0" fromWho="2" sc="240,68,250,0,250,-48,240,0" /><INIT seed="0,1,0,2,4,103" ten="308,250,202,240" oya="0" hai0="105,89,68,112,94,104,12,97,11,9,69,83,77" hai1="106,44,95,50,122,57,63,41,72,101,79,34,64" hai2="71,65,123,16,55,98,43,49,3,40,13,61,114" hai3="130,7,21,62,92,29,26,109,134,88,132,20,96"/><T51/><D112/><U32/><E122/><V2/><F114/><W135/><G109/><T8/><D12/><U80/><REACH who="1" step="1"/><E95/><REACH who="1" ten="308,240,202,240" step="2"/><V93/><F123/><W39/><G130/><T110/><D110/><U54/><E54/><V99/><F2/><W18/><G39/><T121/><D121/><U36/><E36/><V47/><F3/><W25/><G7/><T111/><D111/><U115/><E115/><V66/><F66/><W10/><G10/><T30/><D30/><U91/><E91/><V108/><F108/><W125/><G125/><T131/><D131/><U118/><E118/><V52/><F55/><W56/><REACH who="3" step="1"/><G135/><REACH who="3" ten="308,240,202,230" step="2"/><T119/><D119/><U24/><E24/><V27/><F27/><W78/><G78/><T5/><D5/><U38/><E38/><V87/><F43/><W129/><G129/><T127/><D127/><U28/><E28/><V67/><F40/><W117/><G117/><T126/><D126/><U53/><E53/><AGARI ba="1,2" hai="18,20,21,25,26,29,53,56,62,88,92,96,132,134" machi="53" ten="40,8000,1" yaku="1,1,25,2,54,1,53,0" doraHai="103" doraHaiUra="116" who="3" fromWho="1" sc="308,0,240,-83,202,0,230,103" /><INIT seed="1,0,0,4,0,30" ten="308,157,202,333" oya="1" hai0="78,71,52,7,120,122,48,46,64,94,134,107,21" hai1="75,43,89,74,12,80,68,38,130,54,97,77,124" hai2="22,40,25,90,83,101,33,62,131,57,70,37,103" hai3="76,31,42,36,116,69,16,133,72,4,118,51,60"/><U79/><E68/><V63/><F131/><W28/><G4/><T84/><D107/><U61/><E130/><V125/><F33/><W35/><G36/><T24/><D134/><U23/><E124/><V6/><F125/><W92/><G133/><T34/><D7/><U108/><E43/><V91/><F6/><W113/><G113/><T85/><D34/><U99/><E38/><V27/><F70/><W18/><G72/><N who="1" m="27690" /><E61/><V81/><F40/><W102/><G76/><N who="1" m="29258" /><E54/><V41/><F41/><W117/><G42/><T17/><D64/><U119/><E23/><V132/><F37/><W111/><G111/><T93/><D71/><U135/><E12/><V109/><F132/><W56/><G51/><T96/><D120/><U53/><E53/><V98/><F109/><W47/><G47/><T44/><D122/><U1/><E1/><V123/><F123/><W82/><G69/><T105/><D44/><U8/><E8/><V104/><F22/><W66/><G82/><T14/><D14/><U58/><E58/><V3/><F57/><W114/><G114/><T121/><D121/><U5/><E5/><V65/><F3/><W115/><G115/><T0/><D0/><U127/><E127/><V11/><F11/><W59/><G59/><T100/><D46/><U110/><E135/><V55/><F65/><W95/><G66/><T129/><D52/><U32/><E32/><V39/><F39/><W10/><G56/><T49/><D129/><U112/><E112/><V9/><F55/><W128/><G128/><T50/><D21/><U2/><E2/><V126/><F126/><RYUUKYOKU ba="0,0" sc="308,0,157,0,202,0,333,0" /><INIT seed="2,1,0,0,3,7" ten="308,157,202,333" oya="2" hai0="85,83,69,11,28,56,123,115,29,72,33,108,100" hai1="31,3,87,112,59,19,106,12,45,132,103,2,121" hai2="77,91,93,75,41,8,25,84,81,78,131,9,89" hai3="117,101,109,53,35,97,111,23,43,58,125,26,54"/><V57/><F131/><W68/><G117/><T76/><D69/><U36/><E112/><V107/><F107/><W98/><G68/><T22/><D123/><U48/><E121/><V42/><F25/><W13/><G125/><T95/><D115/><U104/><E132/><V46/><F57/><W126/><G126/><T60/><D33/><U67/><E31/><V44/><F75/><W61/><G43/><N who="2" m="16393" /><F78/><W37/><G37/><T90/><D108/><N who="3" m="41545" /><G101/><T10/><D100/><U65/><E36/><V15/><F15/><W82/><G82/><T49/><D49/><U55/><E3/><V66/><F66/><W5/><G35/><T122/><D122/><U62/><E2/><V129/><F129/><W63/><G63/><T119/><D119/><U105/><E67/><V116/><F116/><W70/><G54/><T6/><D22/><U120/><E120/><V133/><F133/><W102/><G70/><T127/><D127/><U99/><REACH who="1" step="1"/><E87/><REACH who="1" ten="308,147,202,333" step="2"/><N who="2" m="52479" /><F77/><W4/><G102/><T38/><D38/><U40/><E40/><V118/><F118/><W130/><G130/><T51/><D76/><U74/><E74/><V30/><F30/><W79/><G98/><T20/><D28/><U110/><E110/><V64/><F64/><W134/><G97/><T88/><D29/><U80/><E80/><V96/><F96/><W47/><G134/><T39/><D72/><U92/><E92/><V135/><F135/><W94/><G94/><T52/><D95/><U0/><E0/><V21/><F81/><W24/><G53/><T32/><D39/><U124/><E124/><V14/><F84/><RYUUKYOKU ba="1,1" sc="308,-10,147,30,202,-10,333,-10" hai1="12,19,45,48,55,59,62,65,99,103,104,105,106" /><INIT seed="3,2,1,3,3,79" ten="298,177,192,323" oya="3" hai0="47,23,4,51,127,106,100,125,120,34,18,62,66" hai1="83,31,45,63,43,37,14,50,22,71,44,108,65" hai2="58,17,70,29,97,32,123,56,130,0,128,40,5" hai3="36,122,54,110,26,20,75,74,21,134,81,101,113"/><W94/><G113/><T78/><D34/><U3/><E3/><V86/><F70/><W112/><G112/><T28/><D28/><U52/><E108/><V39/><F123/><W85/><G122/><T35/><D35/><U119/><E119/><V111/><F111/><W68/><G110/><T129/><D129/><N who="2" m="49770" /><F17/><W89/><G36/><T19/><D120/><U88/><E14/><V15/><F0/><W99/><G134/><T90/><D4/><U132/><E132/><V2/><F2/><W84/><G68/><T118/><D118/><U126/><E126/><N who="0" m="48137" /><D78/><U59/><E31/><V72/><F72/><W42/><G42/><N who="0" m="25079" /><D90/><U53/><E22/><V16/><F5/><W41/><G41/><T7/><D7/><U93/><E83/><V1/><F1/><W30/><G21/><T80/><D80/><U133/><E133/><V114/><F114/><W98/><G98/><N who="0" m="61719" /><D23/><U77/><E77/><V103/><F29/><W115/><G115/><T135/><D135/><U11/><E11/><N who="2" m="6271" /><F32/><W6/><G6/><T12/><D12/><U124/><E124/><V82/><F40/><W38/><G38/><T109/><D109/><U104/><E104/><N who="2" m="63599" /><F39/><W25/><G25/><T73/><D73/><U60/><REACH who="1" step="1"/><E88/><AGARI ba="2,1" hai="56,58,82,86,88" m="63599,6271,49770" machi="88" ten="30,7700,0" yaku="19,1,52,1,54,2" doraHai="79" who="2" fromWho="1" sc="298,0,177,-83,192,93,323,0" owari="298,9.8,94,-40.6,285,-11.5,323,42.3" /></mjloggm>