<mjloggm ver="2.3"><GO type="225" lobby="0"/><UN n0="%E6%98%93%E5%88%A9%E8%96%A9%E4%BC%AF" n1="%E3%82%AF%E3%82%A3%E3%82%A6" n2="%E3%83%96%E3%83%83%E3%83%91%E3%82%AA%E3%83%96%E3%83%81%E3%82%AD%E3%83%B3" n3="%E3%82%B3%E3%83%90%E3%83%AC%E3%82%A4" dan="17,16,16,16" rate="2139.20,2044.07,2082.01,2178.31" sx="F,M,M,M"/><TAIKYOKU oya="0"/><INIT seed="0,0,0,3,5,52" ten="250,250,250,250" oya="0" hai0="102,67,55,25,90,99,10,41,34,85,50,127,114" hai1="80,7,113,1,118,107,38,24,91,82,58,133,61" hai2="94,97,21,3,37,75,81,131,33,116,46,62,88" hai3="40,32,134,117,121,125,64,95,108,93,112,87,0"/><T109/><D114/><U126/><E118/><V4/><F33/><W53/><G40/><T96/><D127/><U100/><E126/><V56/><F131/><W66/><G53/><T70/><D41/><U30/><E133/><V60/><F116/><W101/><G87/><T5/><D109/><U16/><E38/><V12/><F3/><W45/><G101/><T71/><D34/><U132/><E132/><V69/><F69/><W43/><G45/><T23/><D67/><U11/><E91/><V35/><F35/><W105/><G43/><T47/><D71/><U27/><E113/><V92/><F37/><W8/><G8/><T119/><D70/><U31/><E107/><V49/><F75/><W42/><G95/><T28/><D102/><U59/><E100/><N who="2" m="60455" /><F56/><N who="1" m="21545" /><E1/><V63/><F81/><N who="1" m="31337" /><E61/><V72/><F72/><W79/><G0/><T36/><D36/><U78/><E7/><V124/><F124/><W29/><G105/><T111/><D119/><U17/><E78/><V130/><F62/><W86/><G79/><T65/><D111/><U13/><E17/><N who="2" m="10407" /><F4/><W103/><G108/><T104/><D104/><U128/><E128/><V6/><F6/><W20/><G117/><T110/><D110/><U19/><E19/><V15/><F130/><W84/><G125/><T123/><D5/><U83/><N who="1" m="31345" /><U57/><N who="1" m="21553" /><DORA hai="135" /><U76/><DORA hai="14" /><E76/><V98/><F63/><W22/><G112/><T48/><D90/><U120/><E120/><V68/><F60/><W106/><G121/><T74/><D123/><U26/><AGARI ba="0,0" hai="11,13,16,24,26,27,30,31" m="31345,21553" machi="26" ten="50,12000,2" yaku="8,1,52,5,54,1" doraHai="52,135,14" who="1" fromWho="1" sc="250,-60,250,120,250,-30,250,-30" /><INIT seed="1,0,0,2,5,58" ten="190,370,220,220" oya="1" hai0="125,133,62,59,126,51,116,70,3,46,26,35,102" hai1="127,23,86,27,36,57,61,76,11,75,52,113,9" hai2="40,1,79,7,93,49,72,67,99,0,55,115,85" hai3="37,117,108,44,60,54,135,48,33,19,42,18,74"/><U80/><E113/><V43/><F115/><W96/><G33/><T110/><D116/><U132/><E127/><N who="0" m="48649" /><D3/><U6/><E132/><V89/><F72/><W39/><G135/><T119/><D119/><U12/><E36/><V5/><F67/><W106/><G117/><T118/><D118/><U120/><E120/><V98/><F1/><W103/><G74/><T53/><D133/><U45/><E45/><N who="2" m="28079" /><F0/><W97/><G108/><T109/><D102/><U105/><E105/><V78/><F99/><W95/><G39/><T13/><D13/><U17/><E75/><V41/><F98/><W68/><G97/><T134/><D134/><U100/><REACH who="1" step="1"/><E11/><REACH who="1" ten="190,360,220,220" step="2"/><V32/><F32/><W107/><G106/><T84/><D110/><U124/><E124/><V24/><F24/><W83/><G107/><T122/><D109/><U73/><E73/><V56/><F56/><W90/><G68/><T69/><D122/><U16/><E16/><V101/><F101/><AGARI ba="0,1" hai="6,9,12,17,23,27,52,57,61,76,80,86,100,101" machi="101" ten="40,12000,1" yaku="1,1,8,1,52,1,54,1,53,0" doraHai="58" doraHaiUra="104" who="1" fromWho="2" sc="190,0,360,130,220,-120,220,0" /><INIT seed="1,1,0,1,1,130" ten="190,490,100,220" oya="1" hai0="87,79,31,109,69,63,96,119,38,45,62,44,22" hai1="61,72,125,107,127,121,36,101,52,124,8,2,90" hai2="122,49,99,75,102,11,105,67,74,9,114,7,86" hai3="129,21,6,28,13,47,37,116,51,118,91,117,123"/><U97/><E121/><V103/><F122/><W10/><G123/><T23/><D109/><U77/><E36/><V43/><F114/><W92/><G129/><T64/><D119/><U82/><E61/><V83/><F67/><W131/><G131/><T78/><D38/><U57/><E57/><V48/><F103/><W113/><G37/><T14/><D96/><U68/><E52/><V54/><F43/><W112/><G28/><T65/><D87/><U34/><E34/><V94/><F105/><W85/><G21/><T39/><D39/><U27/><E27/><V15/><F11/><W18/><G6/><T59/><D14/><U30/><E30/><V35/><F49/><W17/><G17/><T33/><D33/><U126/><N who="1" m="31744" /><DORA hai="111" /><U24/><E24/><V40/><F35/><W5/><REACH who="3" step="1"/><G5/><REACH who="3" ten="190,490,100,210" step="2"/><T93/><D31/><U29/><E29/><V58/><REACH who="2" step="1"/><F40/><AGARI ba="1,1" hai="10,13,18,40,47,51,85,91,92,112,113,116,117,118" machi="40" ten="40,12000,2" yaku="1,1,2,1,12,1,52,2,53,1" doraHai="130,111" doraHaiUra="42,98" who="3" fromWho="2" sc="190,0,490,0,100,-123,210,133" owari="190,-21.0,490,59.0,-23,-52.3,343,14.3" /></mjloggm>