<mjloggm ver="2.3"><GO type="225" lobby="0"/><UN n0="%E6%98%93%E5%88%A9%E8%96%A9%E4%BC%AF" n1="%E5%A4%8F%E9%88%B4%E9%88%B4%E5%A4%8F" n2="%6C%65%74%69%74%62%65" n3="%E3%82%86%E3%81%86%E3%82%8C%E3%81%84%E3%81%84%E3%81%8B" dan="17,16,16,18" rate="2105.98,2102.98,2107.32,2246.95" sx="F,F,M,M"/><TAIKYOKU oya="0"/><INIT seed="0,0,0,1,2,10" ten="250,250,250,250" oya="0" hai0="92,40,49,116,135,115,123,28,89,54,133,29,107" hai1="134,27,0,48,50,13,14,35,21,5,99,53,68" hai2="79,66,103,112,72,88,12,31,39,7,34,47,17" hai3="15,95,127,128,86,55,104,51,19,108,37,24,113"/><T36/><D115/><U85/><E68/><V59/><F112/><W82/><G113/><T110/><D116/><U84/><E35/><V81/><F103/><W56/><G104/><T71/><D71/><U97/><E0/><V42/><F7/><W74/><G37/><T6/><D107/><U120/><E120/><V69/><F69/><W2/><G2/><T76/><D76/><U41/><E41/><V61/><F31/><W1/><G1/><T96/><D123/><U124/><E124/><V94/><F34/><W46/><G108/><T57/><D110/><U75/><E75/><V80/><F79/><W25/><G128/><T130/><D130/><U83/><E84/><V9/><REACH who="2" step="1"/><F72/><REACH who="2" ten="250,250,240,250" step="2"/><W67/><G74/><T91/><D6/><U118/><E5/><V109/><F109/><W43/><G127/><T105/><D105/><U38/><E118/><V125/><F125/><W101/><G101/><T126/><D126/><U33/><E33/><V131/><F131/><W58/><G19/><T4/><D4/><U119/><E119/><V98/><AGARI ba="0,1" hai="9,12,17,39,42,47,59,61,66,80,81,88,94,98" machi="98" ten="20,8000,1" yaku="1,1,0,1,7,1,52,1,54,1,53,0" doraHai="10" doraHaiUra="18" who="2" fromWho="2" sc="250,-40,250,-20,240,90,250,-20" /><INIT seed="1,0,0,2,2,106" ten="210,230,330,230" oya="1" hai0="74,93,45,89,1,124,112,64,101,46,114,67,2" hai1="94,0,92,43,128,33,8,31,32,42,123,53,59" hai2="18,72,91,55,26,110,81,97,86,47,121,6,19" hai3="127,7,82,129,50,131,40,108,16,77,71,35,52"/><U115/><E123/><V20/><F121/><W122/><G122/><T78/><D101/><U13/><E115/><V27/><F110/><W5/><G35/><T96/><D124/><U133/><E0/><V17/><F6/><W37/><G71/><T15/><D114/><U90/><E128/><N who="3" m="49226" /><G108/><T21/><D112/><U85/><E94/><V132/><F132/><W76/><G76/><T118/><D118/><U104/><E104/><V12/><F72/><N who="3" m="43303" /><G127/><T61/><D67/><U134/><E43/><V83/><F83/><W73/><G73/><T41/><D46/><U100/><E42/><V116/><F116/><W10/><G40/><T103/><D103/><U84/><E100/><V130/><F97/><W79/><G79/><T119/><D119/><U57/><E85/><V111/><F111/><W49/><G49/><T38/><D78/><U25/><E33/><V36/><F36/><W51/><G51/><T80/><D80/><U69/><E69/><V44/><F130/><W58/><G37/><T29/><D74/><U39/><E39/><V109/><F109/><W30/><G30/><T125/><D125/><U70/><E70/><V34/><F34/><W4/><G16/><N who="2" m="6249" /><F44/><W60/><G50/><AGARI ba="0,0" hai="12,19,20,26,27,47,50,55,81,86,91" m="6249" machi="50" ten="30,2000,0" yaku="8,1,54,1" doraHai="106" who="2" fromWho="3" sc="210,0,230,0,330,20,230,-20" /><INIT seed="2,0,0,4,2,118" ten="210,230,350,210" oya="2" hai0="63,57,102,58,135,106,126,81,92,89,71,69,47" hai1="75,88,120,107,27,95,4,11,98,104,114,59,35" hai2="45,23,1,130,108,32,43,74,101,90,66,64,30" hai3="41,78,15,13,86,26,39,121,40,28,73,84,36"/><V109/><F74/><W29/><G73/><T99/><D135/><U91/><E114/><V53/><F1/><W70/><G26/><T0/><D0/><U112/><E112/><V124/><F130/><W117/><G117/><T56/><D126/><U48/><E75/><V133/><F32/><W131/><G70/><T34/><D34/><U113/><E113/><V6/><F6/><W119/><G119/><T82/><D47/><U37/><E37/><V7/><F7/><W60/><G60/><T31/><D31/><U49/><E91/><V19/><F30/><W44/><G44/><T55/><D71/><U8/><E8/><V54/><F101/><W46/><G46/><T96/><REACH who="0" step="1"/><D55/><REACH who="0" ten="200,230,350,210" step="2"/><U134/><E35/><V50/><F133/><W67/><G131/><T25/><D25/><U5/><E27/><V105/><F124/><W38/><G38/><T125/><D125/><U68/><E68/><V16/><F53/><W129/><G129/><T51/><D51/><U79/><E49/><V72/><F54/><W97/><G67/><AGARI ba="0,1" hai="56,57,58,63,67,69,81,82,89,92,96,99,102,106" machi="67" ten="40,1300,0" yaku="1,1,53,0" doraHai="118" doraHaiUra="21" who="0" fromWho="3" sc="200,23,230,0,350,0,210,-13" /><INIT seed="3,0,0,5,0,87" ten="223,230,350,197" oya="3" hai0="67,111,61,7,103,86,47,25,26,132,15,133,79" hai1="58,78,101,31,8,84,1,12,110,113,130,49,56" hai2="11,135,121,24,91,20,90,80,89,98,3,60,99" hai3="55,116,54,104,106,50,119,102,38,17,82,40,66"/><W95/><G66/><T131/><D111/><U105/><E110/><V63/><F135/><N who="0" m="51786" /><D131/><U124/><E130/><V32/><F32/><W122/><G122/><T5/><D103/><U75/><E58/><V33/><F33/><W45/><G55/><T48/><D79/><U97/><E56/><V93/><F80/><W125/><G125/><T100/><D100/><U53/><E53/><V126/><F126/><W27/><G82/><T64/><D86/><U43/><E49/><V36/><F36/><W0/><G0/><T112/><D67/><U42/><E1/><V21/><F21/><W109/><G109/><T4/><D15/><U59/><E12/><V114/><F114/><W83/><G83/><T46/><D112/><U52/><E84/><V70/><F70/><W120/><G120/><T108/><D108/><U14/><E78/><V30/><F98/><N who="3" m="59743" /><G106/><T44/><D48/><U123/><E75/><V128/><F128/><W92/><G92/><T22/><D22/><U16/><E113/><V29/><F121/><W81/><G81/><T62/><D62/><U37/><E123/><V41/><F60/><W94/><G94/><T129/><D129/><U96/><E124/><V18/><F63/><W2/><G2/><T127/><D127/><U76/><E76/><V73/><F73/><W28/><G104/><T68/><AGARI ba="0,0" hai="4,5,7,25,26,44,46,47,61,64,68" m="51786" machi="68" ten="40,1500,0" yaku="20,1" doraHai="87" who="0" fromWho="0" sc="223,15,230,-4,350,-4,197,-7" owari="238,3.8,226,-17.4,346,44.6,190,-31.0" /></mjloggm>