<mjloggm ver="2.3"><GO type="225" lobby="0"/><UN n0="%E7%89%B9%E6%9D%B1%E3%81%AF%E4%B8%96%E7%95%8C%E3%82%92%E6%95%91%E3%81%86" n1="%33%74%72%65%65" n2="%E6%98%93%E5%88%A9%E8%96%A9%E4%BC%AF" n3="%E6%B7%91%E5%A5%B3%E3%81%AE%E5%97%9C%E3%81%BF" dan="16,16,17,16" rate="2182.65,2164.23,2181.15,2087.25" sx="M,F,F,M"/><TAIKYOKU oya="0"/><INIT seed="0,0,0,0,1,127" ten="250,250,250,250" oya="0" hai0="56,3,38,69,126,82,60,0,84,71,101,50,123" hai1="108,5,33,48,85,96,16,74,99,112,119,47,14" hai2="21,67,106,128,43,133,81,22,7,73,79,11,4" hai3="122,90,65,42,10,115,62,88,45,66,75,86,29"/><T105/><D123/><U87/><E119/><V77/><F106/><W55/><G115/><T98/><D38/><U118/><E118/><V40/><F133/><W20/><G75/><T117/><D126/><U109/><E74/><V91/><F67/><W107/><G107/><T63/><D117/><U24/><E112/><V32/><F32/><W23/><G10/><T120/><D120/><U131/><E131/><V64/><F64/><W129/><G129/><T80/><D50/><U41/><E5/><V46/><F128/><W57/><G65/><T121/><D121/><U103/><E24/><V6/><F79/><W8/><G8/><T76/><D80/><U53/><E41/><V36/><F43/><W17/><G66/><T72/><D72/><U12/><E12/><V70/><F70/><W27/><G86/><N who="1" m="32778" /><E103/><V94/><REACH who="2" step="1"/><F11/><REACH who="2" ten="250,250,240,250" step="2"/><W116/><G122/><T37/><D71/><U97/><E33/><V113/><F113/><W28/><G116/><T9/><D9/><N who="1" m="6223" /><E109/><V13/><F13/><W39/><G29/><T58/><D69/><U1/><E108/><V30/><F30/><W51/><G39/><T49/><D37/><U34/><E34/><V114/><F114/><W124/><G124/><T89/><D105/><U132/><E132/><V130/><F130/><W59/><G59/><T134/><D58/><N who="1" m="33063" /><E1/><V125/><F125/><W2/><G2/><T44/><D3/><U61/><E47/><V102/><F102/><W31/><G31/><T19/><D0/><U78/><E78/><V95/><F95/><W110/><G110/><T83/><D134/><U54/><E54/><RYUUKYOKU ba="0,1" sc="250,-30,250,10,240,10,250,10" hai1="61,96,97,99" hai2="4,6,7,21,22,36,40,46,73,77,81,91,94" hai3="17,20,23,27,28,42,45,51,55,57,62,88,90" /><INIT seed="1,1,1,0,3,63" ten="220,260,250,260" oya="1" hai0="15,90,34,9,13,45,127,42,40,11,23,119,118" hai1="112,103,67,78,18,94,1,105,28,57,98,125,75" hai2="84,88,39,53,8,129,56,108,2,6,4,54,96" hai3="29,116,109,59,120,16,93,132,7,72,3,133,117"/><U33/><E112/><V99/><F39/><W48/><G120/><T114/><D34/><U76/><E125/><V37/><F37/><W26/><G72/><T20/><D90/><U31/><E1/><V21/><F108/><W32/><G109/><T97/><D97/><U64/><E105/><V47/><F129/><W66/><G93/><T77/><D45/><U36/><E36/><V49/><F6/><W58/><G58/><T86/><D86/><U115/><E115/><V55/><F21/><W0/><G48/><T101/><D114/><U85/><E75/><V104/><F104/><W24/><G59/><T130/><D77/><N who="1" m="29803" /><E33/><V134/><F134/><N who="3" m="51819" /><G66/><N who="1" m="25130" /><E57/><V46/><F47/><W135/><G135/><T122/><D122/><U102/><E85/><V82/><REACH who="2" step="1"/><F54/><REACH who="2" ten="220,260,240,260" step="2"/><W43/><G7/><T25/><D130/><U5/><E5/><V81/><F81/><W123/><G123/><T60/><D127/><U92/><E18/><V100/><F100/><W89/><G0/><T27/><D101/><U87/><E103/><V62/><AGARI ba="1,2" hai="2,4,8,46,49,53,55,56,62,82,84,88,96,99" machi="62" ten="20,8000,1" yaku="1,1,0,1,7,1,54,1,53,1" doraHai="63" doraHaiUra="52" who="2" fromWho="2" sc="220,-21,260,-41,240,103,260,-21" /><INIT seed="2,0,0,5,4,86" ten="199,219,343,239" oya="2" hai0="10,9,80,96,110,128,73,90,25,135,102,6,78" hai1="100,71,130,18,81,111,21,107,101,61,70,84,124" hai2="15,121,67,30,77,99,53,87,31,43,69,66,59" hai3="134,118,123,40,57,20,37,14,126,11,133,129,28"/><V75/><F75/><W56/><G118/><T7/><D110/><U39/><E111/><V76/><F121/><W22/><G123/><T44/><D128/><U38/><E124/><V24/><F43/><W17/><G129/><T58/><D135/><N who="3" m="51721" /><G126/><T93/><D58/><N who="3" m="22633" /><G28/><T104/><D25/><U23/><E130/><V106/><F31/><W82/><G82/><T79/><D79/><U85/><E81/><V49/><F77/><W94/><G94/><T45/><D9/><U16/><E61/><V29/><F29/><W115/><G115/><T63/><D63/><U125/><E125/><V119/><F106/><AGARI ba="0,0" hai="16,18,21,23,38,39,70,71,84,85,100,101,106,107" machi="106" ten="25,3200,0" yaku="22,2,54,1" doraHai="86" who="1" fromWho="2" sc="199,0,219,32,343,-32,239,0" /><INIT seed="3,0,0,3,3,101" ten="199,251,311,239" oya="3" hai0="58,15,99,17,110,107,81,13,125,47,20,65,134" hai1="64,39,98,41,115,31,117,104,18,16,6,119,7" hai2="52,86,122,85,131,79,124,133,2,112,22,4,57" hai3="11,114,100,34,45,82,36,51,96,27,118,91,109"/><W128/><G114/><T105/><D110/><U103/><E115/><V53/><F112/><W44/><G118/><N who="1" m="45066" /><E64/><V50/><F122/><W120/><G120/><T10/><D134/><U8/><E31/><V26/><F131/><W55/><G128/><T32/><D32/><U89/><E89/><V37/><F37/><W63/><G109/><T111/><D111/><U73/><E73/><V72/><F124/><W5/><G36/><T75/><D125/><U92/><E92/><V126/><F79/><W19/><G91/><T106/><D47/><N who="1" m="23999" /><E6/><V129/><F72/><W48/><G82/><T49/><D99/><U76/><E76/><V28/><F126/><W29/><G19/><T54/><D65/><U87/><E87/><V90/><F133/><W102/><G96/><T70/><D70/><U9/><E9/><V61/><F90/><W35/><G35/><T97/><D97/><U74/><E74/><V59/><F129/><W127/><G127/><T123/><D123/><U0/><AGARI ba="0,0" hai="0,7,8,16,18,98,103,104" m="23999,45066" machi="0" ten="30,4000,0" yaku="12,1,52,1,54,1" doraHai="101" who="1" fromWho="1" sc="199,-10,251,40,311,-10,239,-20" owari="189,-31.1,291,9.1,301,40.1,219,-18.1" /></mjloggm>