<mjloggm ver="2.3"><GO type="225" lobby="0"/><UN n0="%E9%80%86%E9%80%A3%E5%B8%AF%E3%81%AE%E9%AC%BC" n1="%E5%8D%A0%E3%81%84%E5%B8%AB%E8%A3%8F%E3%81%AA%E3%81%84%E3%81%97" n2="%E6%98%93%E5%88%A9%E8%96%A9%E4%BC%AF" n3="%E9%B3%B3%E6%9D%B1%E3%81%AE%E3%81%86%E3%81%95%E3%81%8E%E3%81%95%E3%82%93" dan="17,17,17,17" rate="2111.77,2244.34,2147.75,2190.11" sx="M,M,F,M"/><TAIKYOKU oya="0"/><INIT seed="0,0,0,2,3,70" ten="250,250,250,250" oya="0" hai0="74,65,2,13,112,56,7,81,94,118,96,8,121" hai1="102,9,110,19,60,52,85,100,31,57,72,27,126" hai2="25,131,63,36,17,99,89,90,115,79,50,120,86" hai3="64,4,69,30,26,20,133,68,104,37,35,77,101"/><T28/><D118/><U135/><E72/><V125/><F120/><W91/><G133/><T45/><D121/><U78/><E110/><V12/><F115/><W129/><G129/><T98/><D112/><U59/><E135/><V41/><F125/><W114/><G114/><T39/><D28/><U34/><E126/><V47/><F25/><W134/><G134/><T103/><D98/><U54/><E19/><V105/><F63/><W95/><G77/><T23/><D23/><U44/><E44/><V106/><F131/><W33/><G4/><T61/><D13/><U109/><E9/><V73/><F73/><W16/><G37/><T119/><D119/><U130/><E109/><V108/><F108/><W124/><G124/><T22/><D22/><U24/><E24/><V97/><F79/><W21/><G21/><T11/><D11/><U111/><E130/><V43/><F43/><W67/><G69/><T76/><REACH who="0" step="1"/><D45/><REACH who="0" ten="240,250,250,250" step="2"/><U93/><E111/><V83/><F99/><N who="3" m="57855" /><G30/><T38/><AGARI ba="0,1" hai="2,7,8,38,39,56,61,65,74,76,81,94,96,103" machi="38" ten="30,12000,1" yaku="1,1,0,1,52,2,53,1" doraHai="70" doraHaiUra="6" who="0" fromWho="0" sc="240,130,250,-40,250,-40,250,-40" /><INIT seed="0,1,0,3,0,47" ten="370,210,210,210" oya="0" hai0="116,130,37,65,79,107,82,91,67,26,78,2,41" hai1="96,103,125,118,88,101,61,27,60,14,69,66,113" hai2="80,104,52,3,77,127,19,28,133,10,54,45,93" hai3="24,74,63,109,55,38,119,15,46,115,40,6,20"/><T56/><D116/><U9/><E118/><V5/><F104/><W121/><G115/><T76/><D107/><U70/><E113/><V90/><F133/><W72/><G119/><T132/><D2/><U89/><E125/><V94/><F28/><W16/><G109/><T87/><D132/><U30/><E61/><V33/><F33/><W129/><G129/><T39/><D130/><U18/><E69/><V99/><F127/><W23/><G121/><T51/><D26/><U95/><REACH who="1" step="1"/><E101/><REACH who="1" ten="370,200,210,210" step="2"/><V59/><F19/><W64/><G6/><T68/><D68/><U34/><AGARI ba="1,1" hai="9,14,18,27,30,34,60,66,70,88,89,95,96,103" machi="34" ten="20,8000,1" yaku="1,1,2,1,0,1,7,1,54,1,53,0" doraHai="47" doraHaiUra="134" who="1" fromWho="1" sc="370,-41,200,93,210,-21,210,-21" /><INIT seed="1,0,0,1,3,65" ten="329,293,189,189" oya="1" hai0="35,99,27,98,127,85,8,67,129,12,9,108,41" hai1="7,77,134,5,50,122,83,60,22,74,39,24,124" hai2="14,20,103,61,128,94,81,48,57,135,53,64,107" hai3="120,49,119,125,131,55,79,102,47,1,18,36,90"/><U110/><E122/><V19/><F128/><W70/><G120/><T52/><D129/><U4/><E39/><V34/><F34/><W28/><G131/><T56/><D108/><U113/><E113/><V97/><F135/><W117/><G125/><T100/><D127/><U72/><E124/><V126/><F126/><W114/><G114/><T133/><D133/><U93/><E134/><V44/><REACH who="2" step="1"/><F81/><REACH who="2" ten="329,293,179,189" step="2"/><W32/><G32/><T78/><D35/><U30/><E110/><V31/><F31/><W111/><G28/><T121/><D121/><U40/><E93/><AGARI ba="0,1" hai="14,19,20,44,48,53,57,61,64,93,94,97,103,107" machi="93" ten="40,1300,0" yaku="1,1,53,0" doraHai="65" doraHaiUra="106" who="2" fromWho="1" sc="329,0,293,-13,179,23,189,0" /><INIT seed="2,0,0,0,5,135" ten="329,280,202,189" oya="2" hai0="73,11,91,6,71,110,33,62,5,93,32,31,107" hai1="39,55,108,48,63,77,26,3,0,83,131,14,121" hai2="4,122,41,69,30,75,115,70,1,7,82,112,132" hai3="2,17,98,47,116,38,117,54,60,28,44,102,79"/><V125/><F122/><W40/><G2/><T80/><D107/><U81/><E121/><V36/><F30/><W84/><G28/><T105/><D105/><U88/><E39/><V13/><F13/><W95/><G17/><T92/><D110/><U65/><E108/><V68/><F7/><W34/><G34/><T96/><D93/><U85/><E131/><V99/><F99/><W111/><G111/><T86/><D73/><U127/><E26/><V46/><F132/><W29/><G29/><T87/><D87/><U124/><E14/><V78/><REACH who="2" step="1"/><F125/><REACH who="2" ten="329,280,192,189" step="2"/><N who="1" m="48201" /><E0/><V126/><F126/><W10/><G10/><AGARI ba="0,1" hai="1,4,10,36,41,46,68,69,70,75,78,82,112,115" machi="10" ten="40,12000,1" yaku="1,1,25,2,23,2,53,0" doraHai="135" doraHaiUra="114" who="2" fromWho="3" sc="329,0,280,0,192,130,189,-120" /><INIT seed="2,1,0,3,5,134" ten="329,280,322,69" oya="2" hai0="19,60,36,32,84,13,125,16,114,91,45,110,112" hai1="76,68,133,126,115,63,99,75,88,34,93,78,117" hai2="64,98,81,46,121,52,94,118,9,23,120,71,113" hai3="66,14,6,135,12,56,96,72,104,55,7,83,53"/><V42/><F113/><W127/><G135/><T100/><D32/><U122/><E117/><V65/><F118/><W4/><G72/><T28/><D110/><U35/><E122/><V5/><F81/><W38/><G38/><T29/><D100/><U67/><E115/><V116/><F116/><W1/><G1/><T33/><D33/><U58/><E133/><V24/><F71/><W74/><G104/><T129/><D129/><U47/><E126/><V62/><F121/><W79/><G96/><T130/><D130/><U97/><E97/><V49/><F62/><W41/><G41/><T89/><D60/><U10/><E76/><V128/><F42/><W70/><G70/><T106/><D106/><U57/><E47/><V69/><F69/><W0/><G0/><T21/><D125/><U17/><E35/><V80/><F80/><W25/><G127/><T50/><D36/><U11/><E34/><V95/><F95/><W132/><G132/><T61/><D61/><N who="1" m="38319" /><E68/><V43/><F43/><W131/><G131/><T86/><D45/><U111/><E17/><V26/><F120/><W39/><G39/><T31/><D50/><U20/><E20/><V51/><F51/><W48/><G66/><N who="2" m="25705" /><F23/><W59/><REACH who="3" step="1"/><G25/><REACH who="3" ten="329,280,322,59" step="2"/><T3/><D3/><U77/><E75/><V124/><F124/><W54/><G54/><T73/><D73/><U8/><E111/><V18/><F128/><W15/><G15/><N who="0" m="9375" /><D114/><U103/><E103/><V90/><F26/><W87/><G87/><N who="0" m="33323" /><D112/><U105/><E105/><V123/><F123/><W37/><G37/><T92/><D13/><U85/><E85/><RYUUKYOKU ba="1,1" sc="329,-15,280,15,322,-15,59,15" hai1="8,10,11,58,63,77,78,88,93,99" hai3="4,6,7,12,14,48,53,55,56,59,74,79,83" /><INIT seed="3,2,1,4,5,106" ten="314,295,307,74" oya="3" hai0="70,8,53,28,54,10,79,118,72,92,43,80,100" hai1="77,29,111,71,56,125,116,61,74,51,36,83,41" hai2="69,94,105,95,115,32,52,134,87,131,133,45,30" hai3="31,12,0,59,20,58,18,25,27,37,65,66,67"/><W101/><G37/><T57/><D70/><U22/><E111/><V119/><F69/><W68/><G68/><T24/><D118/><U107/><E107/><V1/><F115/><W113/><G113/><T76/><D76/><U129/><E116/><V97/><F1/><W38/><G38/><T104/><D104/><U123/><E123/><V26/><F131/><W78/><G0/><T128/><D128/><U63/><E129/><V130/><F119/><W98/><G78/><T91/><D100/><U85/><E125/><V44/><F130/><W15/><G15/><T46/><D46/><N who="2" m="18026" /><F52/><W6/><G6/><T40/><D54/><N who="1" m="31839" /><E74/><V60/><F60/><N who="1" m="23113" /><E36/><V117/><F87/><W82/><G82/><T122/><D122/><U14/><E71/><V7/><F7/><W84/><G84/><T90/><D43/><U73/><E73/><V21/><F32/><W11/><REACH who="3" step="1"/><G25/><REACH who="3" ten="314,295,307,64" step="2"/><T5/><D24/><N who="1" m="16535" /><E14/><V39/><F39/><W16/><G16/><T96/><D5/><U121/><E121/><V102/><F117/><W50/><G50/><T4/><D4/><U19/><E19/><V124/><F124/><W120/><G120/><T49/><D49/><U34/><E34/><V13/><F13/><W47/><G47/><T33/><D33/><U88/><E77/><V86/><F86/><W110/><G110/><T2/><D2/><U81/><E83/><V35/><F35/><W112/><G112/><T99/><D80/><U48/><E48/><V17/><F17/><W55/><G55/><T108/><D79/><U42/><AGARI ba="2,2" hai="41,42,81,85,88" m="16535,23113,31839" machi="42" ten="30,2000,0" yaku="8,1,54,1" doraHai="106" who="1" fromWho="1" sc="314,-7,295,46,307,-7,64,-12" owari="307,10.7,341,44.1,300,-10.0,52,-44.8" /></mjloggm>