<mjloggm ver="2.3"><GO type="225" lobby="0"/><UN n0="%E3%81%95%E3%81%8D%E3%81%9F%E3%81%BE%E6%9E%97%E6%AA%8E" n1="%E3%82%BC%E3%83%AB%E3%83%80%E3%81%AE%E4%BC%9D%E8%AA%AC" n2="%E3%83%81%E3%83%83%E3%82%BF%E3%82%BD%E3%83%BC" n3="%E3%82%A2%E3%83%9E%E3%83%9D%EF%BD%9E%EF%BD%9E%E3%83%A9" dan="16,17,17,17" rate="2095.35,2147.99,2209.50,2079.11" sx="M,M,F,M"/><TAIKYOKU oya="0"/><INIT seed="0,0,0,0,2,122" ten="250,250,250,250" oya="0" hai0="105,1,23,134,61,67,126,21,65,63,79,7,16" hai1="119,133,13,95,9,90,118,57,96,125,76,32,100" hai2="115,25,45,12,8,35,31,71,112,103,2,120,43" hai3="59,38,47,39,69,53,93,42,110,54,64,101,4"/><T124/><D105/><U116/><E32/><V28/><F71/><W17/><G4/><T86/><D134/><U117/><E133/><V135/><F120/><W123/><G123/><T129/><D129/><U19/><E125/><N who="0" m="48233" /><D1/><U34/><E34/><V109/><F135/><W94/><G39/><T3/><D3/><U49/><N who="1" m="29696" /><DORA hai="88" /><U73/><E100/><V128/><F128/><W11/><G54/><T91/><D79/><U48/><REACH who="1" step="1"/><E57/><REACH who="1" ten="250,240,250,250" step="2"/><V83/><F112/><W24/><G101/><T15/><D7/><U56/><E56/><V108/><F115/><W106/><G59/><T81/><D23/><U18/><E18/><V97/><F35/><W111/><G17/><T46/><D46/><U82/><AGARI ba="0,1" hai="9,13,19,48,49,73,76,82,90,95,96" m="29696" machi="82" ten="60,7900,0" yaku="1,1,0,1,52,1,53,0" doraHai="122,88" doraHaiUra="121,33" who="1" fromWho="1" sc="250,-39,240,89,250,-20,250,-20" /><INIT seed="1,0,0,3,1,61" ten="211,329,230,230" oya="1" hai0="121,19,80,104,117,105,73,79,50,75,58,98,123" hai1="49,53,33,20,89,39,37,132,7,134,107,114,15" hai2="119,41,112,111,17,83,47,2,51,34,3,64,13" hai3="85,74,125,35,82,94,70,30,0,63,95,27,26"/><U72/><E114/><V55/><F119/><W62/><G74/><N who="0" m="43127" /><D19/><U14/><E33/><V10/><F112/><W128/><G125/><T93/><D50/><U68/><E72/><N who="0" m="27721" /><D58/><U5/><E107/><N who="0" m="41033" /><D117/><U101/><E68/><V16/><F34/><W45/><G0/><T65/><D65/><U88/><E101/><AGARI ba="0,0" hai="93,98,101,121,123" m="41033,27721,43127" machi="101" ten="30,2000,0" yaku="34,2" doraHai="61" who="0" fromWho="1" sc="211,20,329,-20,230,0,230,0" /><INIT seed="2,0,0,2,3,111" ten="231,309,230,230" oya="2" hai0="5,55,96,135,57,43,103,17,56,95,24,127,29" hai1="120,78,88,61,83,70,8,38,2,51,101,15,6" hai2="128,33,85,74,121,3,1,109,75,92,94,9,102" hai3="59,48,99,12,30,35,45,71,98,125,131,7,133"/><V76/><F33/><W123/><G123/><T16/><D127/><U54/><E38/><V19/><F121/><W100/><G71/><T25/><D135/><U116/><E120/><V124/><F124/><W122/><G122/><T37/><D5/><U62/><E116/><V126/><F126/><W130/><G133/><T104/><D104/><U20/><E101/><V91/><F128/><N who="3" m="49195" /><G125/><T18/><D37/><U134/><E134/><V90/><F109/><W114/><G59/><T115/><D115/><U87/><E70/><V34/><F34/><W53/><G114/><T40/><D57/><U50/><E50/><V60/><F60/><N who="1" m="23145" /><E2/><V81/><F102/><W68/><G68/><T26/><REACH who="0" step="1"/><D29/><REACH who="0" ten="221,309,230,230" step="2"/><U14/><E6/><V117/><F117/><W46/><G30/><T93/><D93/><U107/><E107/><V22/><F3/><W86/><G7/><T4/><D4/><U106/><E106/><V65/><F1/><W112/><G112/><T44/><D44/><U73/><E14/><V77/><F94/><W13/><G12/><T23/><D23/><U72/><E20/><V52/><F92/><W11/><G35/><T27/><N who="0" m="6144" /><DORA hai="97" /><T118/><D118/><U41/><E15/><V63/><F22/><W32/><G32/><T47/><D47/><U84/><E8/><V39/><F39/><W108/><G46/><T79/><D79/><U58/><E78/><V129/><F76/><W36/><G36/><T105/><D105/><U113/><E113/><V89/><F77/><W66/><G11/><T69/><D69/><U0/><E0/><V132/><F132/><RYUUKYOKU ba="0,1" sc="221,30,309,-10,230,-10,230,-10" hai0="16,17,18,40,43,55,56,95,96,103" /><INIT seed="3,1,1,5,3,92" ten="251,299,220,220" oya="3" hai0="55,104,76,56,18,58,95,8,3,25,62,12,61" hai1="27,77,78,32,71,117,122,21,129,131,17,50,37" hai2="4,67,10,23,125,93,46,109,47,96,97,54,44" hai3="70,42,100,81,105,128,15,51,112,101,38,130,57"/><W74/><G112/><T63/><D104/><U124/><E122/><V59/><F109/><W28/><G70/><T1/><D76/><U127/><E37/><V111/><F111/><W103/><G38/><T91/><D1/><U11/><E117/><V116/><F116/><W79/><G105/><T60/><D3/><U49/><E71/><V66/><F125/><N who="1" m="48201" /><E32/><V22/><F66/><W75/><G28/><T53/><D25/><U119/><E119/><V115/><F67/><W68/><G68/><T13/><D13/><N who="1" m="7359" /><E50/><N who="2" m="31191" /><F115/><W89/><G75/><T121/><D121/><U114/><E49/><V45/><N who="2" m="11264" /><DORA hai="106" /><V69/><F69/><W82/><G42/><T98/><AGARI ba="1,1" hai="8,12,18,53,55,56,58,60,61,62,63,91,95,98" machi="98" ten="20,8000,1" yaku="0,1,7,1,9,1,8,1,52,1" doraHai="92,106" who="0" fromWho="0" sc="251,93,299,-21,220,-21,220,-41" owari="344,44.4,278,7.8,199,-20.1,179,-32.1" /></mjloggm>