<mjloggm ver="2.3"><GO type="225" lobby="0"/><UN n0="%E6%A1%9C%E8%8A%B1%E9%96%83%E3%80%85" n1="%E3%81%8B%E3%82%8F%E3%81%A1%E3%82%83%E3%82%93%35%38" n2="%E3%81%BF%E3%81%BF%E3%81%9A" n3="%47%48%4F%53%54" dan="16,16,17,18" rate="2140.80,2130.05,2165.33,2207.49" sx="M,M,M,M"/><TAIKYOKU oya="0"/><INIT seed="0,0,0,0,4,130" ten="250,250,250,250" oya="0" hai0="40,77,68,80,10,124,71,123,113,12,50,114,39" hai1="108,119,48,37,43,36,111,27,97,17,16,132,32" hai2="3,11,52,41,26,93,133,66,122,55,74,47,46" hai3="92,65,53,78,57,129,79,100,115,14,131,104,116"/><T28/><D123/><U118/><E97/><V117/><F122/><W94/><G115/><T82/><D39/><N who="1" m="14923" /><E43/><V88/><F74/><W112/><G65/><T64/><D124/><U76/><E48/><N who="2" m="26703" /><F3/><W69/><G14/><T56/><D28/><U4/><E4/><V73/><F73/><W87/><G116/><N who="1" m="44586" /><E76/><N who="3" m="29226" /><G69/><T9/><D40/><U59/><E59/><V135/><F117/><W34/><G34/><T24/><D24/><U20/><E32/><V128/><F128/><N who="3" m="49227" /><G87/><T120/><D120/><U70/><E70/><V44/><F66/><W2/><G2/><T96/><D64/><U86/><E86/><N who="2" m="52375" /><F11/><W5/><G112/><T105/><D9/><U21/><E27/><V101/><F101/><W62/><G5/><N who="0" m="3151" /><D68/><U84/><E84/><V106/><BYE who="1" /><F106/><W8/><G8/><T72/><D71/><U25/><E25/><V95/><F26/><W51/><G51/><UN n1="%E3%81%8B%E3%82%8F%E3%81%A1%E3%82%83%E3%82%93%35%38" /><T90/><D114/><U125/><E125/><V121/><F95/><W126/><G126/><T109/><D113/><U54/><E54/><N who="2" m="20523" /><F121/><W81/><G81/><T19/><D82/><U91/><E91/><V49/><F49/><W33/><G33/><T58/><D90/><U45/><E45/><V107/><F107/><W22/><G104/><T102/><D50/><U0/><E0/><V30/><F30/><W18/><G100/><T110/><D56/><U15/><E132/><AGARI ba="0,0" hai="44,47,132,133,135" m="20523,52375,26703" machi="132" ten="30,12000,2" yaku="20,1,52,3,54,2" doraHai="130" who="2" fromWho="1" sc="250,0,250,-120,250,120,250,0" /><INIT seed="1,0,0,2,5,133" ten="250,130,370,250" oya="1" hai0="83,127,94,77,16,86,115,80,43,45,121,33,117" hai1="9,41,46,39,90,101,82,37,5,11,14,108,18" hai2="56,135,42,89,106,68,129,112,70,123,59,122,69" hai3="64,74,0,27,62,134,98,105,31,13,132,36,97"/><U114/><E114/><V40/><F106/><W34/><G0/><T71/><D115/><U7/><E108/><V23/><F135/><N who="3" m="51755" /><G36/><T61/><D117/><U2/><E101/><V30/><F129/><W1/><G1/><T10/><D33/><U38/><E90/><V103/><F103/><N who="3" m="62703" /><G98/><T78/><D121/><U73/><REACH who="1" step="1"/><E7/><REACH who="1" ten="250,120,370,250" step="2"/><V120/><F112/><W88/><G88/><T8/><D78/><AGARI ba="0,1" hai="2,5,9,11,14,18,37,38,39,41,46,73,78,82" machi="78" ten="40,12000,1" yaku="1,1,2,1,25,2,53,1" doraHai="133" doraHaiUra="32" who="1" fromWho="0" sc="250,-120,120,130,370,0,250,0" /><INIT seed="1,1,0,0,2,120" ten="130,250,370,250" oya="1" hai0="100,86,31,111,133,59,131,0,119,104,45,117,88" hai1="36,53,57,55,98,38,81,41,101,113,114,71,42" hai2="9,12,103,63,22,20,62,51,40,126,130,116,95" hai3="32,28,26,83,135,47,8,25,56,87,72,97,30"/><U99/><E81/><V52/><F116/><W84/><G135/><T96/><D0/><U64/><E101/><V3/><F3/><W92/><G8/><T89/><D133/><U108/><E57/><N who="2" m="32927" /><F40/><W90/><G47/><T27/><D131/><U69/><REACH who="1" step="1"/><E64/><REACH who="1" ten="130,240,370,250" step="2"/><V23/><F130/><W110/><G56/><T34/><D59/><U54/><E54/><V74/><F74/><W37/><G83/><T2/><D89/><U127/><E127/><V115/><F126/><W134/><G72/><T33/><D117/><U18/><E18/><N who="2" m="8463" /><F115/><W79/><G90/><T39/><D119/><U106/><E106/><V107/><F107/><W46/><G134/><T129/><D129/><U13/><E13/><V49/><F49/><W11/><G79/><T44/><D2/><U125/><E125/><V17/><F17/><W61/><G37/><T21/><D39/><U70/><E70/><V93/><F103/><W1/><G1/><T76/><D76/><U109/><AGARI ba="1,1" hai="36,38,41,42,53,55,69,71,98,99,108,109,113,114" machi="109" ten="25,18000,2" yaku="1,1,0,1,22,2,52,2,53,0" doraHai="120" doraHaiUra="77" who="1" fromWho="1" sc="130,-61,240,193,370,-61,250,-61" /><INIT seed="1,2,0,5,2,94" ten="69,433,309,189" oya="1" hai0="17,99,129,38,114,33,6,96,93,29,92,19,20" hai1="2,77,87,10,25,56,116,27,80,133,90,24,71" hai2="36,64,61,109,23,113,106,132,130,15,82,40,65" hai3="51,62,5,53,112,103,127,42,30,107,47,14,122"/><U118/><E71/><V110/><F106/><W18/><G112/><T45/><D114/><U98/><E133/><V41/><F113/><W37/><G122/><T81/><D33/><U13/><E2/><V121/><F132/><W95/><G127/><T128/><D6/><U79/><E118/><V49/><F121/><W134/><G134/><T32/><D32/><U123/><E116/><V31/><F36/><W72/><G72/><T22/><D81/><U97/><E56/><V48/><F130/><W101/><G5/><T54/><D54/><U60/><E60/><V83/><F15/><W68/><G30/><T28/><D45/><U44/><E44/><V91/><F91/><W8/><G95/><T111/><REACH who="0" step="1"/><D38/><REACH who="0" ten="59,433,309,189" step="2"/><U120/><E120/><V21/><F61/><W11/><G62/><T50/><D50/><U26/><E123/><V66/><F66/><W104/><G37/><T119/><D119/><U9/><E80/><V67/><F65/><W86/><G53/><T78/><D78/><U69/><E79/><V4/><F4/><W75/><G51/><T124/><D124/><U57/><E77/><V1/><F1/><W131/><G47/><T55/><D55/><U12/><N who="1" m="6144" /><DORA hai="115" /><U3/><E3/><V102/><F31/><W84/><G131/><T0/><D0/><U74/><E74/><V46/><F46/><W58/><G68/><T88/><D88/><U100/><E69/><V16/><F16/><W59/><G18/><T126/><D126/><U135/><E90/><V108/><F110/><AGARI ba="2,1" hai="17,19,20,22,28,29,92,93,96,99,110,111,128,129" machi="110" ten="25,8000,1" yaku="1,1,22,2,52,2,53,0" doraHai="94,115" doraHaiUra="70,117" who="0" fromWho="2" sc="59,96,433,0,309,-86,189,0" /><INIT seed="2,0,0,1,1,26" ten="155,433,223,189" oya="2" hai0="123,46,6,11,36,87,42,43,5,7,45,84,40" hai1="131,120,50,41,129,79,28,132,119,110,135,53,68" hai2="16,48,100,134,2,112,102,3,108,66,62,114,30" hai3="116,0,74,76,65,13,12,55,34,17,86,58,51"/><V31/><F48/><W91/><G116/><T113/><D123/><U80/><E119/><V69/><F134/><N who="1" m="51241" /><E110/><V47/><F47/><N who="0" m="17930" /><D113/><U27/><E41/><N who="0" m="10497" /><T130/><DORA hai="22" /><D36/><U81/><E68/><V18/><F69/><W39/><G39/><T61/><D130/><N who="1" m="49675" /><E79/><V83/><F83/><W90/><G34/><T35/><D35/><N who="1" m="20895" /><E120/><V92/><F108/><W126/><G76/><T20/><D11/><U10/><E10/><V56/><F112/><W29/><G74/><T77/><D77/><U133/><E133/><V15/><F114/><W98/><G90/><T19/><D61/><U71/><E71/><V78/><F78/><W109/><G91/><T1/><D1/><U88/><E88/><V125/><F2/><W82/><G0/><T67/><D20/><U59/><AGARI ba="0,0" hai="50,53,59,80,81" m="20895,49675,51241" machi="59" ten="30,7900,0" yaku="20,1,19,1,52,2" doraHai="26,22" who="1" fromWho="1" sc="155,-20,433,79,223,-39,189,-20" /><INIT seed="3,0,0,1,0,127" ten="135,512,184,169" oya="3" hai0="45,35,70,42,47,116,24,117,34,93,124,85,115" hai1="8,119,55,100,41,15,130,49,69,129,32,92,60" hai2="87,5,134,81,125,64,97,110,133,72,9,65,57" hai3="66,36,14,61,19,99,82,98,122,17,26,111,1"/><W13/><G122/><T74/><D74/><U62/><E32/><V46/><F125/><W28/><G36/><T52/><D124/><U101/><E41/><V51/><F72/><W94/><G1/><T22/><D70/><U43/><E43/><N who="2" m="25055" /><F97/><W6/><G82/><T23/><D115/><U121/><E121/><V53/><F110/><W106/><G106/><T105/><D105/><U77/><E77/><N who="2" m="46511" /><F53/><W67/><G6/><T108/><D108/><U91/><E119/><V95/><F95/><W11/><G111/><T4/><D4/><N who="1" m="3463" /><E69/><V63/><F65/><W132/><G132/><T54/><D42/><U75/><E75/><V120/><F120/><W123/><G123/><T12/><D93/><U128/><E49/><V7/><F7/><W20/><G61/><N who="1" m="23658" /><E55/><V39/><F39/><W71/><G71/><T21/><D21/><U18/><E18/><V44/><F44/><W86/><G86/><AGARI ba="0,0" hai="86,91,92,100,101,128,129,130" m="23658,3463" machi="86" ten="30,7700,0" yaku="19,1,52,3" doraHai="127" who="1" fromWho="3" sc="135,0,512,77,184,0,169,-77" owari="135,-26.5,589,68.9,184,-1.6,92,-40.8" /></mjloggm>