<mjloggm ver="2.3"><GO type="225" lobby="0"/><UN n0="%E7%9C%BC%E7%A7%91%E5%8C%BB" n1="%72%69%6F%75%63%68%61%6E" n2="%E6%B4%BE%E9%81%A3%E3%81%AE%E3%82%B8%E3%83%A3%E3%83%83%E3%82%AF" n3="%E7%B4%94%E6%BD%94%E3%83%94%E3%83%A9%E3%83%8B%E3%82%A2" dan="16,16,17,17" rate="2144.07,2201.90,2201.78,2240.00" sx="M,M,M,M"/><TAIKYOKU oya="0"/><INIT seed="0,0,0,2,0,100" ten="250,250,250,250" oya="0" hai0="37,122,15,23,97,62,73,69,113,71,0,126,99" hai1="115,7,103,45,80,60,52,40,12,101,5,63,104" hai2="87,109,19,24,79,76,131,121,61,111,34,46,119" hai3="56,65,55,33,29,86,64,129,49,43,108,26,130"/><T54/><D0/><U128/><E128/><N who="3" m="49258" /><G108/><N who="2" m="41545" /><F131/><W78/><G43/><T125/><D113/><U2/><E115/><V11/><F121/><W38/><G38/><T67/><D37/><U1/><E80/><AGARI ba="0,0" hai="26,29,33,49,55,56,64,65,78,80,86" m="49258" machi="80" ten="30,1000,0" yaku="19,1" doraHai="100" who="3" fromWho="1" sc="250,0,250,-10,250,0,250,10" /><INIT seed="1,0,0,4,3,53" ten="250,240,250,260" oya="1" hai0="122,124,51,21,132,15,113,38,26,35,108,115,22" hai1="106,52,103,13,88,81,98,74,96,130,42,59,39" hai2="110,63,29,79,55,19,50,93,58,36,25,17,10" hai3="43,131,68,90,2,117,97,16,114,105,133,100,112"/><U135/><E130/><V32/><F110/><W102/><G68/><T40/><D38/><U8/><E135/><V123/><F36/><W121/><G121/><T129/><D40/><U73/><E42/><V6/><F123/><W107/><G2/><T134/><D51/><U1/><E1/><V33/><F33/><W85/><G43/><T34/><D122/><U127/><E127/><V104/><F104/><W47/><G47/><T111/><D15/><U70/><E70/><V9/><F79/><W27/><G27/><T28/><D26/><U31/><E31/><V92/><F50/><W89/><G16/><T0/><D0/><U65/><E65/><V76/><F76/><W91/><G117/><T11/><D11/><U62/><E39/><V57/><F9/><W126/><G131/><T20/><D129/><U67/><E67/><V41/><F41/><W72/><G72/><T4/><D22/><U3/><E3/><V80/><F10/><W56/><G133/><T5/><REACH who="0" step="1"/><D28/><REACH who="0" ten="240,240,250,260" step="2"/><U24/><E24/><V83/><F25/><W125/><G126/><AGARI ba="0,1" hai="4,5,20,21,34,35,108,111,113,115,124,126,132,134" machi="126" ten="25,12000,2" yaku="1,1,2,1,22,2,34,3,53,0" doraHai="53" doraHaiUra="49" who="0" fromWho="3" sc="240,130,240,0,250,0,260,-120" /><INIT seed="2,0,0,2,0,58" ten="370,240,250,140" oya="2" hai0="102,53,129,92,47,98,9,74,116,64,67,55,85" hai1="18,121,73,3,80,89,101,54,100,35,135,21,126" hai2="87,106,0,42,99,107,60,13,56,10,68,71,91" hai3="123,16,108,29,15,44,122,104,94,119,34,131,111"/><V12/><F0/><W133/><G94/><T24/><D74/><U7/><E35/><V90/><F42/><W36/><G104/><T23/><D129/><U114/><E114/><V78/><F78/><W105/><G105/><T45/><D116/><U26/><E126/><V17/><F106/><W31/><G44/><T79/><D9/><U48/><E135/><V84/><F107/><W63/><G63/><T134/><D134/><U52/><E121/><N who="3" m="46090" /><G36/><T120/><D120/><U20/><E54/><N who="0" m="20489" /><D85/><N who="1" m="50343" /><E3/><V70/><F99/><W41/><G41/><T117/><D117/><U19/><E7/><V5/><F84/><W103/><G103/><T8/><D8/><U118/><E73/><V82/><F90/><W77/><G77/><T115/><D115/><U65/><E65/><N who="0" m="25161" /><D79/><U32/><E32/><V40/><F40/><W125/><G133/><T39/><D39/><U96/><E96/><V59/><F59/><W22/><G119/><T61/><D61/><U69/><E69/><V37/><F37/><W27/><G125/><T128/><D128/><U11/><E11/><V66/><F71/><W109/><G31/><AGARI ba="0,0" hai="23,24,31,45,47,92,98,102" m="25161,20489" machi="31" ten="30,1000,0" yaku="8,1" doraHai="58" who="0" fromWho="3" sc="370,10,240,0,250,0,140,-10" /><INIT seed="3,0,0,4,0,109" ten="380,240,250,130" oya="3" hai0="24,131,71,30,99,42,46,49,33,98,10,97,95" hai1="134,29,74,72,81,16,104,106,27,37,127,87,126" hai2="130,62,110,45,54,91,69,107,85,57,105,122,119" hai3="124,22,4,83,103,19,63,112,55,0,96,114,15"/><W93/><G124/><N who="1" m="47658" /><E37/><V76/><F119/><W3/><G83/><T9/><D71/><U94/><E134/><V68/><F110/><W121/><G121/><T90/><REACH who="0" step="1"/><D131/><REACH who="0" ten="370,240,250,130" step="2"/><U100/><E94/><V67/><F69/><W38/><G38/><T23/><D23/><N who="1" m="13799" /><E29/><V135/><F68/><W28/><G28/><T25/><D25/><U66/><E66/><V59/><F130/><W132/><G132/><T78/><D78/><N who="1" m="46519" /><E100/><V8/><F67/><W35/><G35/><T7/><D7/><U56/><E56/><V32/><F59/><W6/><G4/><T80/><D80/><U41/><E41/><V12/><F32/><W43/><G43/><T73/><D73/><AGARI ba="0,1" hai="72,73,74,104,106" m="46519,13799,47658" machi="73" ten="30,2000,0" yaku="18,1,54,1" doraHai="109" who="1" fromWho="0" sc="370,-20,240,30,250,0,130,0" owari="350,45.0,270,7.0,250,-15.0,130,-37.0" /></mjloggm>