<mjloggm ver="2.3"><GO type="225" lobby="0"/><UN n0="%E3%81%8C%E3%81%9F" n1="%E3%81%A4%E3%81%A3%E3%81%B1%E3%82%8A%E3%83%9D%E3%83%BC%E3%83%AB" n2="%E4%BF%BA%E3%81%A8%E5%A6%96%E5%A4%A2" n3="%E9%B3%B3%E6%9D%B1%E3%81%AE%E3%81%86%E3%81%95%E3%81%8E%E3%81%95%E3%82%93" dan="17,17,16,17" rate="2175.57,2156.86,2104.35,2180.94" sx="F,M,F,M"/><TAIKYOKU oya="0"/><INIT seed="0,0,0,5,3,108" ten="250,250,250,250" oya="0" hai0="43,86,90,63,85,30,38,73,14,113,65,115,104" hai1="64,82,117,106,76,127,62,12,48,105,7,51,92" hai2="15,42,125,24,54,103,56,23,98,83,25,95,52" hai3="132,109,46,66,123,4,77,120,13,32,0,21,119"/><T27/><D73/><U33/><E117/><V93/><F125/><W124/><G119/><T9/><D104/><U107/><E127/><V122/><F122/><N who="3" m="46635" /><G124/><T50/><D38/><U67/><E33/><V79/><F42/><W80/><G109/><T102/><D102/><U99/><E12/><V6/><F93/><W58/><G32/><T96/><D50/><U75/><E7/><V91/><F103/><W87/><G132/><T44/><D96/><U101/><REACH who="1" step="1"/><E67/><REACH who="1" ten="250,240,250,250" step="2"/><V130/><F130/><W10/><G13/><T49/><D14/><U128/><E128/><V45/><F6/><W134/><G66/><T28/><D9/><U100/><E100/><V29/><F15/><W133/><G21/><T20/><D28/><U129/><E129/><V37/><F25/><W61/><G134/><T8/><D8/><U84/><E84/><V78/><F29/><W131/><G133/><T60/><D86/><U126/><E126/><V39/><F23/><W70/><G131/><T121/><D121/><U3/><E3/><V11/><F24/><W31/><G31/><T71/><REACH who="0" step="1"/><D63/><REACH who="0" ten="240,240,250,250" step="2"/><U112/><E112/><V22/><F11/><W59/><G61/><T53/><D53/><U94/><E94/><AGARI ba="0,2" hai="20,27,30,43,44,49,60,65,71,85,90,94,113,115" machi="94" ten="30,12000,1" yaku="1,1,7,1,52,2,53,1" doraHai="108" doraHaiUra="57" who="0" fromWho="1" sc="240,140,240,-120,250,0,250,0" /><INIT seed="0,1,0,1,2,131" ten="380,120,250,250" oya="0" hai0="39,115,14,33,45,123,58,0,32,100,1,72,93" hai1="63,10,97,6,110,86,76,73,119,107,90,82,56" hai2="81,94,36,62,114,112,71,79,52,85,60,18,20" hai3="109,80,50,13,77,96,5,44,68,54,121,75,9"/><T11/><D115/><U70/><E70/><V135/><F36/><W126/><G109/><T46/><D72/><U8/><E110/><V30/><F30/><W133/><G126/><T42/><D58/><U41/><E41/><V132/><F94/><W51/><G121/><T23/><D23/><U125/><E119/><V66/><F60/><W47/><G68/><T64/><D64/><U57/><E125/><V37/><F37/><W49/><G96/><T3/><D46/><U124/><E124/><V129/><F52/><W31/><G31/><T38/><D38/><U22/><E22/><V120/><F120/><W26/><G26/><T127/><D127/><U99/><E57/><V118/><F129/><W102/><G102/><T111/><D111/><U19/><E19/><V53/><F53/><W27/><G27/><T2/><D2/><U21/><E21/><V122/><F122/><W95/><G95/><T25/><D25/><U104/><E104/><V4/><F4/><W12/><G12/><T89/><D100/><U65/><E107/><V105/><F105/><W106/><G106/><T29/><D29/><U28/><E28/><V87/><F85/><W130/><G130/><T35/><D123/><U69/><E69/><V74/><F74/><W91/><G51/><T48/><D39/><U16/><E16/><V101/><F101/><W40/><G91/><T17/><REACH who="0" step="1"/><D1/><REACH who="0" ten="370,120,250,250" step="2"/><N who="1" m="79" /><E10/><V43/><F114/><W128/><G128/><T113/><D113/><U84/><E73/><V55/><F112/><W61/><G61/><T134/><D134/><U92/><E63/><V88/><F62/><RYUUKYOKU ba="1,1" sc="370,10,120,10,250,-30,250,10" hai0="0,3,11,14,17,32,33,35,42,45,48,89,93" hai1="56,65,76,82,84,86,90,92,97,99" hai3="5,9,13,40,44,47,49,50,54,75,77,80,133" /><INIT seed="0,2,1,2,5,30" ten="380,130,220,260" oya="0" hai0="66,2,95,108,110,71,117,34,59,8,56,124,122" hai1="132,134,70,47,80,100,130,64,33,65,15,118,35" hai2="39,10,89,97,18,48,51,0,31,114,21,131,107" hai3="128,92,9,125,78,79,26,82,23,81,99,101,28"/><T62/><D117/><U42/><E118/><V120/><F114/><W86/><G128/><T43/><D122/><U112/><E130/><V16/><F131/><W102/><G125/><T123/><D123/><U90/><E112/><V91/><F120/><W87/><REACH who="3" step="1"/><G9/><REACH who="3" ten="380,130,220,250" step="2"/><T12/><D124/><U67/><E70/><V44/><F39/><W58/><G58/><T24/><D56/><U54/><E100/><AGARI ba="2,2" hai="23,26,28,78,79,81,82,86,87,92,99,100,101,102" machi="100" ten="30,7700,0" yaku="1,1,7,1,9,1,8,1,53,0" doraHai="30" doraHaiUra="32" who="3" fromWho="1" sc="380,0,130,-83,220,0,250,103" /><INIT seed="1,0,0,4,5,12" ten="380,47,220,353" oya="1" hai0="109,113,25,59,40,50,65,91,115,103,85,63,129" hai1="45,114,100,10,61,119,88,98,72,106,71,84,127" hai2="130,112,35,22,18,107,48,28,94,86,120,2,111" hai3="81,42,47,76,11,80,44,58,1,30,102,14,125"/><U8/><E114/><V79/><F107/><W23/><G125/><T55/><D109/><U83/><E119/><V132/><F111/><W32/><G32/><T24/><D129/><U121/><E121/><V51/><F130/><W13/><G102/><T52/><D103/><U60/><E127/><V134/><F120/><W19/><G1/><T116/><D116/><U74/><E45/><V3/><F112/><W82/><G58/><T54/><D113/><U17/><E10/><V36/><F36/><W6/><G30/><T21/><D115/><U118/><E118/><V101/><F28/><W62/><G62/><T123/><D123/><U70/><E61/><V46/><F35/><W7/><G47/><N who="0" m="25959" /><D21/><U89/><E89/><V37/><F51/><N who="3" m="27031" /><G6/><T124/><D124/><U34/><E34/><V75/><F75/><W57/><G57/><T67/><D65/><U29/><E29/><V78/><F37/><W133/><G133/><T87/><D87/><AGARI ba="0,0" hai="7,11,13,14,19,23,76,80,81,82,87" m="27031" machi="87" ten="30,3900,0" yaku="25,1,8,1,52,1" doraHai="12" who="3" fromWho="0" sc="380,-39,47,0,220,0,353,39" /><INIT seed="2,0,0,1,3,104" ten="341,47,220,392" oya="2" hai0="122,52,88,103,125,44,114,6,67,50,90,95,128" hai1="120,108,106,23,28,8,124,55,24,5,74,65,22" hai2="33,76,19,0,14,69,11,34,94,20,102,113,53" hai3="89,98,73,119,26,84,9,3,82,85,97,45,1"/><V31/><F69/><W7/><G119/><T66/><D122/><U58/><E108/><V4/><F76/><W54/><G1/><T61/><D114/><U21/><E124/><V59/><F113/><W109/><G109/><T91/><D125/><U17/><E120/><V112/><F112/><W135/><G135/><T25/><D128/><U72/><E106/><V39/><F39/><W70/><G70/><T38/><D38/><U117/><E117/><V18/><F102/><W78/><G26/><T83/><D6/><U118/><E65/><N who="0" m="24585" /><D25/><U107/><E107/><V57/><F94/><W49/><REACH who="3" step="1"/><G85/><REACH who="3" ten="341,47,220,382" step="2"/><N who="0" m="50239" /><D61/><U43/><E118/><V86/><F86/><W100/><G100/><T96/><AGARI ba="0,1" hai="44,50,52,90,91,95,96,103" m="50239,24585" machi="96" ten="30,4000,0" yaku="8,1,54,2" doraHai="104" who="0" fromWho="0" sc="341,50,47,-10,220,-20,382,-10" /><INIT seed="3,0,0,3,1,38" ten="391,37,200,372" oya="3" hai0="123,52,46,23,107,78,15,4,69,105,80,11,51" hai1="33,37,99,113,89,108,50,71,61,96,112,126,76" hai2="25,55,10,68,100,79,118,132,85,111,9,44,24" hai3="60,82,34,91,54,5,40,121,84,64,12,59,18"/><W94/><G121/><T75/><D69/><U101/><E33/><V74/><F118/><W67/><G34/><T92/><D123/><U72/><E37/><V56/><F74/><W42/><G5/><T53/><D53/><U77/><E50/><V116/><F68/><W131/><G131/><T66/><D66/><N who="3" m="25129" /><G82/><T119/><D119/><U7/><E7/><V102/><F116/><W129/><G129/><T35/><D35/><U133/><E61/><V87/><F44/><W134/><G134/><T36/><D36/><U88/><E71/><V65/><F65/><W110/><G110/><T45/><D45/><U39/><E39/><V130/><F85/><W117/><G117/><T20/><REACH who="0" step="1"/><D92/><REACH who="0" ten="381,37,200,372" step="2"/><U43/><E43/><V17/><F55/><W109/><G109/><T0/><D0/><U97/><E108/><V95/><F95/><W128/><G128/><T90/><D90/><U47/><E47/><V27/><F102/><W16/><G18/><T41/><D41/><U135/><E99/><V86/><F130/><W83/><G94/><T63/><D63/><U8/><E8/><AGARI ba="0,1" hai="8,12,16,40,42,54,59,60,83,84,91" m="25129" machi="8" ten="30,11600,0" yaku="8,1,52,2,54,1" doraHai="38" who="3" fromWho="1" sc="381,0,37,-116,200,0,372,126" owari="381,18.1,-79,-57.9,200,-20.0,498,59.8" /></mjloggm>