<mjloggm ver="2.3"><GO type="225" lobby="0"/><UN n0="%E6%81%A5%E6%99%92%E3%81%97" n1="%E9%B3%B3%E6%9D%B1%E3%81%AE%E3%81%BF%E3%81%91%E3%81%AB%E3%82%83%E3%82%93" n2="%E3%81%BF%E3%81%BF%E3%81%9A" n3="%5C%28%E2%89%A7%E2%96%BD%E2%89%A6%29%2F" dan="16,16,17,16" rate="2115.36,2157.74,2258.31,2062.17" sx="M,F,M,M"/><TAIKYOKU oya="0"/><INIT seed="0,0,0,5,5,109" ten="250,250,250,250" oya="0" hai0="67,92,3,81,134,27,14,18,0,29,42,119,93" hai1="44,87,121,52,78,94,35,11,51,65,100,62,101" hai2="97,83,123,64,95,117,90,16,19,73,61,63,47" hai3="32,40,82,58,96,88,45,128,53,33,66,122,112"/><T103/><D119/><U48/><E121/><V49/><F123/><W41/><G122/><T37/><D134/><U13/><E35/><V10/><F117/><W102/><G128/><T126/><D126/><U71/><E51/><V9/><F73/><W8/><G66/><T84/><D67/><U113/><E113/><V115/><F115/><W108/><G108/><T130/><D130/><U77/><E77/><V5/><F83/><W107/><G112/><T89/><D42/><U28/><E28/><V72/><F72/><W56/><G41/><T68/><D68/><U76/><E76/><V20/><F5/><W79/><G8/><N who="2" m="3177" /><F64/><W114/><G114/><T118/><D37/><U120/><E120/><V34/><F34/><W4/><G4/><T15/><D118/><U125/><E125/><V55/><F19/><W26/><G26/><AGARI ba="0,0" hai="16,20,26,47,49,55,61,63,90,95,97" m="3177" machi="26" ten="30,2000,0" yaku="8,1,54,1" doraHai="109" who="2" fromWho="3" sc="250,0,250,0,250,20,250,-20" /><INIT seed="1,0,0,4,1,32" ten="250,250,270,230" oya="1" hai0="77,57,110,72,7,33,15,119,105,45,108,98,96" hai1="42,127,80,132,17,63,109,83,92,130,27,70,73" hai2="58,99,12,116,52,34,122,23,101,87,89,123,94" hai3="95,4,20,30,25,55,28,82,118,9,97,14,37"/><U59/><E70/><V29/><F34/><W67/><G118/><T102/><D119/><U26/><E73/><V38/><F38/><W56/><G37/><T19/><D33/><U103/><E42/><V69/><F69/><W84/><G67/><T44/><D7/><U48/><E48/><V133/><F133/><W64/><G64/><T62/><D98/><N who="1" m="59847" /><E127/><V128/><F128/><W51/><G28/><T86/><D86/><U78/><E132/><V22/><F116/><W24/><G24/><N who="1" m="9258" /><E78/><V126/><F126/><W81/><REACH who="3" step="1"/><G84/><REACH who="3" ten="250,250,270,220" step="2"/><T5/><D72/><U107/><E130/><V106/><F29/><W35/><G35/><T114/><D108/><U100/><E109/><V66/><F66/><W120/><G120/><T65/><D110/><U31/><E31/><V93/><F122/><W43/><G43/><T53/><D65/><N who="1" m="39167" /><E107/><V71/><F123/><W11/><G11/><T68/><D105/><U49/><E100/><AGARI ba="0,1" hai="4,9,14,20,25,30,51,55,56,81,82,95,97,100" machi="100" ten="30,3900,0" yaku="1,1,7,1,8,1,53,0" doraHai="32" doraHaiUra="112" who="3" fromWho="1" sc="250,0,250,-39,270,0,220,49" /><INIT seed="2,0,0,1,2,125" ten="250,211,270,269" oya="2" hai0="134,43,127,97,99,8,112,90,56,83,21,107,103" hai1="33,75,9,49,67,100,73,76,131,3,66,116,31" hai2="113,84,5,36,45,119,70,89,122,27,104,128,42" hai3="102,93,17,18,98,0,6,16,95,68,39,77,47"/><V35/><F113/><W58/><G68/><T121/><D112/><U4/><E116/><V81/><F119/><W63/><G77/><T24/><D121/><U80/><E100/><V85/><F122/><W30/><G30/><T38/><D127/><U19/><E73/><V132/><F70/><W69/><G69/><T37/><D134/><U12/><E49/><V94/><F104/><W82/><G82/><T64/><D43/><U34/><E34/><V96/><F132/><W91/><G6/><T15/><D56/><U57/><E57/><V124/><F124/><W65/><G0/><T28/><D64/><U115/><E115/><V20/><F5/><W133/><G133/><T48/><D48/><U61/><E61/><V79/><F35/><W11/><G39/><T62/><D62/><U50/><E50/><V7/><F7/><W60/><G60/><T114/><D114/><U22/><REACH who="1" step="1"/><E131/><REACH who="1" ten="250,201,270,269" step="2"/><V1/><F128/><W129/><G129/><T72/><D72/><U26/><AGARI ba="0,1" hai="3,4,9,12,19,22,26,31,33,66,67,75,76,80" machi="26" ten="30,12000,2" yaku="1,1,2,1,0,1,24,2,53,1" doraHai="125" doraHaiUra="32" who="1" fromWho="1" sc="250,-30,201,130,270,-60,269,-30" /><INIT seed="3,0,0,1,5,50" ten="220,331,210,239" oya="3" hai0="93,28,71,34,106,76,111,37,55,117,10,121,41" hai1="124,18,35,45,109,47,132,44,122,59,135,51,69" hai2="80,100,118,112,12,42,75,78,127,8,113,101,63" hai3="43,20,84,6,27,133,131,19,114,36,40,4,13"/><W3/><G114/><T11/><D121/><U22/><E122/><V31/><F118/><W33/><G84/><T57/><D117/><U62/><E35/><V120/><F120/><W105/><G105/><T74/><D106/><U123/><E123/><V14/><F31/><N who="3" m="19711" /><G36/><T26/><D71/><U49/><E69/><V56/><F42/><W73/><G73/><T99/><D111/><U81/><E109/><V64/><F127/><W85/><G85/><T86/><D74/><U24/><E81/><V82/><F82/><W0/><G40/><T58/><D58/><U66/><E124/><V90/><F90/><W98/><G98/><T30/><D30/><U72/><E72/><V104/><F14/><N who="3" m="9335" /><G43/><T1/><D1/><N who="3" m="585" /><G133/><AGARI ba="0,0" hai="18,22,24,44,45,47,49,51,59,62,66,132,133,135" machi="133" ten="40,1300,0" yaku="20,1" doraHai="50" who="1" fromWho="3" sc="220,0,331,13,210,0,239,-13" owari="220,-18.0,344,44.4,210,-29.0,226,2.6" /></mjloggm>