<mjloggm ver="2.3"><GO type="225" lobby="0"/><UN n0="%E3%83%96%E3%83%83%E3%83%91%E3%82%AA%E3%83%96%E3%83%81%E3%82%AD%E3%83%B3" n1="%E6%B4%BE%E9%81%A3%E3%81%AE%E3%82%B8%E3%83%A3%E3%83%83%E3%82%AF" n2="%E3%81%BF%E3%81%BF%E3%81%9A" n3="%E3%81%8B%E3%82%8F%E3%81%A1%E3%82%83%E3%82%93%35%38" dan="16,17,17,16" rate="2158.46,2164.41,2255.85,2138.13" sx="M,M,M,M"/><TAIKYOKU oya="0"/><INIT seed="0,0,0,3,0,30" ten="250,250,250,250" oya="0" hai0="6,23,40,96,100,93,129,73,78,118,24,114,103" hai1="132,70,42,0,124,9,134,67,60,46,4,64,26" hai2="57,25,117,74,80,105,44,12,43,86,2,119,104" hai3="75,120,87,11,77,49,99,5,91,37,68,29,111"/><T110/><D114/><U14/><E124/><V18/><F2/><W98/><G68/><T108/><D118/><N who="2" m="45066" /><F74/><W13/><G37/><T83/><D40/><U101/><E64/><V128/><F57/><W1/><G111/><N who="0" m="42539" /><D6/><U131/><E131/><V54/><F54/><W69/><G69/><T52/><D129/><U94/><E14/><V39/><F25/><W17/><G120/><T63/><D63/><U127/><E127/><V59/><F59/><W3/><G3/><T130/><D130/><U55/><E55/><V8/><F128/><W109/><G109/><T82/><D52/><U84/><E26/><V16/><F18/><W56/><G56/><T115/><D83/><U95/><E46/><V71/><F71/><W20/><G49/><T62/><D62/><U61/><E42/><V36/><F39/><W7/><G7/><T79/><D78/><AGARI ba="0,0" hai="8,12,16,36,43,44,78,80,86,104,105" m="45066" machi="78" ten="30,2000,0" yaku="12,1,54,1" doraHai="30" who="2" fromWho="0" sc="250,-20,250,0,250,20,250,0" /><INIT seed="1,0,0,2,3,72" ten="230,250,270,250" oya="1" hai0="116,87,109,28,111,69,133,108,38,125,10,94,19" hai1="16,29,129,30,46,75,27,48,93,122,13,126,135" hai2="23,4,134,1,45,110,5,60,103,131,7,42,14" hai3="101,56,120,9,50,123,82,8,24,65,78,104,86"/><U113/><E122/><V22/><F103/><W96/><G24/><T35/><D116/><U106/><E106/><V121/><F60/><W107/><G107/><T41/><D69/><U71/><E71/><V43/><F45/><W34/><G34/><T0/><D125/><U132/><E113/><V61/><F61/><W62/><REACH who="3" step="1"/><G50/><REACH who="3" ten="230,250,270,240" step="2"/><T18/><D35/><U15/><E27/><V76/><F121/><AGARI ba="0,1" hai="8,9,56,62,65,78,82,86,96,101,104,120,121,123" machi="121" ten="40,5200,0" yaku="1,1,2,1,52,1,53,0" doraHai="72" doraHaiUra="17" who="3" fromWho="2" sc="230,0,250,0,270,-52,240,62" /><INIT seed="2,0,0,0,5,23" ten="230,250,218,302" oya="2" hai0="126,78,102,12,101,29,59,91,92,95,114,132,86" hai1="43,129,108,93,25,107,38,115,32,49,28,36,24" hai2="27,16,13,42,119,21,99,130,14,110,9,131,90" hai3="105,79,121,124,66,64,11,70,61,81,39,71,40"/><V98/><F119/><W100/><G121/><T69/><D114/><U83/><E115/><V3/><F110/><W30/><G124/><T22/><D69/><U75/><E107/><V76/><F76/><W125/><G125/><T41/><D126/><U89/><E108/><V8/><F42/><W97/><G11/><T47/><D132/><U55/><E129/><N who="2" m="49163" /><F3/><W134/><G134/><T85/><D59/><U103/><E43/><V88/><F99/><W112/><G112/><T54/><D54/><U5/><E5/><N who="2" m="3215" /><F98/><W128/><G128/><T15/><D78/><U80/><E75/><V68/><F68/><W135/><G40/><T82/><D41/><U4/><E4/><AGARI ba="0,0" hai="4,9,14,16,21,27,88,90" m="3215,49163" machi="4" ten="30,11600,0" yaku="19,1,52,1,54,2" doraHai="23" who="2" fromWho="1" sc="230,0,250,-116,218,116,302,0" /><INIT seed="2,1,0,2,5,130" ten="230,134,334,302" oya="2" hai0="8,65,44,21,119,0,99,88,81,3,47,37,86" hai1="62,103,39,90,66,122,1,135,73,121,78,91,82" hai2="117,61,11,72,22,48,38,124,34,68,63,51,80" hai3="83,96,100,77,32,16,125,15,29,105,2,27,12"/><V7/><F117/><W19/><G125/><T41/><D119/><U109/><E1/><V115/><F34/><W112/><G112/><T17/><D65/><U56/><E39/><V30/><F115/><W23/><G2/><T113/><D113/><U87/><E103/><V45/><F124/><W64/><G64/><T60/><D60/><U108/><E135/><V128/><F128/><W95/><G105/><T116/><D116/><U106/><E106/><V132/><F132/><W35/><G35/><T49/><D99/><U69/><E69/><V42/><F22/><W76/><REACH who="3" step="1"/><G83/><REACH who="3" ten="230,134,334,292" step="2"/><T14/><REACH who="0" step="1"/><D21/><AGARI ba="1,1" hai="12,15,16,19,21,23,27,29,32,76,77,95,96,100" machi="21" ten="30,8000,1" yaku="1,1,2,1,7,1,9,1,54,1,53,0" doraHai="130" doraHaiUra="107" who="3" fromWho="0" sc="230,-83,134,0,334,0,292,93" /><INIT seed="3,0,0,3,0,82" ten="147,134,334,385" oya="3" hai0="106,62,6,90,67,11,72,48,102,53,30,118,119" hai1="91,13,94,131,101,34,4,21,122,25,1,22,74" hai2="126,20,8,35,44,18,29,77,127,51,130,98,83" hai3="66,104,61,110,50,40,81,113,96,132,133,31,97"/><W108/><G113/><T39/><D39/><U129/><E122/><V71/><F71/><W79/><G31/><T47/><D72/><U109/><E74/><V59/><F130/><N who="1" m="49673" /><E109/><N who="3" m="42090" /><G50/><T70/><D30/><N who="1" m="19791" /><E1/><V78/><F35/><W55/><G55/><T56/><D70/><U87/><E101/><V27/><F59/><N who="3" m="37183" /><G40/><T117/><D102/><U17/><E4/><V123/><F98/><N who="3" m="37995" /><G104/><T125/><D106/><U75/><E75/><AGARI ba="0,0" hai="75,79,81,132,133" m="37995,37183,42090" machi="75" ten="30,2900,0" yaku="14,1,10,1" doraHai="82" who="3" fromWho="1" sc="147,0,134,-29,334,0,385,29" owari="147,-25.3,105,-39.5,334,13.4,414,51.4" /></mjloggm>