<mjloggm ver="2.3"><GO type="225" lobby="0"/><UN n0="%E5%91%A8%E6%9D%B1" n1="%E3%83%96%E3%83%83%E3%83%91%E3%82%AA%E3%83%96%E3%83%81%E3%82%AD%E3%83%B3" n2="%72%61%6B%33" n3="%E5%B0%8F%E9%B3%A5%E9%81%8A%E7%B7%B4%E7%84%A1%32%31%E6%AD%B3" dan="16,16,16,16" rate="2158.03,2182.46,2072.67,2201.34" sx="M,M,M,F"/><TAIKYOKU oya="0"/><INIT seed="0,0,0,3,0,7" ten="250,250,250,250" oya="0" hai0="134,113,74,116,64,69,114,4,84,21,41,10,123" hai1="80,92,66,86,3,51,12,8,135,56,68,71,110" hai2="65,115,16,88,31,89,38,33,117,54,128,83,24" hai3="27,26,40,100,81,36,25,22,0,132,11,73,105"/><T34/><D123/><U130/><E110/><V70/><F115/><W85/><G132/><T29/><D116/><U131/><E135/><V37/><F117/><W124/><G124/><T106/><D74/><U23/><E92/><V53/><F128/><N who="1" m="49193" /><E23/><V82/><F65/><W108/><G108/><T122/><D122/><U78/><E3/><V95/><F70/><W32/><G32/><T35/><D134/><U43/><E66/><V39/><F89/><W118/><G118/><T67/><D106/><U6/><E56/><V5/><F5/><N who="3" m="1447" /><G85/><T96/><D96/><U18/><E18/><V2/><F2/><W13/><G13/><T1/><D67/><U121/><E121/><V91/><F91/><W119/><G119/><T77/><D21/><U97/><E97/><V101/><F101/><W127/><G127/><T112/><D29/><U47/><AGARI ba="0,0" hai="6,8,12,43,47,51,68,71,78,80,86" m="49193" machi="47" ten="30,4000,0" yaku="25,1,19,1,52,1" doraHai="7" who="1" fromWho="1" sc="250,-20,250,40,250,-10,250,-10" /><INIT seed="1,0,0,3,3,19" ten="230,290,240,240" oya="1" hai0="127,21,32,78,10,129,25,99,23,57,131,120,73" hai1="42,126,123,128,92,81,13,61,26,85,100,114,121" hai2="46,118,12,50,30,101,106,33,98,11,59,60,45" hai3="41,89,5,69,39,6,112,82,67,94,134,27,22"/><U65/><E114/><V83/><F118/><W75/><G134/><T24/><D127/><U105/><E105/><V15/><F15/><W87/><G112/><T122/><D99/><U3/><E3/><V117/><F117/><W56/><G69/><T132/><D132/><U34/><E126/><V97/><F83/><W90/><G41/><T107/><D107/><U115/><E115/><V7/><F50/><W116/><G39/><T110/><D110/><U17/><E128/><N who="0" m="49225" /><D10/><U72/><E42/><V63/><F63/><N who="3" m="38375" /><G75/><T84/><D73/><U2/><E2/><V95/><F30/><N who="3" m="17783" /><G116/><T88/><D78/><U51/><E72/><V62/><F62/><W104/><G104/><T29/><D57/><U119/><E119/><V68/><F33/><W44/><G44/><T28/><D32/><U47/><E34/><V102/><REACH who="2" step="1"/><F68/><REACH who="2" ten="230,290,230,240" step="2"/><W93/><G82/><AGARI ba="0,1" hai="21,23,24,25,28,29,82,84,88,120,122" m="49225" machi="82" ten="30,7700,0" yaku="19,1,52,2,54,1" doraHai="19" who="0" fromWho="3" sc="230,87,290,0,230,0,240,-77" /><INIT seed="2,0,0,1,0,97" ten="317,290,230,163" oya="2" hai0="131,26,47,109,35,15,17,60,23,13,82,50,37" hai1="30,107,6,25,112,55,46,41,96,122,85,57,98" hai2="104,87,105,106,81,68,126,134,11,7,62,2,84" hai3="88,32,42,102,61,58,75,108,56,18,101,77,31"/><V3/><F126/><W19/><G42/><T21/><D109/><U76/><E112/><V16/><F134/><W54/><G108/><T65/><D131/><U0/><E122/><V127/><F127/><W52/><G77/><T20/><D37/><U63/><E0/><V53/><F2/><W34/><G31/><T66/><D82/><N who="1" m="47303" /><E107/><V45/><F68/><W5/><G75/><T120/><D120/><U43/><E6/><V129/><F129/><W113/><G5/><T78/><D78/><U110/><E110/><V100/><F84/><W9/><G113/><T99/><D99/><N who="1" m="37931" /><E46/><V71/><F45/><W39/><G39/><T64/><D35/><U38/><E38/><V86/><F86/><W117/><G117/><T28/><D15/><U125/><E125/><V36/><F36/><W95/><G9/><N who="0" m="6319" /><D60/><U94/><E94/><V48/><F62/><W69/><G69/><T89/><D89/><U121/><E121/><V91/><F71/><W132/><G95/><T111/><D111/><U103/><E63/><V8/><F48/><W1/><G61/><T44/><D44/><U135/><E135/><V14/><REACH who="2" step="1"/><F53/><AGARI ba="0,0" hai="20,21,23,26,28,47,50,53,64,65,66" m="6319" machi="53" ten="30,1000,0" yaku="8,1" doraHai="97" who="0" fromWho="2" sc="317,10,290,0,230,-10,163,0" /><INIT seed="3,0,0,1,3,33" ten="327,290,220,163" oya="3" hai0="48,112,119,69,36,9,85,74,96,62,79,110,60" hai1="134,28,87,100,0,132,126,44,66,27,30,50,120" hai2="133,25,90,109,108,99,103,43,55,45,82,34,59" hai3="3,123,32,58,78,61,104,8,111,86,18,23,26"/><W130/><G123/><T54/><D36/><U113/><E113/><V51/><F133/><N who="1" m="51305" /><E120/><V129/><F129/><W115/><G115/><T83/><D119/><U46/><E126/><V76/><F90/><W31/><G104/><T11/><D112/><U89/><E66/><V70/><F70/><W101/><G101/><T39/><D39/><U107/><E107/><V73/><F25/><W40/><G40/><T72/><D110/><U68/><E68/><V125/><F34/><W67/><G130/><T114/><D114/><U19/><E100/><V12/><F12/><W94/><G111/><N who="2" m="42569" /><F125/><W117/><G117/><T88/><D96/><U2/><E19/><V118/><F118/><W13/><G94/><T135/><D72/><U10/><E10/><V102/><F99/><W128/><G128/><T121/><D121/><U38/><E38/><AGARI ba="0,0" hai="38,43,45,51,55,59,73,76,82,102,103" m="42569" machi="38" ten="30,1000,0" yaku="14,1" doraHai="33" who="2" fromWho="1" sc="327,0,290,-10,220,10,163,0" owari="327,42.7,280,8.0,230,-17.0,163,-33.7" /></mjloggm>