<mjloggm ver="2.3"><GO type="225" lobby="0"/><UN n0="%E3%82%8F%E3%81%8B%E3%81%B0%2A%E3%82%AC%E3%83%BC%E3%83%AB" n1="%E5%B8%86%E7%AB%8B%E5%A4%8F%E8%A1%A3" n2="%E8%81%B7%E6%A5%AD%E3%80%81%E9%A2%A8%32" n3="%E3%81%A1%E3%82%83%E3%81%93%E3%81%93" dan="16,17,16,16" rate="2202.49,2233.33,2152.22,2153.02" sx="M,M,M,F"/><TAIKYOKU oya="0"/><INIT seed="0,0,0,5,5,52" ten="250,250,250,250" oya="0" hai0="74,86,91,110,63,96,129,121,49,38,45,16,19" hai1="126,12,17,42,125,23,48,69,35,0,94,130,84" hai2="93,58,24,124,59,113,119,101,75,80,56,79,25" hai3="123,2,132,76,95,118,120,47,64,103,111,73,65"/><T40/><D121/><N who="3" m="46665" /><G118/><T33/><D129/><U102/><E69/><V106/><F113/><W112/><G112/><T53/><D74/><U4/><E130/><V66/><F119/><W15/><G2/><T72/><D72/><U57/><E35/><V37/><F37/><W7/><G111/><T77/><D33/><U9/><E102/><V83/><F106/><W21/><G132/><T107/><D110/><U10/><E42/><V13/><F124/><W18/><G7/><T92/><D63/><U11/><E0/><V70/><F70/><W46/><G76/><T82/><REACH who="0" step="1"/><D107/><REACH who="0" ten="240,250,250,250" step="2"/><U27/><E126/><V131/><F75/><W127/><G73/><T122/><D122/><U20/><E125/><V105/><F105/><W135/><G127/><T28/><D28/><U14/><E4/><V100/><F131/><W97/><G135/><T115/><D115/><U81/><E14/><V61/><F13/><W31/><G31/><T41/><D41/><U39/><E12/><V133/><F133/><W99/><G99/><T1/><D1/><U60/><E60/><V50/><F24/><W34/><G34/><T54/><D54/><N who="1" m="31943" /><E27/><V114/><F25/><W6/><G6/><T98/><D98/><U68/><E17/><V8/><F114/><W116/><G116/><T3/><D3/><U29/><E29/><V44/><F61/><W85/><G85/><T51/><D51/><U71/><E71/><V67/><F50/><W5/><G5/><T30/><D30/><U117/><E68/><V104/><F104/><W128/><G128/><T109/><D109/><U36/><E36/><RYUUKYOKU ba="0,1" sc="240,15,250,-15,250,-15,250,15" hai0="16,19,38,40,45,49,53,77,82,86,91,92,96" hai3="15,18,21,46,47,64,65,95,97,103" /><INIT seed="0,1,1,4,4,25" ten="255,235,235,265" oya="0" hai0="22,54,36,31,3,16,30,127,116,57,1,130,93" hai1="34,78,79,82,88,24,8,50,37,118,18,19,4" hai2="71,66,17,83,53,89,120,131,21,65,126,94,124" hai3="6,100,70,85,134,123,104,14,49,106,42,86,102"/><T48/><D116/><U73/><E118/><V9/><F120/><W84/><G70/><T56/><D127/><N who="2" m="48682" /><F131/><W0/><G0/><T43/><D130/><U76/><E37/><V111/><F111/><W98/><G42/><T2/><D57/><U40/><E34/><V105/><F105/><N who="3" m="40555" /><G49/><T90/><D43/><U99/><E73/><V119/><F71/><W59/><G59/><T97/><REACH who="0" step="1"/><D36/><REACH who="0" ten="245,235,235,265" step="2"/><U101/><E40/><V35/><F119/><W60/><G123/><T5/><D5/><U92/><E50/><V28/><F35/><W26/><G6/><T113/><D113/><U64/><E64/><V10/><F65/><W109/><G109/><T91/><D91/><U117/><E117/><V20/><F66/><W75/><G100/><T77/><D77/><U62/><E62/><V46/><F53/><W67/><G102/><T108/><D108/><U55/><E55/><V107/><F46/><W61/><G67/><T52/><D52/><U51/><E51/><V74/><F89/><W63/><G60/><T129/><D129/><U133/><E101/><V38/><F38/><W27/><G61/><T132/><D132/><U110/><E133/><V32/><F32/><W80/><G63/><T44/><D44/><U68/><E68/><V41/><F41/><W29/><G134/><T33/><D33/><U12/><E110/><V115/><F115/><W69/><G69/><T72/><D72/><N who="1" m="43271" /><E4/><V114/><F74/><W112/><G75/><T122/><D122/><U39/><E39/><V87/><F114/><W96/><G112/><T7/><D7/><U135/><E135/><RYUUKYOKU ba="1,2" sc="245,15,235,15,235,-15,265,-15" hai0="1,2,3,16,22,30,31,48,54,56,90,93,97" hai1="8,12,18,19,24,78,79,88,92,99" /><INIT seed="0,2,2,3,3,43" ten="260,250,220,250" oya="0" hai0="86,47,9,3,10,120,33,121,39,36,55,82,5" hai1="131,79,11,32,61,52,111,34,12,56,107,49,74" hai2="42,46,132,19,0,90,114,129,69,7,113,91,15" hai3="70,57,17,58,78,65,118,110,30,123,119,81,103"/><T29/><D10/><U40/><E107/><V26/><F69/><W48/><G110/><T18/><D18/><U45/><E111/><V13/><F129/><W109/><G109/><T104/><D104/><U105/><E105/><V112/><F132/><W59/><G123/><T6/><D6/><U125/><E125/><V94/><F0/><W75/><G30/><T102/><D102/><U14/><E131/><V68/><F68/><W127/><G127/><T24/><D39/><U72/><E14/><V130/><F130/><W25/><G103/><T88/><REACH who="0" step="1"/><D55/><REACH who="0" ten="250,250,220,250" step="2"/><U64/><E64/><V100/><F7/><W117/><G17/><T128/><D128/><U106/><E106/><V96/><F26/><W134/><G65/><T38/><D38/><U37/><E37/><V20/><REACH who="2" step="1"/><F15/><REACH who="2" ten="250,250,210,250" step="2"/><W73/><G25/><T63/><D63/><U27/><E27/><V60/><F60/><W93/><G117/><T89/><D89/><U98/><E12/><V122/><F122/><W71/><G118/><T126/><D126/><U133/><E133/><V67/><F67/><W84/><G119/><T115/><D115/><U44/><E61/><V87/><F87/><W21/><G134/><T51/><D51/><AGARI ba="2,4" hai="13,19,20,42,46,51,90,91,94,96,100,112,113,114" machi="51" ten="40,5200,0" yaku="1,1,52,1,53,1" doraHai="43" doraHaiUra="99" who="2" fromWho="0" sc="250,-58,250,0,210,98,250,0" /><INIT seed="1,0,0,3,4,59" ten="192,250,308,250" oya="1" hai0="34,91,16,122,6,72,3,97,112,21,63,24,32" hai1="88,75,79,106,126,100,52,92,96,124,90,50,61" hai2="25,39,54,77,14,45,67,10,65,131,51,5,116" hai3="48,28,134,83,130,133,113,94,64,110,33,74,89"/><U0/><E0/><V84/><F116/><W135/><G113/><T71/><D112/><U47/><E79/><V101/><F131/><W49/><G110/><T46/><D72/><U125/><E75/><V35/><F35/><W93/><G130/><T80/><D122/><U31/><E31/><V58/><F25/><N who="3" m="18575" /><G64/><N who="2" m="24649" /><F39/><W104/><G104/><T119/><D119/><U86/><E90/><V56/><F101/><W95/><G89/><T121/><D121/><U43/><REACH who="1" step="1"/><E61/><REACH who="1" ten="192,240,308,250" step="2"/><V1/><F1/><W103/><G103/><T36/><D63/><U13/><E13/><V85/><F77/><AGARI ba="0,1" hai="48,49,74,77,83,93,94,95,133,134,135" m="18575" machi="77" ten="40,1300,0" yaku="20,1" doraHai="59" who="3" fromWho="2" sc="192,0,240,0,308,-13,250,23" /><INIT seed="2,0,0,3,0,121" ten="192,240,295,273" oya="2" hai0="18,43,72,49,37,20,44,135,34,108,40,31,46" hai1="107,77,79,95,15,105,118,129,36,112,101,56,119" hai2="92,115,126,123,70,128,111,23,104,76,2,13,114" hai3="87,53,39,66,16,52,125,24,96,130,97,5,131"/><V55/><F123/><W29/><G125/><T26/><D72/><U35/><E15/><V67/><F104/><N who="1" m="40009" /><E56/><V4/><F126/><W109/><G109/><T14/><REACH who="0" step="1"/><D135/><REACH who="0" ten="182,240,295,273" step="2"/><U100/><E112/><V30/><F111/><AGARI ba="0,1" hai="14,18,20,26,31,34,37,40,43,44,46,49,108,111" machi="111" ten="40,8000,1" yaku="1,1,2,1,52,2,53,0" doraHai="121" doraHaiUra="86" who="0" fromWho="2" sc="182,90,240,0,295,-80,273,0" /><INIT seed="3,0,0,3,5,76" ten="272,240,215,273" oya="3" hai0="41,36,95,43,92,62,2,31,66,40,48,50,123" hai1="17,100,129,28,94,112,3,18,24,81,63,110,122" hai2="55,47,75,118,97,46,87,96,113,106,64,13,0" hai3="7,107,72,8,37,57,109,79,84,134,102,29,27"/><W21/><G134/><T33/><D123/><U93/><E3/><V35/><F0/><W34/><G109/><T99/><D2/><U65/><E110/><V1/><F35/><W73/><G37/><T120/><D120/><U83/><E122/><V38/><F1/><W128/><G128/><T61/><D36/><U89/><E112/><V52/><F75/><W119/><G119/><T121/><D121/><U91/><E129/><V90/><F113/><W12/><G34/><T82/><D33/><U4/><E4/><V98/><F118/><W114/><G114/><T30/><D82/><N who="1" m="31243" /><E28/><N who="0" m="10793" /><D92/><N who="1" m="35435" /><E100/><V14/><F106/><W60/><G102/><N who="0" m="60799" /><D66/><U80/><E80/><N who="2" m="49511" /><F64/><W20/><G107/><T117/><D117/><U53/><E65/><V135/><F38/><W22/><G73/><T71/><D71/><U78/><E78/><V45/><F135/><W23/><G79/><T88/><D88/><N who="1" m="33867" /><E24/><V131/><F131/><W70/><G70/><T15/><D15/><AGARI ba="0,0" hai="13,14,15,45,46,47,52,55,96,97,98" m="49511" machi="15" ten="30,3900,0" yaku="8,1,52,1,54,1" doraHai="76" who="2" fromWho="0" sc="272,-39,240,0,215,39,273,0" /><INIT seed="4,0,0,1,4,10" ten="233,240,254,273" oya="0" hai0="125,17,65,108,80,39,134,38,124,120,1,26,91" hai1="94,30,103,51,121,8,131,77,75,122,0,47,73" hai2="135,6,101,78,105,87,43,126,12,67,18,93,96" hai3="79,116,98,46,7,85,99,119,66,74,81,129,22"/><T53/><D120/><U63/><E131/><V89/><F126/><N who="0" m="48746" /><D134/><U14/><E0/><V29/><F135/><W9/><G129/><T37/><D1/><U130/><E30/><V19/><F43/><W13/><G66/><T88/><D108/><U21/><E21/><V33/><F67/><W84/><G74/><T55/><D65/><U127/><E63/><V32/><F78/><W11/><G22/><N who="0" m="13647" /><D80/><U28/><E28/><V52/><F6/><W111/><G111/><T123/><D123/><U5/><E130/><V90/><F29/><W41/><G9/><T115/><D115/><U110/><E110/><V113/><F19/><W54/><G54/><AGARI ba="0,0" hai="37,38,39,53,54,55,88,91" m="13647,48746" machi="54" ten="40,3900,0" yaku="18,1,54,1" doraHai="10" who="0" fromWho="3" sc="233,39,240,0,254,0,273,-39" /><INIT seed="4,1,0,2,5,86" ten="272,240,254,234" oya="0" hai0="38,112,60,4,57,109,54,18,78,35,41,82,118" hai1="75,64,14,65,40,97,50,9,39,32,110,130,72" hai2="58,104,122,132,128,28,94,84,108,49,45,11,88" hai3="29,115,20,90,119,114,36,34,135,77,52,96,17"/><T101/><D118/><U16/><E39/><V67/><F122/><W71/><G119/><T134/><D112/><N who="3" m="43049" /><G135/><T30/><D134/><U48/><E110/><V111/><F104/><W66/><G36/><T1/><D109/><U15/><E32/><V24/><F132/><W131/><G131/><T59/><D101/><U93/><E75/><V123/><F128/><W56/><G71/><T55/><D18/><U81/><E81/><V107/><F107/><W100/><G66/><N who="1" m="25706" /><E72/><V61/><F123/><W7/><G7/><T12/><D1/><U83/><E83/><V37/><F37/><W22/><G77/><T33/><D30/><U73/><E73/><V129/><F129/><W105/><G17/><T53/><D41/><U127/><E40/><V103/><F103/><W89/><G34/><T95/><D38/><U117/><E127/><V0/><F0/><W23/><G29/><T113/><D113/><U19/><E117/><V116/><F116/><W25/><G25/><T91/><D33/><U121/><E121/><V80/><F108/><W76/><G76/><T69/><D69/><U106/><E106/><V46/><F111/><W63/><AGARI ba="1,0" hai="20,22,23,52,56,63,89,90,96,100,105" m="43049" machi="63" ten="30,7900,0" yaku="15,1,52,2,54,1" doraHai="86" who="3" fromWho="3" sc="272,-40,240,-21,254,-21,234,82" owari="232,-16.8,219,-28.1,233,3.3,316,41.6" /></mjloggm>