<mjloggm ver="2.3"><GO type="225" lobby="0"/><UN n0="%E3%81%BF%E3%81%BF%E3%81%9A" n1="%E3%83%81%E3%83%A7%E3%83%99%E3%83%83%E3%82%AF" n2="%E5%B8%86%E7%AB%8B%E5%A4%8F%E8%A1%A3" n3="%E6%A1%9C%E8%8A%B1%E9%96%83%E3%80%85" dan="18,16,17,16" rate="2209.89,2120.43,2157.41,2147.04" sx="M,M,M,M"/><TAIKYOKU oya="0"/><INIT seed="0,0,0,2,0,108" ten="250,250,250,250" oya="0" hai0="49,88,77,12,93,27,114,25,105,89,90,54,39" hai1="33,97,85,9,3,0,66,99,116,31,80,122,61" hai2="2,16,11,96,127,15,117,56,41,20,28,106,110" hai3="72,82,67,134,83,74,8,19,125,81,21,128,45"/><T58/><D114/><U30/><E30/><V132/><F110/><W10/><G134/><T94/><D105/><U79/><E79/><V64/><BYE who="1" /><F132/><W51/><G128/><T44/><D77/><UN n1="%E3%83%81%E3%83%A7%E3%83%99%E3%83%83%E3%82%AF" /><U52/><E116/><V109/><F109/><W124/><G67/><T57/><D12/><U17/><E33/><V92/><F127/><N who="3" m="48715" /><G21/><T98/><D39/><U26/><E31/><V43/><F106/><W112/><G112/><T69/><D69/><U123/><E66/><V65/><F117/><W23/><G23/><T53/><D44/><U107/><E107/><V91/><F65/><W118/><G19/><T131/><D131/><U73/><E73/><N who="3" m="28266" /><G118/><T40/><D40/><AGARI ba="0,0" hai="8,10,40,45,51,81,82,83" m="28266,48715" machi="40" ten="40,1300,0" yaku="18,1" doraHai="108" who="3" fromWho="0" sc="250,-13,250,0,250,0,250,13" /><INIT seed="1,0,0,4,2,53" ten="237,250,250,263" oya="1" hai0="119,56,114,106,22,66,102,43,86,7,85,37,121" hai1="8,2,54,17,105,98,78,94,28,49,97,126,99" hai2="79,65,14,100,52,25,129,34,75,135,58,11,80" hai3="76,48,45,70,50,93,38,33,21,101,67,113,36"/><U109/><E105/><V42/><F129/><W72/><G33/><T9/><D114/><U20/><E126/><V30/><F135/><W62/><G113/><T110/><D119/><U27/><E109/><V13/><F42/><W69/><G21/><T130/><D121/><U55/><E78/><V104/><F65/><W115/><G93/><T118/><D118/><U131/><E55/><V16/><F14/><W84/><G84/><T12/><D130/><U44/><E131/><V111/><F111/><W0/><G101/><T46/><D110/><U24/><E2/><V3/><F3/><W68/><G0/><T91/><D22/><N who="1" m="15383" /><E8/><V122/><F122/><W95/><G76/><T60/><REACH who="0" step="1"/><D91/><AGARI ba="0,0" hai="17,20,27,44,49,54,91,94,97,98,99" m="15383" machi="91" ten="30,1500,0" yaku="8,1" doraHai="53" who="1" fromWho="0" sc="237,-15,250,15,250,0,263,0" /><INIT seed="1,1,0,3,3,85" ten="222,265,250,263" oya="1" hai0="38,127,110,10,7,49,135,126,24,132,90,48,22" hai1="34,114,92,130,112,123,51,83,19,2,117,41,45" hai2="74,11,86,44,63,58,98,6,103,54,80,111,67" hai3="93,78,42,5,18,64,89,37,118,27,97,99,124"/><U30/><E117/><V56/><F111/><W107/><G118/><T120/><D38/><U43/><E123/><V53/><F74/><W70/><G5/><T50/><D110/><U33/><E2/><V82/><F44/><W105/><G78/><T40/><D40/><U12/><E130/><V65/><F98/><W15/><G27/><T106/><D106/><U101/><E114/><V133/><F103/><W116/><G116/><T84/><D120/><U14/><E30/><V26/><F26/><W57/><G70/><T108/><D108/><U32/><E112/><V3/><F133/><N who="0" m="51274" /><D22/><U115/><E12/><V13/><F80/><W52/><G64/><T59/><D59/><U72/><E41/><V35/><F35/><W31/><G31/><T29/><D24/><U20/><E115/><V113/><F3/><W39/><G124/><N who="0" m="47659" /><D29/><U9/><E20/><V55/><F113/><W73/><G42/><T81/><D49/><U91/><E101/><V36/><F36/><W125/><G107/><T129/><D129/><U28/><E28/><V66/><REACH who="2" step="1"/><F58/><REACH who="2" ten="222,265,240,263" step="2"/><W61/><G125/><T100/><D100/><U46/><E45/><V25/><F25/><W71/><G39/><T128/><D128/><U69/><E69/><V87/><F87/><W47/><G71/><T62/><D62/><U16/><E14/><AGARI ba="1,1" hai="7,10,14,48,50,81,84,90" m="47659,51274" machi="14" ten="30,3900,0" yaku="20,1,18,1,52,1" doraHai="85" who="0" fromWho="1" sc="222,52,265,-42,240,0,263,0" /><INIT seed="2,0,0,3,2,56" ten="274,223,240,263" oya="2" hai0="100,38,1,16,44,41,65,64,87,84,104,107,114" hai1="10,118,86,106,4,9,121,21,8,96,88,27,76" hai2="126,20,74,60,61,97,14,90,78,71,85,108,129" hai3="30,2,5,73,6,68,92,23,33,82,67,28,93"/><V110/><F71/><W39/><G23/><T134/><D114/><U22/><E118/><V122/><F122/><W17/><G17/><T50/><D1/><U91/><E121/><V13/><F126/><W49/><G49/><T48/><D134/><U124/><E124/><V59/><F129/><W109/><G6/><T46/><D38/><U12/><E106/><V130/><F130/><W80/><G80/><T127/><D127/><U123/><E123/><V95/><F74/><W102/><G102/><T34/><D34/><U58/><E21/><V19/><F14/><W99/><G109/><N who="2" m="42089" /><F59/><W62/><G39/><T36/><D36/><U7/><E76/><V0/><F0/><W42/><G42/><T89/><D100/><U72/><E72/><V63/><F78/><W133/><G2/><T79/><D79/><U111/><E111/><V131/><F131/><W117/><G73/><T83/><D87/><AGARI ba="0,0" hai="13,19,20,60,61,63,85,87,90,95,97" m="42089" machi="87" ten="30,12000,1" yaku="14,1,10,1,52,3" doraHai="56" who="2" fromWho="0" sc="274,-120,223,0,240,120,263,0" /><INIT seed="2,1,0,3,0,37" ten="154,223,360,263" oya="2" hai0="81,79,12,115,108,88,28,76,73,57,70,77,95" hai1="96,119,86,64,22,114,128,91,58,16,49,132,42" hai2="60,40,125,11,84,67,3,122,62,5,14,43,71" hai3="8,15,0,1,83,124,10,94,23,118,9,65,38"/><V98/><F122/><W106/><G106/><T63/><D115/><U69/><E119/><V33/><F125/><W39/><G118/><T89/><D108/><U120/><E69/><V87/><F33/><W97/><G65/><T127/><D127/><U101/><E114/><V107/><F3/><W126/><G83/><T131/><D131/><U82/><E132/><V66/><F87/><W21/><G39/><T25/><D70/><U117/><E117/><V109/><F109/><W41/><G21/><T72/><D12/><U4/><E4/><V34/><F34/><W74/><G74/><T36/><D36/><U78/><E128/><V130/><F84/><W112/><G112/><T17/><D17/><U102/><E64/><V129/><F129/><W6/><G23/><T55/><D72/><U85/><E58/><V80/><F80/><W26/><G26/><T50/><D63/><U123/><E96/><V104/><F130/><W30/><G30/><T121/><D89/><U133/><E133/><V56/><REACH who="2" step="1"/><F98/><REACH who="2" ten="154,223,350,263" step="2"/><W135/><G0/><T90/><D121/><U75/><E123/><V27/><F27/><W113/><G113/><T31/><D73/><U93/><E120/><V99/><F99/><W51/><G1/><T134/><D134/><U35/><E35/><V52/><F52/><W44/><G135/><T13/><D25/><N who="1" m="14535" /><E75/><V92/><F92/><W45/><G126/><T61/><D13/><U54/><E54/><V46/><F46/><AGARI ba="1,1" hai="42,46,49,78,82,85,86,91,93,101,102" m="14535" machi="46" ten="30,3900,0" yaku="8,1,52,1,54,1" doraHai="37" who="1" fromWho="2" sc="154,0,223,52,350,-42,263,0" /><INIT seed="3,0,0,3,0,47" ten="154,275,308,263" oya="3" hai0="60,16,104,133,119,127,67,30,135,38,17,63,122" hai1="70,130,113,117,64,93,86,69,42,105,132,100,8" hai2="48,4,114,95,116,3,90,129,73,71,83,13,46" hai3="99,12,109,7,18,32,15,25,81,34,44,97,43"/><W115/><G115/><T92/><D104/><U6/><E113/><V23/><F114/><W125/><G125/><T118/><D38/><U2/><E117/><N who="0" m="44553" /><D30/><U51/><E105/><V89/><F71/><W28/><G34/><T20/><D122/><U107/><E107/><V78/><F116/><W72/><G109/><T128/><D67/><U27/><E130/><V37/><F129/><W124/><G124/><T108/><D128/><U58/><E132/><N who="0" m="50761" /><D127/><U57/><E27/><V39/><F3/><W21/><G72/><T11/><D92/><U94/><E70/><V98/><F39/><W88/><G7/><T41/><D41/><U9/><E69/><V101/><F37/><W74/><G74/><T53/><D11/><U24/><E64/><V52/><REACH who="2" step="1"/><F23/><REACH who="2" ten="154,275,298,263" step="2"/><W14/><G99/><T22/><D108/><U134/><E134/><V10/><AGARI ba="0,1" hai="4,10,13,46,48,52,73,78,83,89,90,95,98,101" machi="10" ten="30,8000,1" yaku="1,1,2,1,0,1,52,1,54,1,53,0" doraHai="47" doraHaiUra="111" who="2" fromWho="2" sc="154,-20,275,-20,298,90,263,-40" owari="134,-36.6,255,5.5,388,48.8,223,-17.7" /></mjloggm>