<mjloggm ver="2.3"><GO type="225" lobby="0"/><UN n0="%73%68%75%6D%70" n1="%E3%81%A4%E3%81%A3%E3%81%B1%E3%82%8A%E3%83%9D%E3%83%BC%E3%83%AB" n2="%E3%82%A2%E3%83%9E%E3%83%9D%EF%BD%9E%EF%BD%9E%E3%83%A9" n3="%E3%83%96%E3%83%83%E3%83%91%E3%82%AA%E3%83%96%E3%83%81%E3%82%AD%E3%83%B3" dan="16,17,17,16" rate="2115.43,2171.59,2049.33,2190.66" sx="M,M,M,M"/><TAIKYOKU oya="0"/><INIT seed="0,0,0,4,2,20" ten="250,250,250,250" oya="0" hai0="22,102,7,10,115,90,99,119,72,41,86,15,37" hai1="135,76,82,55,92,101,109,65,120,44,110,46,96" hai2="32,80,67,11,129,89,18,59,132,1,34,122,30" hai3="31,91,58,40,88,93,17,4,33,38,69,77,50"/><T134/><D119/><U106/><E120/><V5/><F122/><W97/><G69/><T47/><D134/><U87/><E135/><V56/><F132/><W16/><G77/><T75/><D115/><U51/><E65/><V13/><F129/><W104/><G104/><T112/><D112/><U57/><REACH who="1" step="1"/><E106/><REACH who="1" ten="250,240,250,250" step="2"/><V83/><F67/><W123/><G123/><T98/><D102/><U0/><E0/><V125/><F1/><W42/><G4/><T25/><D75/><U52/><E52/><V64/><F5/><W133/><G133/><T68/><D72/><U53/><E53/><V114/><F64/><W66/><G66/><T43/><D43/><U84/><E84/><V27/><F114/><W61/><G42/><T117/><D117/><U62/><E62/><V70/><F70/><W54/><G61/><T74/><D74/><U131/><E131/><V111/><F111/><AGARI ba="0,1" hai="44,46,51,55,57,76,82,87,92,96,101,109,110,111" machi="111" ten="40,5200,0" yaku="1,1,14,1,53,1" doraHai="20" doraHaiUra="95" who="1" fromWho="2" sc="250,0,240,62,250,-52,250,0" /><INIT seed="1,0,0,5,5,119" ten="250,302,198,250" oya="1" hai0="31,5,120,50,4,104,89,22,79,32,67,107,78" hai1="113,77,97,13,122,88,21,100,18,63,44,56,46" hai2="105,45,24,112,17,7,131,36,57,117,1,34,11" hai3="94,20,99,93,65,2,37,96,115,51,83,16,102"/><U87/><E113/><V73/><F117/><W92/><G115/><T62/><D22/><U118/><E122/><V59/><F112/><W41/><G2/><T55/><D89/><U12/><E77/><V74/><F131/><W40/><G37/><T30/><D50/><U103/><E118/><V86/><F105/><W95/><G65/><T116/><D67/><U111/><E111/><V132/><F132/><W128/><G128/><T85/><D85/><U66/><E13/><V98/><F98/><W54/><G83/><T123/><D62/><U28/><E28/><V47/><F86/><W81/><G81/><T114/><D116/><U23/><E23/><V127/><F127/><W108/><G99/><T101/><D55/><U60/><E60/><V52/><F59/><W76/><G76/><T68/><D114/><U125/><E125/><V38/><F38/><W124/><G108/><T71/><D32/><U61/><E61/><N who="2" m="36007" /><F34/><W134/><G134/><T39/><D39/><U84/><E84/><V75/><F36/><W91/><G102/><AGARI ba="0,0" hai="4,5,30,31,68,71,78,79,101,102,104,107,120,123" machi="102" ten="25,6400,0" yaku="22,2,52,2" doraHai="119" who="0" fromWho="3" sc="250,64,302,0,198,0,250,-64" /><INIT seed="2,0,0,5,0,67" ten="314,302,198,186" oya="2" hai0="4,46,131,74,0,40,19,51,84,28,62,58,85" hai1="119,128,55,26,14,134,97,78,48,75,42,63,108" hai2="113,100,129,37,115,3,33,126,41,133,64,13,65" hai3="69,76,54,93,124,122,104,57,86,36,110,83,56"/><V80/><F3/><W12/><G122/><T70/><D74/><U91/><E119/><V49/><F37/><W39/><G104/><T92/><D131/><U121/><E121/><V34/><F129/><W123/><G123/><T44/><D28/><U15/><E128/><V16/><F126/><W132/><G124/><T72/><D72/><U22/><E108/><V94/><F80/><W135/><G110/><T29/><D29/><U89/><E78/><V111/><F111/><W2/><G2/><T88/><D70/><U99/><E75/><V27/><F133/><N who="3" m="51275" /><G57/><T18/><D0/><U101/><E42/><V90/><F100/><W53/><G53/><N who="0" m="34127" /><D4/><U38/><E63/><V45/><F115/><W21/><G93/><N who="0" m="54407" /><D46/><U31/><E38/><V87/><F113/><W23/><G69/><T103/><D103/><U20/><E134/><V43/><F43/><W107/><G107/><T71/><D71/><U109/><E109/><V120/><F120/><W25/><G12/><N who="1" m="4650" /><E101/><V102/><F102/><W60/><G23/><T5/><D5/><U125/><E20/><N who="2" m="11279" /><F34/><W50/><G60/><T52/><D40/><U7/><E125/><V6/><F6/><W98/><G98/><N who="1" m="37386" /><E7/><V81/><F33/><W79/><G76/><T35/><D35/><U114/><E114/><V9/><F9/><W117/><G117/><T96/><D96/><U66/><E66/><N who="2" m="25707" /><F27/><W127/><G127/><T1/><D1/><U61/><E61/><V116/><F116/><W130/><G130/><T11/><D11/><U118/><E118/><V82/><AGARI ba="0,0" hai="41,45,49,81,82,87,90,94" m="25707,11279" machi="82" ten="30,3000,0" yaku="8,1,54,1" doraHai="67" who="2" fromWho="2" sc="314,-10,302,-10,198,30,186,-10" /><INIT seed="2,1,0,0,5,117" ten="304,292,228,176" oya="2" hai0="102,66,44,133,30,56,25,13,135,80,55,35,68" hai1="105,85,91,29,24,84,52,98,5,92,58,18,74" hai2="127,129,45,9,65,20,100,125,93,21,78,88,40" hai3="60,61,86,33,89,17,77,41,119,82,79,131,26"/><V94/><F129/><W118/><G131/><T15/><D102/><U124/><E124/><N who="2" m="47691" /><F65/><W109/><G109/><T115/><D115/><U7/><E74/><V83/><F9/><W70/><G41/><T54/><D68/><U14/><E105/><V42/><F94/><W87/><G77/><T36/><D80/><U101/><E101/><V120/><F100/><W104/><G104/><T75/><D75/><U97/><E97/><N who="2" m="57511" /><F120/><W37/><G37/><T43/><D66/><U99/><E99/><V48/><F40/><W46/><G70/><T3/><D3/><U34/><E7/><V23/><F23/><N who="3" m="13679" /><G33/><T122/><D122/><U132/><E5/><V59/><F59/><W57/><G57/><T62/><D55/><U11/><REACH who="1" step="1"/><E132/><AGARI ba="1,0" hai="13,15,25,30,35,36,43,44,54,56,62,132,133,135" machi="132" ten="40,1300,0" yaku="20,1" doraHai="117" who="0" fromWho="1" sc="304,16,292,-16,228,0,176,0" /><INIT seed="3,0,0,5,3,127" ten="320,276,228,176" oya="3" hai0="121,99,117,130,80,43,28,38,41,114,29,11,50" hai1="49,118,47,135,54,104,35,120,14,55,97,90,89" hai2="87,30,125,109,77,0,53,123,92,95,19,65,134" hai3="24,44,31,68,16,86,115,113,133,18,6,103,131"/><W102/><G68/><T79/><D38/><U36/><E120/><V93/><F125/><W59/><G6/><T132/><D50/><U107/><E35/><V60/><F134/><W112/><G133/><T34/><D99/><U70/><E36/><V78/><F109/><W129/><G59/><T76/><D80/><U51/><E70/><V25/><F0/><W82/><G44/><T100/><D100/><U94/><E135/><V116/><F116/><W5/><G5/><T45/><D45/><U4/><E118/><V66/><F19/><W23/><G103/><T21/><D21/><U7/><E90/><V73/><F73/><W17/><REACH who="3" step="1"/><G102/><REACH who="3" ten="320,276,228,166" step="2"/><T105/><D132/><U84/><E7/><V10/><F123/><W22/><G22/><T64/><D121/><U52/><E47/><V83/><F10/><W108/><G108/><T61/><D11/><N who="1" m="4455" /><E107/><V33/><F78/><AGARI ba="0,1" hai="16,17,18,23,24,31,78,82,86,112,113,115,129,131" machi="78" ten="50,18000,2" yaku="1,1,52,2,54,1,53,3" doraHai="127" doraHaiUra="13" who="3" fromWho="2" sc="320,0,276,0,228,-180,166,190" owari="320,12.0,276,-12.4,48,-45.2,356,45.6" /></mjloggm>