<mjloggm ver="2.3"><GO type="225" lobby="0"/><UN n0="%E3%81%95%E3%82%88%E3%81%AA%E3%82%89%E3%83%9A%E3%81%BA%E3%83%9A" n1="%E3%83%96%E3%83%83%E3%83%91%E3%82%AA%E3%83%96%E3%83%81%E3%82%AD%E3%83%B3" n2="%E3%81%BF%E3%81%BF%E3%81%9A" n3="%E7%99%BD%E5%80%89%E5%AF%9B%E4%B9%8B" dan="16,16,18,16" rate="2140.47,2224.27,2253.67,2087.81" sx="F,M,M,M"/><TAIKYOKU oya="0"/><INIT seed="0,0,0,0,0,64" ten="250,250,250,250" oya="0" hai0="67,62,89,6,55,37,78,17,111,8,120,29,105" hai1="59,102,51,94,45,47,30,82,96,123,0,110,131" hai2="41,24,56,13,92,117,32,10,106,83,15,2,46" hai3="20,135,61,54,69,125,112,44,118,35,70,5,128"/><T100/><D120/><U36/><E123/><V115/><F106/><W122/><G35/><T12/><D37/><U9/><E110/><V132/><F115/><W11/><G122/><T26/><D111/><U31/><E131/><V90/><F132/><W52/><G112/><T65/><D78/><U58/><E0/><V121/><F121/><W80/><G118/><T42/><D42/><N who="1" m="25079" /><E36/><V66/><F117/><W87/><G128/><T18/><D55/><U85/><E45/><V21/><F83/><W40/><G135/><T124/><D124/><U4/><E9/><V73/><F73/><W25/><G125/><T3/><D89/><N who="1" m="51383" /><E4/><V109/><F32/><W1/><G61/><T107/><D67/><U28/><AGARI ba="0,0" hai="28,30,31,58,59,94,96,102" m="51383,25079" machi="28" ten="30,1100,0" yaku="8,1" doraHai="64" who="1" fromWho="1" sc="250,-5,250,11,250,-3,250,-3" /><INIT seed="1,0,0,5,2,91" ten="245,261,247,247" oya="1" hai0="62,9,103,132,22,12,87,104,82,68,66,97,119" hai1="121,106,100,7,10,133,58,42,57,88,29,93,54" hai2="94,99,90,1,56,37,64,69,71,70,46,86,108" hai3="63,32,26,23,85,79,134,24,6,48,28,31,45"/><U50/><E121/><V124/><F108/><W96/><G134/><T27/><D132/><U101/><E133/><V55/><F124/><W20/><G6/><T49/><D119/><U120/><E120/><V67/><F1/><W61/><G32/><T35/><D35/><U18/><E106/><V76/><F46/><W135/><G135/><T0/><D0/><U115/><E29/><V25/><F25/><W102/><G79/><T65/><D49/><U15/><E115/><V52/><F37/><W117/><G85/><T17/><D66/><U60/><E7/><V105/><F55/><W83/><G83/><T123/><D123/><U13/><E13/><V113/><F113/><W128/><G128/><T47/><D47/><U118/><E118/><V33/><F33/><W125/><G125/><T112/><D112/><U19/><E19/><V40/><F40/><W14/><G14/><T109/><D109/><U122/><E122/><V8/><F8/><W92/><G117/><T127/><D127/><U2/><E2/><V98/><F105/><W80/><G80/><T78/><REACH who="0" step="1"/><D27/><REACH who="0" ten="235,261,247,247" step="2"/><U30/><E30/><V53/><F53/><AGARI ba="0,1" hai="20,23,24,26,28,31,45,48,53,61,63,92,96,102" machi="53" ten="30,7700,0" yaku="7,1,9,1,8,1,52,1" doraHai="91" who="3" fromWho="2" sc="235,0,261,0,247,-77,247,87" /><INIT seed="2,0,0,3,4,50" ten="235,261,170,334" oya="2" hai0="122,35,127,28,29,93,25,78,7,8,83,40,34" hai1="128,119,20,108,5,113,49,63,67,24,129,38,105" hai2="102,9,58,27,94,44,118,6,45,57,76,130,103" hai3="77,80,48,17,3,62,114,21,106,71,96,86,42"/><V133/><F118/><W101/><G3/><T125/><D122/><U107/><E113/><V87/><F130/><N who="1" m="50281" /><E119/><V64/><F133/><W55/><G114/><T81/><D40/><U14/><E38/><V37/><F27/><W53/><G42/><T97/><D29/><N who="1" m="17543" /><E108/><V54/><F37/><W18/><G48/><T59/><D34/><U92/><E49/><N who="2" m="30927" /><F9/><W56/><G71/><T46/><D46/><N who="2" m="18026" /><F6/><W82/><G82/><T111/><D111/><U1/><E1/><V91/><F76/><W104/><G104/><T30/><D30/><U115/><E115/><V47/><N who="2" m="18034" /><V61/><AGARI ba="0,0" hai="58,61,64,87,91,94,102,103" m="18034,30927" machi="61" ten="40,7800,0" yaku="4,1,8,1,52,1" doraHai="50" who="2" fromWho="2" sc="235,-26,261,-26,170,78,334,-26" /><INIT seed="2,1,0,2,2,1" ten="209,235,248,308" oya="2" hai0="69,58,130,94,57,54,131,44,115,26,109,12,129" hai1="17,70,90,128,81,47,32,49,101,31,97,28,20" hai2="135,100,99,103,133,107,80,35,2,16,37,65,127" hai3="74,41,75,83,8,10,68,62,39,85,53,56,51"/><V120/><F120/><W76/><G10/><T52/><D69/><U73/><E70/><V23/><F35/><W102/><G102/><T59/><D115/><U21/><E128/><V119/><F119/><W91/><G91/><T11/><D109/><U42/><E32/><V55/><F37/><W38/><G38/><T82/><D26/><U108/><E108/><V3/><F65/><N who="3" m="41015" /><G8/><T15/><D94/><N who="1" m="58551" /><E73/><V63/><F127/><W95/><G95/><T105/><D105/><U122/><E122/><V118/><F118/><W43/><G43/><T96/><D96/><U92/><E81/><V132/><F80/><W46/><AGARI ba="1,0" hai="39,41,46,51,53,56,74,75,76,83,85" m="41015" machi="46" ten="30,1100,0" yaku="24,1" doraHai="1" who="3" fromWho="3" sc="209,-4,235,-4,248,-6,308,14" /><INIT seed="3,0,0,4,5,1" ten="205,231,242,322" oya="3" hai0="60,22,63,102,113,72,64,9,26,69,30,28,117" hai1="108,82,84,37,80,53,134,100,105,56,83,31,70" hai2="35,116,133,122,68,119,24,78,101,49,93,85,27" hai3="95,51,38,6,103,50,97,0,127,12,58,33,19"/><W118/><G38/><T115/><D72/><U54/><E37/><V129/><F68/><W47/><G33/><T2/><D117/><U107/><E70/><V57/><F129/><W45/><G118/><T55/><D102/><U121/><E121/><V131/><F131/><W66/><G127/><T3/><D28/><U7/><E108/><V5/><F122/><W135/><G6/><T114/><REACH who="0" step="1"/><D9/><REACH who="0" ten="195,231,242,322" step="2"/><U90/><E134/><V125/><F133/><W79/><G135/><T16/><D16/><U77/><E31/><V71/><F119/><W34/><G19/><T112/><N who="0" m="28672" /><DORA hai="126" /><T81/><D81/><U65/><E100/><V40/><F101/><W88/><G103/><T25/><D25/><U46/><E7/><V109/><F27/><W91/><G79/><T62/><D62/><N who="1" m="38087" /><E107/><V132/><F24/><W123/><G123/><T23/><D23/><U13/><E105/><V11/><F5/><W41/><G91/><T92/><D92/><N who="1" m="54343" /><E77/><V48/><F93/><W87/><G95/><T106/><D106/><U36/><E36/><V4/><F78/><W32/><G88/><T21/><D21/><U86/><E13/><V120/><F4/><W17/><G12/><T110/><D110/><U8/><E8/><V75/><F109/><W44/><G17/><T39/><D39/><U67/><E67/><V29/><F11/><W42/><G66/><T73/><D73/><U20/><E20/><V76/><F75/><W10/><G10/><T96/><D96/><U14/><E86/><V130/><F85/><W74/><G87/><T99/><D99/><U59/><E14/><RYUUKYOKU ba="0,1" sc="195,30,231,-10,242,-10,322,-10" hai0="2,3,22,26,30,55,60,63,64,69" owari="225,-17.5,221,-27.9,232,3.2,322,42.2" /></mjloggm>