<mjloggm ver="2.3"><GO type="225" lobby="0"/><UN n0="%E3%81%90%E3%81%A1%E3%82%84%E3%81%BE" n1="%E5%8D%A0%E3%81%84%E5%B8%AB%E8%A3%8F%E3%81%AA%E3%81%84%E3%81%97" n2="%E3%81%BF%E3%81%BF%E3%81%9A" n3="%E6%B4%BE%E9%81%A3%E3%81%AE%E3%82%B8%E3%83%A3%E3%83%83%E3%82%AF" dan="16,17,18,17" rate="2140.24,2166.91,2232.81,2209.04" sx="M,M,M,M"/><TAIKYOKU oya="0"/><INIT seed="0,0,0,1,1,9" ten="250,250,250,250" oya="0" hai0="112,67,110,118,126,6,77,1,125,60,21,64,93" hai1="19,18,102,129,2,100,0,68,124,81,134,127,106" hai2="108,58,41,32,75,29,117,39,11,65,66,24,30" hai3="101,38,111,80,14,69,72,53,28,5,86,55,20"/><T8/><D112/><U104/><E81/><V88/><F75/><W46/><G69/><T122/><D118/><U17/><E68/><V121/><F121/><W133/><G111/><T50/><D122/><U36/><E36/><V76/><F76/><W43/><G72/><T119/><D119/><U109/><E109/><V107/><F107/><N who="1" m="41001" /><E134/><V51/><F117/><W71/><G71/><T42/><D110/><U33/><E33/><V31/><F108/><W54/><G101/><N who="1" m="39018" /><E129/><V70/><F39/><W92/><G92/><T85/><D21/><U94/><E94/><V84/><F70/><W130/><G133/><T91/><D77/><U40/><E40/><V48/><F32/><W123/><G123/><T105/><D105/><U87/><E87/><V27/><F11/><W128/><G28/><T89/><D89/><U49/><E49/><N who="2" m="19019" /><F41/><W95/><G95/><T96/><D85/><U25/><E25/><N who="2" m="9803" /><F58/><W23/><G23/><T52/><D42/><U120/><E120/><V73/><F73/><W82/><G5/><T13/><D1/><AGARI ba="0,0" hai="0,1,2,17,18,19,124,127" m="39018,41001" machi="1" ten="40,2600,0" yaku="28,2" doraHai="9" who="1" fromWho="0" sc="250,-26,250,26,250,0,250,0" /><INIT seed="1,0,0,1,1,115" ten="224,276,250,250" oya="1" hai0="60,31,132,1,29,80,100,72,27,22,23,125,44" hai1="67,40,107,15,101,116,39,81,45,98,5,96,21" hai2="53,77,6,25,122,43,35,126,124,8,123,93,104" hai3="33,66,90,106,30,89,65,18,38,51,78,48,135"/><U83/><E67/><V64/><F43/><W9/><G106/><T34/><D1/><U68/><E68/><V42/><F104/><W26/><G38/><T113/><D113/><U56/><E116/><V103/><F77/><W108/><G108/><T3/><D3/><U109/><E109/><V85/><F42/><W94/><G78/><T55/><D125/><N who="2" m="48234" /><F53/><W112/><G112/><T10/><D132/><U128/><E128/><V105/><F105/><W134/><G9/><T17/><D100/><U54/><E96/><N who="2" m="59791" /><F85/><W28/><G33/><T79/><D31/><U73/><E73/><V86/><F86/><W32/><G32/><T119/><D119/><U130/><E130/><V61/><F25/><W127/><G127/><T2/><D2/><U50/><REACH who="1" step="1"/><E5/><REACH who="1" ten="224,266,250,250" step="2"/><V88/><F123/><W47/><G66/><T57/><D72/><U114/><E114/><V7/><F122/><W82/><G65/><T120/><D120/><U37/><E37/><V69/><F6/><W12/><G135/><T102/><D102/><U13/><E13/><N who="2" m="5279" /><F35/><W24/><G134/><T41/><D34/><U121/><E121/><V118/><F118/><W111/><G111/><T74/><D74/><U75/><E75/><V52/><F88/><W49/><G89/><T58/><D79/><U4/><E4/><V59/><F64/><W46/><G90/><T92/><D27/><U71/><E71/><AGARI ba="0,1" hai="52,59,61,69,71" m="5279,59791,48234" machi="71" ten="30,2000,0" yaku="18,1,54,1" doraHai="115" who="2" fromWho="1" sc="224,0,266,-20,250,30,250,0" /><INIT seed="2,0,0,4,3,91" ten="224,246,280,250" oya="2" hai0="109,68,32,6,10,53,70,119,57,19,78,64,9" hai1="103,60,7,74,42,88,104,111,114,129,84,63,92" hai2="90,8,16,50,47,48,13,102,112,94,106,37,11" hai3="125,61,38,77,0,107,44,127,105,133,115,66,113"/><V93/><F112/><N who="3" m="43083" /><G0/><T25/><D109/><U31/><E114/><V79/><F37/><W41/><G77/><T131/><D131/><U39/><E129/><V97/><F79/><W56/><G133/><T35/><D119/><U55/><E111/><V128/><F128/><W45/><G105/><T5/><D78/><U43/><E74/><V51/><F106/><W116/><G107/><T29/><D35/><U95/><E104/><V65/><F65/><W124/><G45/><T3/><D19/><U17/><E39/><V96/><F8/><W23/><G23/><T34/><D64/><U54/><E7/><V2/><F2/><W59/><G116/><T40/><D40/><AGARI ba="0,0" hai="11,13,16,40,47,48,50,51,90,93,94,96,97,102" machi="40" ten="30,12000,1" yaku="7,1,8,1,52,2,54,1" doraHai="91" who="2" fromWho="0" sc="224,-120,246,0,280,120,250,0" /><INIT seed="2,1,0,0,4,83" ten="104,246,400,250" oya="2" hai0="116,121,35,120,42,106,90,103,75,133,24,80,68" hai1="87,132,122,77,12,59,49,11,113,0,60,30,34" hai2="40,62,130,91,53,17,99,33,43,54,19,112,52" hai3="134,36,6,45,125,16,88,117,82,14,81,93,78"/><V64/><F112/><W76/><G117/><T29/><D133/><U104/><E113/><V129/><F33/><W111/><G134/><T2/><D116/><U31/><E104/><V135/><F99/><W101/><G111/><T61/><D2/><U38/><E38/><V1/><F1/><W92/><G125/><T41/><D41/><N who="2" m="15946" /><F91/><W110/><G110/><T70/><D42/><U124/><E124/><V20/><F20/><N who="3" m="11287" /><G6/><T58/><D58/><U115/><E0/><V126/><F135/><W9/><G45/><T98/><D90/><U69/><E34/><V37/><F126/><W21/><G9/><T86/><D86/><U72/><E72/><V118/><F118/><W28/><G36/><T46/><D46/><U109/><E69/><V123/><F37/><W5/><G5/><T102/><D102/><U131/><E115/><V27/><F27/><N who="3" m="16495" /><G93/><T50/><D50/><U63/><E49/><V13/><F13/><W56/><G56/><T65/><REACH who="0" step="1"/><D70/><REACH who="0" ten="94,246,400,250" step="2"/><U7/><E59/><N who="2" m="36959" /><F123/><W15/><G101/><T74/><D74/><U94/><E122/><V51/><F51/><W105/><G76/><AGARI ba="1,1" hai="24,29,35,61,65,68,75,76,80,98,103,106,120,121" machi="76" ten="40,12000,2" yaku="1,1,25,2,23,2,53,1" doraHai="83" doraHaiUra="67" who="0" fromWho="3" sc="94,133,246,0,400,0,250,-123" /><INIT seed="3,0,0,3,1,41" ten="227,246,400,127" oya="3" hai0="0,6,114,107,9,98,69,53,58,35,135,8,85" hai1="110,18,100,15,108,12,38,64,23,20,91,113,71" hai2="130,51,26,88,72,105,97,36,133,87,61,101,1" hai3="92,32,14,118,19,96,62,95,28,2,55,116,17"/><W122/><G122/><T104/><D69/><U10/><E113/><V29/><F36/><W120/><G120/><T134/><D35/><U59/><E38/><V33/><F1/><W24/><G2/><T56/><D114/><U94/><E71/><V68/><F130/><W22/><G17/><T21/><D9/><U67/><E100/><V65/><F133/><N who="0" m="50698" /><D85/><N who="1" m="52591" /><E59/><N who="0" m="22569" /><D53/><U102/><E102/><V34/><F51/><W99/><G62/><T128/><D128/><U73/><E73/><V111/><F111/><N who="1" m="42537" /><E20/><V86/><F86/><W3/><G3/><T11/><D11/><U125/><E125/><V77/><F77/><W76/><G76/><T48/><D48/><U50/><E50/><V27/><F72/><W40/><G40/><T131/><D131/><U83/><E83/><N who="2" m="49279" /><F27/><W47/><G95/><T57/><N who="0" m="22577" /><T119/><DORA hai="126" /><D119/><U109/><N who="1" m="42545" /><U25/><DORA hai="106" /><E12/><V112/><F34/><W54/><G54/><T80/><D80/><U82/><E82/><V39/><F39/><W46/><G55/><T4/><D4/><AGARI ba="0,0" hai="4,10,15,18,23,25,64,67" m="42545,52591" machi="4" ten="40,1300,0" yaku="14,1" doraHai="41,126,106" who="1" fromWho="0" sc="227,-13,246,13,400,0,127,0" owari="214,-18.6,259,5.9,400,50.0,127,-37.3" /></mjloggm>