<mjloggm ver="2.3"><GO type="225" lobby="0"/><UN n0="%E6%98%93%E5%88%A9%E8%96%A9%E4%BC%AF" n1="%E5%A4%8F%E9%88%B4%E9%88%B4%E5%A4%8F" n2="%E3%81%90%E3%81%A1%E3%82%84%E3%81%BE" n3="%70%68%65%6E%6F%6D%65" dan="17,16,16,16" rate="2162.44,2151.87,2123.80,2130.65" sx="F,F,M,M"/><TAIKYOKU oya="0"/><INIT seed="0,0,0,3,4,88" ten="250,250,250,250" oya="0" hai0="19,96,14,105,50,108,28,85,81,33,80,47,98" hai1="66,41,83,106,120,113,2,45,65,1,57,90,79" hai2="10,61,95,129,9,71,118,40,119,21,62,43,63" hai3="69,37,34,91,31,4,64,39,67,97,128,110,48"/><T29/><D108/><U122/><E113/><V99/><F71/><W56/><G4/><T134/><D134/><U59/><E106/><V124/><F21/><W107/><G110/><T121/><D121/><U12/><E90/><V54/><F54/><W42/><G128/><T126/><D126/><U135/><E135/><V130/><F124/><W94/><G107/><T46/><D46/><U16/><E2/><V35/><F35/><W77/><G77/><T116/><D81/><U100/><E1/><V32/><F32/><W6/><G6/><T109/><D116/><N who="2" m="44586" /><F99/><W53/><G42/><N who="2" m="15913" /><F95/><W18/><G69/><T30/><D33/><U103/><E66/><V3/><F3/><W73/><G34/><T111/><D105/><U101/><E122/><V36/><F36/><W84/><G39/><T78/><D111/><U72/><E65/><V125/><F125/><W55/><G37/><T13/><D109/><U133/><E120/><V131/><AGARI ba="0,0" hai="9,10,61,62,63,129,130,131" m="15913,44586" machi="131" ten="40,8000,1" yaku="28,2,19,1,12,1" doraHai="88" who="2" fromWho="2" sc="250,-40,250,-20,250,80,250,-20" /><INIT seed="1,0,0,0,3,97" ten="210,230,330,230" oya="1" hai0="100,28,25,73,11,16,1,27,107,112,37,20,75" hai1="103,129,104,29,102,128,24,12,10,114,19,54,2" hai2="60,56,41,35,77,63,83,106,42,49,3,4,64" hai3="68,91,32,74,105,9,133,124,21,92,127,125,58"/><U89/><E114/><V79/><F106/><W117/><G32/><T86/><D112/><U81/><E2/><V65/><F35/><W132/><G68/><T30/><D37/><U26/><E104/><V118/><F118/><W33/><G33/><T6/><D86/><N who="1" m="50383" /><E54/><V46/><F3/><W96/><G21/><T82/><D27/><N who="1" m="10283" /><E29/><V93/><F4/><W62/><G117/><T55/><D55/><U38/><E38/><V87/><F41/><W59/><G74/><T17/><D17/><U135/><E135/><N who="3" m="51786" /><G62/><T0/><D0/><U69/><E69/><V15/><F15/><W40/><G40/><T123/><D123/><U14/><E14/><V57/><F93/><W90/><G105/><T34/><D82/><U108/><E108/><V31/><F31/><W67/><G67/><T36/><D36/><U70/><E70/><V18/><F18/><W116/><G116/><T53/><D53/><U113/><E113/><V43/><F42/><W126/><G124/><T23/><D23/><U78/><E78/><AGARI ba="0,0" hai="43,46,49,56,57,60,63,64,65,77,78,79,83,87" machi="78" ten="30,3900,0" yaku="7,1,9,1,8,1" doraHai="97" who="2" fromWho="1" sc="210,0,230,-39,330,39,230,0" /><INIT seed="2,0,0,1,0,72" ten="210,191,369,230" oya="2" hai0="36,32,28,127,61,23,96,34,95,129,97,88,44" hai1="123,99,75,115,0,67,54,51,24,38,55,120,49" hai2="78,50,18,92,132,63,33,5,104,102,57,45,113" hai3="46,30,73,125,124,35,62,52,109,17,9,121,12"/><V85/><F113/><W100/><G121/><T122/><D122/><N who="1" m="46635" /><E115/><V43/><F33/><W126/><G109/><T68/><D129/><U83/><E0/><V77/><F104/><W47/><G100/><T117/><D127/><U66/><E99/><V69/><F69/><W119/><G119/><T70/><D117/><U133/><E24/><V40/><F132/><W19/><G73/><T87/><D97/><U80/><E38/><V106/><F106/><W134/><G134/><T1/><D1/><U31/><E31/><V84/><F5/><W4/><G30/><T82/><D28/><U21/><E21/><V6/><F6/><W131/><G35/><T41/><D23/><U42/><E42/><V112/><F112/><W93/><G93/><T59/><D34/><U86/><E75/><V105/><F105/><W26/><G131/><T14/><D14/><U11/><E11/><V74/><F74/><W91/><G26/><T65/><REACH who="0" step="1"/><D32/><REACH who="0" ten="200,191,369,230" step="2"/><U37/><E133/><V71/><F102/><AGARI ba="0,1" hai="36,41,44,59,61,65,68,70,82,87,88,95,96,102" machi="102" ten="30,12000,2" yaku="1,1,2,1,7,1,54,1,53,2" doraHai="72" doraHaiUra="64" who="0" fromWho="2" sc="200,130,191,0,369,-120,230,0" /><INIT seed="3,0,0,2,1,97" ten="330,191,249,230" oya="3" hai0="120,55,35,67,24,130,28,0,2,96,38,43,111" hai1="76,18,122,68,85,10,121,100,81,92,133,52,102" hai2="114,87,11,106,46,82,13,80,101,70,61,118,21" hai3="17,58,8,40,99,36,41,7,83,74,78,16,54"/><W113/><G113/><T93/><D120/><U59/><E68/><V75/><F114/><W107/><G107/><T32/><D32/><U134/><E122/><V73/><F118/><W6/><G6/><T33/><D33/><U50/><E121/><V22/><F46/><W20/><G99/><T132/><D67/><U14/><REACH who="1" step="1"/><E92/><REACH who="1" ten="330,181,249,230" step="2"/><V44/><F106/><W47/><G40/><T42/><D93/><U25/><E25/><V116/><F70/><W94/><G94/><T89/><D24/><U98/><E98/><V117/><F117/><W15/><REACH who="3" step="1"/><G20/><REACH who="3" ten="330,181,249,220" step="2"/><T57/><D43/><U63/><E63/><AGARI ba="0,2" hai="7,8,15,16,17,36,41,47,54,58,63,74,78,83" machi="63" ten="30,11600,0" yaku="1,1,2,1,7,1,54,1,53,0" doraHai="97" doraHaiUra="29" who="3" fromWho="1" sc="330,0,181,-116,249,0,220,136" owari="330,13.0,65,-43.5,249,-15.1,356,45.6" /></mjloggm>