<mjloggm ver="2.3"><GO type="225" lobby="0"/><UN n0="%E3%82%A4%E3%83%BC%E3%82%B1%E3%83%97%E3%83%A9" n1="%E3%83%B4%E3%83%A0%EF%BC%99%E3%81%A6" n2="%E6%98%93%E5%88%A9%E8%96%A9%E4%BC%AF" n3="%E5%91%A8%E6%9D%B1" dan="16,17,17,16" rate="2100.50,2133.14,2158.65,2166.20" sx="M,M,F,M"/><TAIKYOKU oya="0"/><INIT seed="0,0,0,4,3,17" ten="250,250,250,250" oya="0" hai0="44,122,124,103,128,61,15,42,93,25,116,50,105" hai1="69,95,111,114,30,119,134,13,47,32,67,45,43" hai2="63,5,24,2,98,31,83,46,76,37,57,21,82" hai3="86,62,107,3,118,99,8,40,120,29,22,92,55"/><T70/><D116/><U73/><E119/><V54/><F2/><W75/><G118/><T110/><D122/><U53/><E73/><V121/><F121/><W125/><G120/><T56/><D124/><U65/><E13/><V101/><F5/><W87/><G75/><T10/><D128/><U36/><E30/><V18/><F76/><W39/><G107/><T12/><D70/><U27/><E27/><V60/><F60/><W34/><G34/><T80/><D105/><U20/><E32/><V11/><F46/><W52/><G125/><T49/><D110/><U28/><E95/><N who="2" m="58591" /><F37/><W48/><G39/><T66/><D80/><N who="2" m="30762" /><F11/><W112/><G8/><T115/><D115/><U88/><E36/><V23/><F31/><W97/><G3/><T84/><D25/><U26/><E45/><V131/><F131/><W85/><G112/><T41/><D10/><U74/><E69/><V16/><F18/><W104/><G104/><T71/><D42/><U68/><E68/><V133/><F133/><W72/><G72/><T64/><D64/><U132/><E114/><V100/><F100/><W9/><G9/><T130/><D130/><U35/><E74/><V1/><F1/><W51/><G40/><T4/><D4/><U81/><E43/><V127/><F127/><W78/><G78/><T96/><D84/><N who="1" m="50191" /><E111/><V91/><F91/><N who="3" m="55455" /><G99/><T109/><D109/><U59/><E47/><V7/><F7/><W123/><G123/><T90/><D103/><U126/><E126/><V33/><F33/><W106/><G106/><T0/><D0/><U58/><E35/><V89/><F89/><RYUUKYOKU ba="0,0" sc="250,15,250,-15,250,15,250,-15" hai0="12,15,41,44,49,50,56,61,66,71,90,93,96" hai2="16,21,23,24,54,57,63" /><INIT seed="0,1,0,0,0,120" ten="265,235,265,235" oya="0" hai0="45,84,37,67,132,23,105,124,24,29,14,1,13" hai1="87,65,125,36,106,53,52,28,60,130,18,112,121" hai2="103,95,115,7,128,111,93,17,44,126,40,79,70" hai3="34,73,135,92,104,47,133,129,118,25,64,62,114"/><T5/><D105/><U0/><E121/><V91/><F70/><W102/><G118/><T58/><D132/><U57/><E106/><V99/><F115/><W85/><G73/><T8/><D124/><U97/><E0/><V49/><F126/><W42/><G114/><T46/><D84/><U22/><E125/><V32/><F32/><W3/><G3/><T100/><D100/><U16/><E36/><V81/><F7/><W10/><G10/><T30/><D30/><U109/><E112/><V119/><F119/><W116/><G116/><T127/><D127/><U21/><E130/><V19/><F111/><W41/><G129/><T9/><D37/><U107/><E28/><V71/><F71/><W4/><G4/><T27/><D27/><N who="1" m="14775" /><E109/><V66/><F66/><W113/><G113/><T55/><D67/><U2/><E2/><V63/><F63/><W33/><G104/><T50/><REACH who="0" step="1"/><D1/><REACH who="0" ten="255,235,265,235" step="2"/><U56/><E107/><V48/><F128/><W74/><G25/><T31/><D31/><U110/><E110/><V26/><F26/><W80/><G133/><T82/><D82/><U88/><E97/><N who="2" m="57535" /><F81/><W38/><G135/><T59/><D59/><U96/><E96/><V83/><F83/><W20/><G80/><T78/><D78/><U43/><E57/><V86/><F79/><W117/><G117/><T90/><D90/><U35/><E87/><V68/><F86/><W131/><G85/><T77/><D77/><U94/><E65/><V12/><F68/><W11/><G64/><T123/><D123/><U39/><E39/><N who="2" m="21535" /><F12/><W61/><G38/><T122/><D122/><RYUUKYOKU ba="1,1" sc="255,15,235,-15,265,15,235,-15" hai0="5,8,9,13,14,23,24,29,45,46,50,55,58" hai2="17,19,48,49,95,99,103" /><INIT seed="0,2,1,5,5,130" ten="270,220,280,220" oya="0" hai0="40,118,21,128,120,77,126,95,58,47,63,129,113" hai1="134,81,70,91,133,115,106,109,60,10,56,132,78" hai2="14,72,105,49,93,4,112,87,98,108,116,5,8" hai3="9,97,23,64,41,103,25,0,90,2,82,104,7"/><T34/><D34/><U51/><E106/><V27/><F72/><W12/><G64/><T59/><D113/><U127/><E115/><V45/><F108/><W110/><G110/><T123/><D118/><U32/><E109/><V124/><F116/><W102/><G41/><T86/><D126/><U84/><E127/><V57/><F124/><W11/><G103/><T117/><D117/><U74/><E32/><V43/><F105/><W96/><G11/><T22/><D77/><U26/><E26/><V83/><F27/><W107/><G107/><T73/><D73/><U20/><E20/><N who="0" m="7785" /><D86/><U85/><E10/><V44/><F44/><W54/><G54/><N who="0" m="34263" /><D59/><U88/><E74/><V99/><F99/><W114/><G114/><T13/><D13/><U24/><E24/><V3/><F57/><W101/><G101/><T68/><D95/><N who="1" m="54663" /><E70/><V33/><F33/><W17/><REACH who="3" step="1"/><G82/><REACH who="3" ten="270,220,280,210" step="2"/><T92/><D68/><U79/><E51/><V38/><F49/><W6/><G6/><T42/><D42/><U62/><E62/><V1/><F5/><W122/><G122/><T65/><D65/><AGARI ba="2,2" hai="56,60,65,78,79,81,85,91,132,133,134" m="54663" machi="65" ten="30,8000,1" yaku="20,1,52,3,54,1" doraHai="130" who="1" fromWho="0" sc="270,-86,220,106,280,0,210,0" /><INIT seed="1,0,0,3,4,77" ten="184,326,280,210" oya="1" hai0="135,9,41,56,67,126,54,101,43,83,64,5,51" hai1="98,49,37,113,15,57,76,92,108,104,8,132,74" hai2="124,62,33,116,117,38,127,61,85,55,106,11,86" hai3="103,114,95,6,23,44,79,72,96,125,39,109,99"/><U3/><E113/><V47/><F106/><W45/><G114/><T20/><D135/><U93/><E37/><V1/><F33/><W50/><G109/><T123/><D126/><N who="2" m="48170" /><F1/><W84/><G125/><T69/><D123/><U0/><E132/><V73/><F11/><W7/><G72/><T22/><D101/><U12/><E104/><V111/><F73/><W60/><G39/><T31/><D83/><U19/><E108/><V13/><F13/><W28/><G60/><N who="2" m="23145" /><F111/><W130/><G99/><T89/><D89/><U70/><E70/><V42/><F55/><W71/><G71/><T82/><D82/><U107/><E107/><V25/><F25/><W63/><G6/><T131/><D69/><U32/><E32/><V66/><F66/><W121/><G7/><T80/><D80/><U75/><E15/><V10/><F10/><W24/><G24/><T59/><D67/><U128/><E74/><V129/><F129/><W87/><G130/><T94/><D131/><U68/><E68/><V110/><F110/><W65/><G65/><T97/><D64/><U105/><E105/><V133/><F133/><W34/><G34/><T21/><D31/><U35/><E35/><V120/><F120/><W30/><G121/><T88/><REACH who="0" step="1"/><D59/><REACH who="0" ten="174,326,280,210" step="2"/><U18/><E128/><V16/><F116/><W119/><G119/><T115/><D115/><U81/><E57/><V48/><F117/><W4/><G28/><T27/><D27/><U52/><E75/><V91/><F91/><W122/><G30/><T26/><D26/><U112/><E112/><V36/><F86/><W58/><G87/><RYUUKYOKU ba="0,1" sc="174,30,326,-10,280,-10,210,-10" hai0="5,9,20,21,22,41,43,51,54,56,88,94,97" /><INIT seed="2,1,1,3,4,35" ten="204,316,270,200" oya="2" hai0="128,106,114,104,119,115,98,79,50,127,126,86,96" hai1="47,30,61,93,101,72,103,53,15,88,7,10,16" hai2="116,76,4,111,46,11,13,132,60,69,29,99,66" hai3="91,70,64,75,73,59,133,24,67,54,44,63,92"/><V5/><F116/><W129/><G129/><T80/><D128/><U26/><E72/><V17/><F132/><W51/><G133/><T41/><D119/><U9/><E30/><V122/><F122/><W125/><G125/><N who="0" m="47627" /><D50/><N who="1" m="28895" /><E61/><V20/><F76/><W78/><G78/><T42/><D41/><U32/><E32/><V135/><F111/><W71/><G24/><T48/><D48/><U0/><E0/><V97/><F135/><W39/><G67/><T65/><D65/><U83/><E83/><V49/><F29/><W77/><G77/><T117/><D42/><U23/><E10/><V57/><F69/><W113/><G113/><N who="0" m="43019" /><D117/><U34/><E34/><V124/><F5/><W43/><REACH who="3" step="1"/><G71/><REACH who="3" ten="204,316,270,190" step="2"/><T3/><D3/><U62/><E62/><V123/><F124/><W37/><G37/><T56/><D56/><U112/><E112/><V110/><F66/><W109/><G109/><T68/><D68/><U36/><E36/><V131/><F110/><W121/><G121/><T74/><D74/><U45/><E45/><V33/><F123/><W87/><AGARI ba="1,2" hai="39,43,44,51,54,59,63,64,70,73,75,87,91,92" machi="87" ten="20,8000,1" yaku="1,1,0,1,7,1,24,2,53,0" doraHai="35" doraHaiUra="22" who="3" fromWho="3" sc="204,-21,316,-21,270,-41,190,103" /><INIT seed="3,0,0,4,4,127" ten="183,295,229,293" oya="3" hai0="32,0,47,48,123,91,70,21,9,76,88,63,38" hai1="61,73,50,129,75,82,54,118,16,97,59,15,45" hai2="131,109,55,87,8,106,110,40,68,5,104,107,12" hai3="64,130,67,96,30,84,57,111,102,26,134,135,100"/><W35/><G130/><T60/><D32/><U22/><E129/><V52/><F131/><W25/><G111/><N who="2" m="42505" /><F68/><W119/><G119/><T33/><D33/><U132/><E118/><V65/><F65/><W17/><G84/><T113/><D38/><U74/><E132/><N who="3" m="50730" /><G57/><T36/><D36/><U116/><E116/><V115/><F115/><W37/><G37/><T23/><D123/><U34/><E34/><V69/><F69/><W105/><G102/><T31/><D113/><U20/><E97/><V58/><F40/><W80/><G80/><T72/><D76/><U120/><E120/><V14/><F58/><W4/><G4/><T28/><D72/><U112/><E112/><V126/><F126/><W83/><G83/><T103/><D103/><U95/><E95/><V41/><F41/><W99/><G99/><T122/><D122/><U86/><E22/><AGARI ba="0,0" hai="17,22,25,26,30,35,64,67,96,100,105" m="50730" machi="22" ten="30,1500,0" yaku="20,1" doraHai="127" who="3" fromWho="1" sc="183,0,295,-15,229,0,293,15" owari="183,-31.7,280,8.0,229,-17.1,308,40.8" /></mjloggm>