<mjloggm ver="2.3"><GO type="225" lobby="0"/><UN n0="%69%4F%4B%4F%69" n1="%E7%89%B9%E6%9D%B1%E3%81%AF%E4%B8%96%E7%95%8C%E3%82%92%E6%95%91%E3%81%86" n2="%43%68%65" n3="%E5%A4%8F%E9%88%B4%E9%88%B4%E5%A4%8F" dan="16,16,16,16" rate="2118.08,2153.84,2195.27,2128.70" sx="M,M,M,F"/><TAIKYOKU oya="0"/><INIT seed="0,0,0,1,1,113" ten="250,250,250,250" oya="0" hai0="86,17,59,49,85,61,84,28,73,53,135,95,117" hai1="96,27,81,14,47,22,3,7,134,54,45,30,127" hai2="62,88,116,97,43,21,34,131,37,68,78,129,26" hai3="91,1,111,98,64,120,36,74,89,29,103,5,79"/><T41/><D73/><U119/><E134/><V52/><F34/><W20/><G111/><T114/><D114/><U33/><E127/><V65/><F78/><W112/><G112/><T39/><D135/><U83/><E119/><V0/><F0/><W57/><G36/><T35/><D39/><U24/><E96/><V82/><F43/><W70/><G70/><T107/><D107/><U46/><E54/><V99/><F37/><W90/><G120/><T67/><D41/><U122/><E122/><V4/><F4/><W121/><G121/><T42/><D42/><U130/><E130/><N who="2" m="49675" /><F52/><W115/><G115/><T101/><D117/><U32/><E32/><V10/><F10/><W102/><G5/><T124/><D124/><U94/><E94/><V132/><F132/><W100/><G1/><T18/><D35/><U56/><E56/><V108/><F108/><W133/><G79/><T31/><D31/><U110/><E110/><V125/><F125/><W9/><G9/><T92/><D28/><N who="1" m="17527" /><E3/><V50/><F50/><W25/><G133/><T109/><D109/><U16/><E7/><V38/><F38/><W55/><G64/><T58/><REACH who="0" step="1"/><D92/><REACH who="0" ten="240,250,250,250" step="2"/><U13/><E33/><V105/><F105/><W126/><G74/><T63/><D63/><U69/><E30/><N who="2" m="17743" /><F116/><W71/><G126/><T76/><D76/><U128/><E128/><V40/><F40/><W19/><G29/><T80/><D80/><U72/><E72/><V104/><F104/><N who="3" m="63511" /><G71/><T123/><D123/><U51/><E83/><V106/><F106/><W15/><G25/><T118/><D118/><U66/><E24/><RYUUKYOKU ba="0,1" sc="240,10,250,-30,250,10,250,10" hai0="17,18,49,53,58,59,61,67,84,85,86,95,101" hai2="62,65,68,82,88,97,99" hai3="15,19,20,55,57,89,90,91,102,103" /><INIT seed="0,1,1,4,1,119" ten="250,220,260,260" oya="0" hai0="128,101,43,6,109,95,98,133,108,82,11,81,27" hai1="41,88,112,26,1,131,39,70,38,12,106,99,113" hai2="74,124,35,90,129,42,50,9,10,0,20,69,122" hai3="2,134,53,114,23,77,25,107,46,3,68,83,96"/><T36/><D128/><U40/><E1/><V111/><F35/><W4/><G114/><N who="1" m="44138" /><E70/><V59/><F69/><W125/><G68/><T15/><D133/><U33/><E131/><V115/><F115/><W62/><G134/><T116/><D116/><U103/><E12/><V5/><F74/><W121/><G4/><T17/><D43/><N who="1" m="16459" /><E88/><V104/><F90/><W29/><G125/><T21/><REACH who="0" step="1"/><D36/><REACH who="0" ten="240,220,260,260" step="2"/><U63/><E63/><V132/><F132/><W105/><G62/><T65/><D65/><U73/><E73/><V78/><F129/><W45/><G53/><T55/><D55/><U100/><E100/><V89/><F42/><W93/><G2/><T85/><D85/><U91/><E91/><V47/><F89/><W94/><G3/><T97/><D97/><U16/><E33/><V130/><F0/><W34/><G96/><T52/><D52/><U8/><E39/><V60/><F130/><W92/><G34/><T120/><D120/><U31/><E38/><V54/><F60/><W57/><G121/><T58/><D58/><U14/><E103/><V61/><F122/><W84/><REACH who="3" step="1"/><G57/><REACH who="3" ten="240,220,260,250" step="2"/><T37/><D37/><U51/><E99/><V76/><F59/><W117/><G117/><T48/><D48/><U66/><E51/><V24/><F50/><W135/><G135/><T30/><D30/><U102/><E66/><V80/><F61/><W22/><G22/><T72/><D72/><U118/><E118/><V18/><F20/><W86/><G86/><T71/><D71/><U7/><E31/><V49/><F49/><W110/><G110/><AGARI ba="1,3" hai="6,11,15,17,21,27,81,82,95,98,101,108,109,110" machi="110" ten="40,7700,0" yaku="1,1,14,1,10,1,53,0" doraHai="119" doraHaiUra="56" who="0" fromWho="3" sc="240,110,220,0,260,0,250,-80" /><INIT seed="0,2,0,0,5,92" ten="350,220,260,170" oya="0" hai0="86,41,120,51,62,70,124,79,52,30,11,2,1" hai1="131,108,65,85,74,53,71,50,21,102,19,43,103" hai2="28,122,123,44,58,83,114,54,16,47,25,97,45" hai3="46,116,107,134,12,9,77,90,39,81,23,132,119"/><T130/><D120/><U0/><E74/><V69/><F114/><W73/><G107/><T60/><D130/><U55/><E0/><V121/><F69/><W26/><G90/><T117/><D117/><N who="3" m="45129" /><G46/><T68/><D41/><U101/><E131/><V128/><F128/><W63/><G63/><T118/><D118/><U10/><E108/><V67/><F67/><W135/><G39/><T13/><D30/><U98/><E10/><V14/><F83/><W7/><G81/><T106/><D106/><U80/><E71/><V20/><F97/><W91/><G91/><T94/><D124/><U99/><E43/><V6/><F6/><W84/><G84/><T133/><D133/><N who="3" m="34049" /><W15/><DORA hai="100" /><G77/><T18/><D70/><U4/><E4/><V110/><F110/><W89/><G89/><T104/><D104/><U31/><E31/><V59/><REACH who="2" step="1"/><F54/><REACH who="2" ten="350,220,250,170" step="2"/><N who="1" m="20489" /><E65/><V57/><F57/><W88/><G73/><T111/><D68/><U66/><E66/><V109/><F109/><W22/><G88/><T127/><D111/><U95/><E95/><V49/><F49/><W36/><G36/><T8/><D94/><U113/><E50/><V42/><F42/><W125/><G125/><T105/><D127/><U72/><E72/><V93/><F93/><W34/><G15/><T75/><D13/><U82/><E82/><V37/><F37/><W32/><G26/><T56/><D51/><U112/><E112/><V40/><F40/><W76/><G76/><T61/><D75/><U3/><E113/><V129/><F129/><W126/><G126/><T64/><D79/><U48/><E48/><RYUUKYOKU ba="2,1" sc="350,-15,220,-15,250,15,170,15" hai2="14,16,20,25,28,44,45,47,58,59,121,122,123" hai3="7,9,12,22,23,32,34" /><INIT seed="1,3,1,2,5,81" ten="335,205,265,185" oya="1" hai0="57,131,90,23,52,54,8,116,27,80,130,60,76" hai1="77,14,55,50,92,88,42,51,135,4,126,104,35" hai2="44,133,100,115,66,108,97,129,84,67,59,12,5" hai3="2,93,45,61,74,123,112,75,113,10,56,46,16"/><U41/><E104/><V26/><F108/><W125/><G123/><T49/><D116/><U25/><E135/><V34/><F133/><W62/><G125/><T107/><D107/><U13/><E126/><V0/><F0/><W69/><G69/><T18/><D90/><U72/><E72/><V1/><F1/><W114/><G93/><T63/><D8/><U33/><E77/><V99/><F129/><N who="0" m="49162" /><D54/><U24/><E55/><V109/><F109/><W17/><G2/><T110/><D110/><U105/><E92/><V29/><F44/><N who="3" m="17003" /><G56/><T96/><D96/><U43/><E105/><V68/><F68/><W83/><G83/><T134/><D134/><U94/><E94/><V39/><F59/><W20/><G20/><T102/><D102/><U53/><E53/><V87/><F115/><W7/><G7/><T37/><D37/><U121/><E121/><V103/><F39/><W98/><G10/><T95/><D95/><U38/><E38/><V120/><F120/><W73/><G98/><T21/><D21/><U65/><E41/><V22/><F99/><W79/><G79/><T6/><D6/><U119/><E4/><V91/><F91/><W106/><G106/><T128/><N who="0" m="49170" /><T58/><DORA hai="3" /><D58/><U32/><E88/><V70/><F70/><W85/><G85/><AGARI ba="3,1" hai="18,23,27,49,52,57,60,63,76,80,85" m="49170" machi="85" ten="40,5200,0" yaku="19,1,52,1,54,1" doraHai="81,3" who="0" fromWho="3" sc="335,71,205,0,265,0,185,-61" /><INIT seed="2,0,0,3,4,120" ten="406,205,265,124" oya="2" hai0="14,119,111,104,129,61,131,33,42,80,126,78,72" hai1="81,88,2,98,50,95,103,83,38,54,45,63,58" hai2="12,128,110,112,71,84,64,55,69,77,56,79,18" hai3="5,31,109,66,0,35,82,73,127,114,60,85,96"/><V41/><F112/><W57/><G114/><T4/><D111/><U51/><E2/><V40/><F128/><N who="0" m="49226" /><D33/><U106/><E38/><V108/><F41/><W59/><G127/><T116/><D126/><U70/><E70/><V39/><F39/><W52/><G73/><T29/><D104/><U94/><E106/><V91/><F40/><W100/><G109/><N who="2" m="42089" /><F64/><W3/><G5/><T67/><D29/><U92/><E92/><N who="2" m="54375" /><F69/><W9/><G9/><N who="0" m="4391" /><D42/><N who="1" m="24887" /><E51/><N who="2" m="30847" /><F71/><AGARI ba="0,0" hai="61,67,71,72,78,80,116,119" m="4391,49226" machi="71" ten="30,1000,0" yaku="19,1" doraHai="120" who="0" fromWho="2" sc="406,10,205,0,265,-10,124,0" /><INIT seed="3,0,0,2,4,74" ten="416,205,255,124" oya="3" hai0="25,105,50,82,43,13,134,6,48,58,65,22,71" hai1="54,1,44,110,116,19,26,75,60,108,123,104,73" hai2="119,101,135,91,18,7,37,125,70,63,94,53,3" hai3="96,93,23,83,106,88,92,129,16,69,100,33,28"/><W78/><G69/><T56/><D105/><U11/><E123/><V12/><F119/><W111/><G129/><T130/><D71/><U76/><E104/><V47/><F101/><W8/><G111/><N who="1" m="42538" /><E116/><V64/><F125/><W35/><G8/><N who="0" m="4247" /><D134/><U107/><E107/><V20/><F135/><W31/><G33/><T51/><D130/><U36/><E76/><V79/><F79/><W29/><G35/><T66/><D82/><U90/><E90/><V124/><F124/><W98/><G106/><T67/><D43/><N who="1" m="22631" /><E26/><V59/><F37/><W77/><G83/><T120/><D120/><U24/><E24/><AGARI ba="0,0" hai="16,23,24,28,29,31,77,78,88,92,93,96,98,100" machi="24" ten="40,12000,1" yaku="8,1,52,2,54,2" doraHai="74" who="3" fromWho="1" sc="416,0,205,-120,255,0,124,120" /><INIT seed="3,1,0,4,0,93" ten="416,85,255,244" oya="3" hai0="17,78,110,117,43,82,108,86,77,47,60,54,84" hai1="130,56,74,94,8,125,103,31,87,81,23,119,65" hai2="32,6,53,57,75,14,19,3,73,58,69,79,113" hai3="71,5,1,120,89,39,98,34,38,55,102,90,9"/><W27/><G120/><T36/><D117/><U100/><E74/><V122/><F113/><W85/><G71/><T80/><D17/><U62/><E119/><V116/><F69/><W22/><G34/><T66/><D54/><U114/><E114/><V16/><F32/><W24/><G55/><T97/><D97/><U95/><E130/><V15/><F53/><W72/><G72/><T11/><D11/><U92/><E125/><V68/><F68/><AGARI ba="1,0" hai="36,43,47,60,66,68,77,78,80,82,84,86,108,110" machi="68" ten="40,1300,0" yaku="9,1" doraHai="93" who="0" fromWho="2" sc="416,16,85,0,255,-16,244,0" owari="432,53.2,85,-41.5,239,-16.1,244,4.4" /></mjloggm>