<mjloggm ver="2.3"><GO type="225" lobby="0"/><UN n0="%E3%82%A2%E3%83%9E%E3%83%9D%EF%BD%9E%EF%BD%9E%E3%83%A9" n1="%E5%91%A8%E6%9D%B1" n2="%E6%A1%9C%E8%8A%B1%E9%96%83%E3%80%85" n3="%E7%AB%8B%E8%8A%B1%E9%9F%BF" dan="17,16,17,17" rate="2073.45,2187.31,2168.76,2175.60" sx="M,M,M,F"/><TAIKYOKU oya="0"/><INIT seed="0,0,0,3,5,133" ten="250,250,250,250" oya="0" hai0="15,18,99,128,125,70,21,35,103,95,119,44,114" hai1="64,48,61,122,58,117,72,28,53,76,5,57,3" hai2="102,7,80,42,134,115,41,81,74,62,63,2,26" hai3="97,96,34,6,79,43,89,10,131,65,47,45,22"/><T50/><D114/><U124/><E28/><V93/><F115/><W86/><G34/><T37/><D119/><U69/><E117/><V116/><F116/><W109/><G109/><T82/><D128/><U40/><E76/><V75/><F134/><W46/><G131/><T129/><D129/><U77/><E77/><V110/><F26/><W52/><G65/><T105/><D70/><U130/><E72/><V78/><F7/><W23/><G43/><T13/><D37/><U112/><E5/><V88/><F2/><W60/><G79/><T111/><D82/><U14/><E14/><V8/><F8/><W135/><G135/><T127/><D35/><U55/><E3/><V32/><F32/><W29/><G97/><T9/><D105/><U92/><E92/><V11/><F11/><W85/><G96/><T0/><D0/><U94/><E94/><V16/><F16/><W19/><G29/><T123/><D123/><U39/><E130/><V20/><F20/><N who="3" m="7723" /><G6/><T59/><D59/><U107/><E107/><V83/><F110/><W106/><G106/><T84/><D84/><N who="3" m="32361" /><G89/><T120/><D120/><U73/><E122/><V33/><F33/><W68/><G68/><T100/><D100/><U71/><E71/><V49/><F102/><W31/><G31/><T17/><REACH who="0" step="1"/><D111/><REACH who="0" ten="240,250,250,250" step="2"/><U38/><E112/><V67/><F80/><W91/><G91/><T1/><D1/><U36/><E73/><V108/><F108/><W87/><G87/><T66/><D66/><U101/><E101/><V118/><F67/><W126/><G45/><T4/><D4/><U56/><E64/><RYUUKYOKU ba="0,1" sc="240,30,250,-10,250,-10,250,-10" hai0="9,13,15,17,18,21,44,50,95,99,103,125,127" /><INIT seed="0,1,1,3,3,3" ten="270,240,240,240" oya="0" hai0="95,88,46,63,78,34,85,94,30,35,42,92,93" hai1="72,68,28,84,49,129,47,25,124,17,112,65,23" hai2="59,96,83,43,62,26,27,111,118,37,20,131,2" hai3="48,97,73,1,6,99,4,87,101,39,104,40,16"/><T128/><D128/><U117/><E117/><V108/><F131/><W19/><G73/><T121/><D121/><U75/><E129/><V53/><F118/><W57/><G39/><T106/><D106/><U69/><E112/><V134/><F134/><W133/><G133/><T0/><D78/><U41/><E124/><V61/><F2/><W11/><G4/><T15/><D0/><U29/><E84/><V80/><F96/><W81/><G99/><T12/><D63/><U64/><E69/><V110/><F62/><W36/><G36/><T31/><D31/><U116/><E116/><V13/><F13/><W18/><G40/><T113/><D113/><U5/><E5/><V10/><F10/><W77/><G57/><T76/><D76/><U120/><E120/><V105/><F105/><W21/><REACH who="3" step="1"/><G48/><REACH who="3" ten="270,240,240,230" step="2"/><T89/><D42/><U58/><E75/><V122/><F122/><W51/><G51/><T79/><D46/><U66/><E72/><V91/><F37/><W8/><G8/><T60/><D85/><U127/><E68/><V38/><F38/><W44/><G44/><T70/><D70/><U14/><E127/><V125/><F43/><W103/><G103/><T50/><D50/><U130/><E130/><V9/><F125/><W100/><G100/><T82/><D60/><U24/><E58/><V114/><F114/><W135/><G135/><T45/><D45/><U22/><REACH who="1" step="1"/><E65/><REACH who="1" ten="270,230,240,230" step="2"/><V109/><F59/><W56/><G56/><T55/><D55/><U90/><E90/><V7/><N who="2" m="27648" /><DORA hai="115" /><V98/><F91/><W67/><G67/><T107/><D88/><RYUUKYOKU ba="1,3" sc="270,-15,230,15,240,-15,230,15" hai1="14,17,22,23,24,25,28,29,41,47,49,64,66" hai3="1,6,11,16,18,19,21,77,81,87,97,101,104" /><INIT seed="1,2,3,1,4,81" ten="255,245,225,245" oya="1" hai0="43,101,117,63,60,125,61,70,76,7,13,11,52" hai1="90,2,100,115,94,73,18,41,97,8,87,71,24" hai2="128,26,22,54,28,82,59,9,4,107,39,79,21" hai3="99,46,92,48,84,114,89,20,113,37,25,112,86"/><U58/><E71/><V15/><F128/><W29/><REACH who="3" step="1"/><G37/><REACH who="3" ten="255,245,225,235" step="2"/><T67/><D117/><U10/><E115/><V34/><F39/><W135/><G135/><T123/><D123/><U44/><E2/><V127/><F127/><W75/><G75/><T12/><D125/><U5/><E73/><V85/><REACH who="2" step="1"/><F107/><REACH who="2" ten="255,245,215,235" step="2"/><W19/><G19/><T72/><D72/><U110/><E18/><V74/><F74/><W109/><G109/><T119/><D119/><U108/><E110/><V33/><F33/><W62/><G62/><AGARI ba="2,5" hai="4,9,15,21,22,26,28,34,54,59,62,79,82,85" machi="62" ten="30,3900,0" yaku="1,1,7,1,52,1,53,0" doraHai="81" doraHaiUra="32" who="2" fromWho="3" sc="255,0,245,0,215,95,235,-45" /><INIT seed="2,0,0,1,3,87" ten="255,245,310,190" oya="2" hai0="97,109,129,53,38,112,66,93,49,33,106,48,18" hai1="17,132,12,115,76,91,104,122,103,111,114,45,78" hai2="123,73,36,65,101,21,131,75,63,110,69,79,84" hai3="4,62,86,14,60,6,20,130,82,70,121,1,16"/><V13/><F123/><W7/><G121/><T47/><D112/><U8/><E122/><V39/><F131/><W116/><G116/><T108/><D129/><U133/><E111/><N who="0" m="42569" /><D106/><U85/><E45/><V11/><F110/><W27/><G130/><T23/><D33/><U58/><E58/><V54/><F101/><W44/><G1/><T9/><D9/><U100/><E115/><V105/><F105/><W124/><G124/><T34/><D34/><U31/><E31/><V67/><F67/><W19/><G44/><T52/><D66/><U35/><E35/><V55/><F21/><W99/><G99/><T51/><D38/><U3/><E3/><V125/><F39/><W77/><REACH who="3" step="1"/><G70/><REACH who="3" ten="255,245,310,180" step="2"/><T117/><D47/><U102/><E114/><V68/><F68/><W61/><G61/><T113/><D117/><U43/><E104/><V42/><F125/><W71/><G71/><T135/><D113/><U2/><E2/><V90/><F63/><W83/><G83/><T94/><D97/><U25/><E43/><V81/><F42/><W30/><G30/><T64/><D49/><U37/><E37/><V29/><F29/><W26/><G26/><T74/><D51/><U0/><E25/><V5/><F36/><W50/><G50/><T40/><D48/><U95/><E0/><V32/><F69/><W89/><G89/><T10/><D40/><U80/><REACH who="1" step="1"/><E78/><REACH who="1" ten="255,235,310,180" step="2"/><V22/><F79/><W92/><G92/><T41/><D94/><U15/><E15/><V134/><F13/><W126/><G126/><T88/><D93/><U127/><E127/><V128/><F128/><RYUUKYOKU ba="0,2" sc="255,-15,235,15,310,-15,180,15" hai1="8,12,17,76,80,85,91,95,100,102,103,132,133" hai3="4,6,7,14,16,19,20,27,60,62,77,82,86" /><INIT seed="3,1,2,0,1,0" ten="240,250,295,195" oya="3" hai0="45,134,59,121,23,13,76,73,108,38,55,92,77" hai1="43,65,31,69,57,9,74,15,53,1,17,25,122" hai2="42,35,64,110,22,129,88,20,120,46,123,54,94" hai3="130,71,62,34,116,75,32,58,105,16,56,85,83"/><W111/><G116/><T39/><D121/><N who="2" m="46666" /><F110/><W112/><G112/><T41/><D134/><U79/><E122/><V128/><F35/><W86/><G105/><T8/><D39/><U101/><E101/><V70/><F54/><W24/><G130/><N who="2" m="50281" /><F64/><W7/><G111/><T87/><D73/><U60/><E74/><V135/><F70/><W80/><G75/><T49/><D23/><U118/><E118/><V81/><F81/><W127/><G127/><T61/><D38/><U107/><E43/><V124/><F135/><W109/><G109/><T90/><REACH who="0" step="1"/><D108/><REACH who="0" ten="230,250,295,195" step="2"/><U113/><E113/><V2/><F124/><W10/><G71/><T63/><D63/><U117/><E60/><V131/><F131/><W19/><G32/><T126/><D126/><U100/><E69/><V66/><F66/><W48/><G34/><T37/><D37/><U44/><E65/><V27/><F27/><W51/><G62/><T36/><D36/><U103/><E25/><V97/><F2/><W67/><G67/><T82/><D82/><U26/><E1/><V95/><F95/><W98/><G24/><T52/><D52/><U114/><E53/><V115/><F115/><W47/><G47/><T40/><D40/><U33/><E44/><V102/><F42/><W125/><G125/><T91/><D91/><U104/><E114/><V119/><F119/><W5/><G10/><T106/><D106/><U89/><E117/><V6/><F46/><W3/><G3/><T68/><D68/><U14/><E104/><N who="2" m="63567" /><F22/><W11/><G11/><T132/><D132/><U21/><E107/><V30/><F20/><RYUUKYOKU ba="1,3" sc="230,15,250,-15,295,-15,195,15" hai0="8,13,41,45,49,55,59,61,76,77,87,90,92" hai3="5,7,16,19,48,51,56,58,80,83,85,86,98" /><INIT seed="3,2,3,4,2,87" ten="245,235,280,210" oya="3" hai0="119,39,53,81,77,21,30,38,78,113,9,90,74" hai1="7,23,12,22,118,61,130,33,104,112,68,28,83" hai2="42,51,123,101,25,95,121,79,57,124,1,106,105" hai3="54,122,0,69,76,34,52,94,129,135,110,10,35"/><W27/><G122/><T127/><D119/><U58/><E104/><V48/><F1/><W91/><G69/><T133/><D127/><U44/><E112/><V84/><F124/><W18/><G76/><T41/><D133/><U75/><E68/><V73/><F25/><W19/><G135/><T2/><D78/><U98/><E118/><V86/><F57/><W116/><G116/><T80/><D113/><U43/><E130/><V26/><F26/><W63/><G129/><T60/><D21/><U46/><E33/><V132/><F132/><W126/><G126/><T128/><D30/><U99/><E83/><N who="2" m="45551" /><F86/><W85/><G110/><T70/><D41/><U88/><E75/><V111/><F111/><W6/><G63/><T62/><D62/><U65/><E28/><V31/><F31/><W103/><G103/><T67/><D53/><U49/><E46/><N who="2" m="25687" /><F51/><W36/><G36/><T93/><D80/><U114/><E114/><V120/><F84/><W16/><REACH who="3" step="1"/><G27/><REACH who="3" ten="245,235,280,200" step="2"/><T134/><D128/><U29/><E61/><V20/><F101/><W125/><G125/><T14/><D134/><U45/><E49/><V131/><F131/><W107/><G107/><T3/><D39/><U4/><E43/><V8/><F106/><W97/><G97/><N who="0" m="57527" /><D38/><U56/><E99/><V40/><F105/><W47/><G47/><T32/><D32/><AGARI ba="2,4" hai="0,6,10,16,18,19,32,34,35,52,54,85,91,94" machi="32" ten="40,18000,2" yaku="1,1,52,1,54,2,53,3" doraHai="87" doraHaiUra="13" who="3" fromWho="0" sc="245,-186,235,0,280,0,200,226" owari="59,-44.1,235,-16.5,280,8.0,426,52.6" /></mjloggm>