<mjloggm ver="2.3"><GO type="225" lobby="0"/><UN n0="%E6%A1%9C%E8%8A%B1%E9%96%83%E3%80%85" n1="%E5%B6%BA%E4%B8%8A%E5%92%B2" n2="%E3%81%A4%E3%81%A3%E3%81%B1%E3%82%8A%E3%83%9D%E3%83%BC%E3%83%AB" n3="%E3%83%96%E3%83%83%E3%83%91%E3%82%AA%E3%83%96%E3%83%81%E3%82%AD%E3%83%B3" dan="17,16,17,16" rate="2174.76,2182.95,2269.57,2112.10" sx="M,F,M,M"/><TAIKYOKU oya="0"/><INIT seed="0,0,0,1,1,2" ten="250,250,250,250" oya="0" hai0="17,88,121,101,75,42,65,46,60,110,41,68,105" hai1="37,27,35,92,133,32,109,1,34,63,57,127,54" hai2="4,43,99,107,6,98,9,12,74,40,13,59,5" hai3="10,45,112,89,118,24,21,100,106,91,62,93,71"/><T67/><D121/><U129/><E109/><V25/><F74/><W47/><G112/><T49/><D75/><U94/><E129/><V97/><F107/><W52/><G118/><T38/><D110/><U115/><E115/><V123/><F123/><W44/><G106/><T125/><D125/><U96/><E127/><V56/><F25/><W120/><G120/><T131/><D131/><U87/><E37/><V55/><F59/><N who="3" m="35175" /><G71/><T14/><D67/><U53/><E1/><V76/><F76/><W135/><G135/><T90/><D42/><N who="2" m="15914" /><F9/><W80/><G10/><T70/><D70/><U130/><E133/><V39/><F39/><W86/><G100/><T36/><D36/><U16/><E130/><V103/><F103/><W124/><G124/><T51/><D51/><AGARI ba="0,0" hai="4,5,6,12,13,51,55,56,97,98,99" m="15914" machi="51" ten="30,7700,0" yaku="8,1,52,3" doraHai="2" who="2" fromWho="0" sc="250,-77,250,0,250,77,250,0" /><INIT seed="1,0,0,4,3,54" ten="173,250,327,250" oya="1" hai0="107,90,126,95,52,128,23,41,3,0,133,58,68" hai1="22,53,29,17,61,105,14,88,119,36,42,104,109" hai2="40,49,39,85,122,86,98,44,8,35,30,6,74" hai3="66,129,69,80,25,87,21,82,124,103,24,60,100"/><U131/><E119/><V127/><F122/><W79/><G124/><T108/><D126/><U81/><E131/><V101/><F127/><W10/><G129/><T116/><D128/><U4/><E109/><V51/><F74/><W92/><G25/><T13/><D116/><U2/><E29/><V130/><F130/><W62/><G92/><T28/><D107/><U43/><E36/><V38/><F38/><W19/><G10/><T47/><D68/><U120/><E120/><V102/><F30/><W33/><G33/><T26/><D133/><U106/><E2/><V123/><F35/><W121/><G121/><T114/><D13/><U11/><E4/><V65/><F65/><W71/><G82/><T70/><D70/><U93/><E81/><V94/><F102/><W72/><REACH who="3" step="1"/><G72/><REACH who="3" ten="173,250,327,240" step="2"/><T134/><D134/><U50/><E11/><V5/><F123/><W113/><G113/><T7/><D114/><U15/><E105/><V31/><F31/><W57/><G57/><T99/><D108/><U83/><E104/><V96/><F8/><W27/><G27/><T56/><D7/><U63/><E106/><N who="2" m="63783" /><F5/><W75/><G75/><T46/><D58/><N who="1" m="33079" /><E83/><V16/><F6/><W132/><G132/><T135/><D135/><U32/><E32/><V125/><F125/><W45/><G45/><T97/><D47/><U77/><E14/><V89/><F16/><W84/><G84/><T110/><D110/><U20/><E20/><V67/><F86/><W9/><G9/><T76/><D23/><U18/><E22/><V34/><F34/><W1/><G1/><N who="0" m="587" /><D26/><U112/><E112/><RYUUKYOKU ba="0,1" sc="173,-10,250,-10,327,-10,240,30" hai3="19,21,24,60,62,66,69,71,79,80,87,100,103" /><INIT seed="2,1,1,4,0,32" ten="163,240,317,270" oya="2" hai0="48,134,34,106,23,129,127,77,0,91,97,12,135" hai1="11,73,47,125,17,69,67,40,8,85,123,24,14" hai2="51,27,70,2,75,121,20,60,10,3,117,80,57" hai3="131,22,76,42,31,74,54,112,96,99,116,43,84"/><V29/><F121/><W15/><G116/><T88/><D34/><U53/><E73/><V7/><F117/><W6/><G74/><T107/><D127/><U101/><E125/><V30/><F70/><W120/><G120/><T26/><D12/><U25/><E123/><V16/><F2/><W66/><G131/><T95/><D48/><N who="1" m="26727" /><E69/><V108/><F108/><W13/><G66/><T41/><D41/><N who="3" m="15369" /><G112/><T37/><D37/><U126/><E67/><V1/><F1/><W82/><G54/><T130/><D0/><U87/><E126/><V55/><REACH who="2" step="1"/><F60/><REACH who="2" ten="163,240,307,270" step="2"/><W111/><G111/><T128/><D77/><AGARI ba="1,2" hai="3,7,10,16,20,27,29,30,51,55,57,75,77,80" machi="77" ten="40,12000,1" yaku="1,1,2,1,52,1,54,1,53,0" doraHai="32" doraHaiUra="109" who="2" fromWho="0" sc="163,-123,240,0,307,143,270,0" /><INIT seed="2,2,0,0,0,102" ten="40,240,450,270" oya="2" hai0="61,113,106,45,89,112,4,30,19,41,37,69,86" hai1="79,108,83,6,31,22,119,127,128,36,33,105,109" hai2="53,95,111,1,77,134,60,3,66,65,122,27,7" hai3="125,92,129,103,107,25,47,96,58,32,117,57,10"/><V114/><F114/><W110/><G117/><T0/><D19/><U124/><E119/><V91/><F122/><W51/><G110/><N who="1" m="42602" /><E36/><V55/><F111/><W98/><G125/><N who="1" m="48202" /><E6/><V81/><F134/><W75/><G129/><T50/><D50/><U118/><E118/><V43/><F43/><W21/><G75/><T54/><D54/><U34/><E128/><V99/><F27/><W133/><G10/><T20/><D20/><U11/><E11/><V71/><F65/><W64/><G32/><T56/><D30/><U123/><E123/><V80/><F80/><W44/><G133/><T67/><D56/><U5/><E5/><V40/><F40/><W76/><G76/><T15/><D15/><U35/><E105/><V9/><F3/><W23/><G64/><T121/><D121/><U49/><E49/><V12/><F1/><W29/><G21/><T116/><D116/><U24/><E83/><V115/><F115/><W84/><G47/><T97/><D86/><AGARI ba="2,0" hai="7,9,12,53,55,60,66,71,77,81,86,91,95,99" machi="86" ten="30,1500,0" yaku="7,1" doraHai="102" who="2" fromWho="0" sc="40,-21,240,0,450,21,270,0" /><INIT seed="2,3,0,0,1,109" ten="19,240,471,270" oya="2" hai0="32,107,5,126,68,111,78,104,82,127,85,13,77" hai1="99,66,101,121,86,44,91,119,108,128,89,39,102" hai2="31,95,20,64,26,125,21,110,76,53,52,88,38" hai3="46,14,131,93,19,27,45,100,112,90,10,113,11"/><V65/><F38/><W67/><G131/><T72/><D13/><U9/><E119/><V132/><F132/><W80/><G67/><N who="2" m="25673" /><F110/><W2/><G27/><T81/><D5/><U54/><E121/><V42/><F125/><W3/><G100/><T18/><D18/><U40/><E108/><V49/><F76/><W48/><G80/><T12/><D111/><U122/><E128/><V8/><F8/><W24/><G24/><T59/><D12/><U135/><E135/><V1/><F1/><W57/><G57/><T23/><D23/><U4/><E122/><V70/><F70/><W129/><G46/><T79/><D59/><U94/><E66/><V117/><F21/><W124/><G129/><T37/><D37/><U6/><E54/><V118/><F118/><W134/><G124/><T22/><D22/><U96/><E4/><V47/><F117/><W97/><G134/><T116/><D116/><U51/><E39/><V87/><AGARI ba="3,0" hai="20,26,31,42,47,49,52,53,87,88,95" m="25673" machi="87" ten="30,6000,0" yaku="8,1,54,2" doraHai="109" who="2" fromWho="2" sc="19,-23,240,-23,471,69,270,-23" owari="-4,-50.4,217,-18.3,540,64.0,247,4.7" /></mjloggm>