<mjloggm ver="2.3"><GO type="225" lobby="0"/><UN n0="%E6%B4%BE%E9%81%A3%E3%81%AE%E3%82%B8%E3%83%A3%E3%83%83%E3%82%AF" n1="%E3%81%A0%E3%81%8A" n2="%E3%83%96%E3%83%83%E3%83%91%E3%82%AA%E3%83%96%E3%83%81%E3%82%AD%E3%83%B3" n3="%E7%99%BD%E9%B9%BF%E6%84%9B%E8%8E%89" dan="17,16,16,17" rate="2162.00,2033.73,2184.19,2130.83" sx="M,M,M,F"/><TAIKYOKU oya="0"/><INIT seed="0,0,0,0,3,9" ten="250,250,250,250" oya="0" hai0="34,77,20,49,116,86,10,114,40,100,120,99,131" hai1="60,71,38,57,6,66,89,22,58,14,0,92,67" hai2="87,1,63,62,101,81,47,50,23,76,32,35,121" hai3="31,80,119,84,55,15,24,11,17,112,117,94,28"/><T19/><D120/><U39/><E0/><V64/><F121/><W95/><G112/><T82/><D34/><U123/><E123/><V122/><F122/><W79/><G117/><T56/><D116/><U36/><E67/><V37/><F1/><W126/><G126/><T26/><D131/><U133/><E133/><V52/><F37/><W102/><G119/><T70/><D70/><U98/><REACH who="1" step="1"/><E6/><REACH who="1" ten="250,240,250,250" step="2"/><V42/><F101/><W18/><G102/><T128/><D128/><U13/><E13/><V97/><F64/><W90/><G55/><T48/><D114/><U29/><E29/><V16/><F97/><W93/><G90/><T59/><D99/><U96/><E96/><V127/><F127/><W130/><G130/><T132/><D132/><U12/><E12/><V69/><F69/><W105/><G105/><T111/><D100/><U21/><E21/><AGARI ba="0,1" hai="11,15,17,18,21,24,28,31,79,80,84,93,94,95" machi="21" ten="40,2600,0" yaku="8,1,52,1" doraHai="9" who="3" fromWho="1" sc="250,0,240,-26,250,0,250,36" /><INIT seed="1,0,0,1,1,101" ten="250,214,250,286" oya="1" hai0="26,12,97,62,5,129,25,98,61,131,88,100,59" hai1="73,107,53,23,121,17,118,114,42,36,10,46,30" hai2="43,32,65,3,29,124,125,77,83,1,128,7,122" hai3="47,28,89,72,132,117,108,133,113,104,86,54,9"/><U102/><E114/><V82/><F122/><W109/><G28/><T103/><D5/><U85/><E73/><V90/><F65/><W33/><G33/><T116/><D12/><U66/><E118/><V99/><F128/><N who="0" m="49226" /><D116/><U69/><E121/><V123/><F123/><W75/><G117/><T44/><D44/><U21/><E53/><V134/><F134/><N who="3" m="51819" /><G9/><T126/><D126/><N who="2" m="48746" /><F43/><W0/><G0/><N who="2" m="73" /><F7/><W127/><G113/><T135/><D135/><U105/><E85/><V68/><F68/><W71/><G71/><T81/><D61/><U4/><E102/><N who="0" m="38953" /><D98/><U115/><E115/><V49/><F49/><W67/><G67/><N who="0" m="39391" /><D81/><U111/><E66/><V37/><F37/><W120/><G54/><T60/><D60/><U92/><E69/><V48/><F48/><W40/><G47/><T16/><D16/><U70/><E70/><V41/><F41/><W57/><G40/><T11/><D11/><U94/><E30/><V18/><F18/><W8/><G8/><T79/><D79/><U74/><E17/><V80/><F77/><W64/><G64/><T14/><D14/><U84/><E42/><V31/><F32/><W15/><G15/><T110/><D110/><U51/><E111/><V35/><F35/><W2/><G109/><T96/><D96/><U87/><E51/><V112/><F112/><W13/><G108/><T24/><D97/><U38/><E46/><V20/><F20/><W22/><G127/><T50/><D50/><U56/><E10/><V106/><F106/><W19/><G104/><T119/><D119/><U76/><E105/><V95/><AGARI ba="0,0" hai="29,31,80,82,83,90,95,99" m="73,48746" machi="95" ten="40,2700,0" yaku="5,1,18,1" doraHai="101" who="2" fromWho="2" sc="250,-7,214,-13,250,27,286,-7" /><INIT seed="2,0,0,2,2,58" ten="243,201,277,279" oya="2" hai0="104,128,135,29,45,60,121,61,28,22,13,31,41" hai1="59,19,133,101,27,44,33,76,106,97,124,111,32" hai2="5,20,18,74,50,38,65,70,98,53,96,17,99" hai3="116,51,71,113,7,75,37,109,107,47,83,82,23"/><V110/><F74/><W132/><G116/><T8/><D121/><U118/><E118/><V34/><F34/><W81/><G37/><T129/><D104/><U91/><E111/><V112/><F112/><W10/><G71/><T36/><D22/><U55/><E124/><V84/><F38/><W1/><G113/><T94/><D94/><U100/><E133/><V6/><F110/><W103/><G109/><T68/><D135/><U46/><E100/><V134/><F134/><W15/><G132/><T114/><D114/><U115/><E76/><V67/><F84/><W123/><G123/><T122/><D122/><U4/><E4/><V54/><F18/><W86/><G75/><T87/><D87/><U131/><E131/><N who="0" m="50249" /><D68/><U40/><E91/><V73/><F54/><W0/><G107/><T66/><D66/><N who="2" m="25098" /><F73/><W52/><G103/><T64/><D64/><U78/><E115/><V126/><F126/><W9/><G23/><T26/><D26/><U88/><E32/><V30/><F70/><W127/><G127/><T90/><D90/><U43/><E88/><V57/><F30/><N who="0" m="7682" /><T77/><DORA hai="24" /><D77/><U120/><E78/><V130/><F130/><W80/><N who="3" m="20480" /><DORA hai="12" /><W63/><G86/><T3/><D3/><U16/><E120/><V35/><F35/><W95/><G0/><T25/><D25/><AGARI ba="0,0" hai="5,6,17,20,25,50,53,57,96,98,99" m="25098" machi="25" ten="30,2900,0" yaku="8,1,52,1" doraHai="58,24,12" who="2" fromWho="0" sc="243,-29,201,0,277,29,279,0" /><INIT seed="2,1,0,0,2,43" ten="214,201,306,279" oya="2" hai0="19,54,7,64,107,114,105,76,110,75,12,87,133" hai1="93,84,104,32,0,17,31,108,55,94,132,67,1" hai2="116,16,47,42,39,121,69,98,97,128,111,71,123" hai3="72,135,60,120,23,14,119,129,88,70,37,6,15"/><V56/><F116/><W130/><G119/><T103/><D114/><U50/><E104/><V95/><F97/><W109/><G120/><T11/><D75/><U30/><E108/><V38/><F16/><N who="3" m="10647" /><G72/><T27/><D110/><U58/><E17/><V96/><F96/><W59/><G37/><N who="2" m="13833" /><F95/><W8/><G70/><N who="2" m="26633" /><F98/><W48/><G109/><T77/><D64/><U34/><E67/><V40/><F111/><W99/><G48/><T131/><D133/><U26/><E132/><V29/><F29/><W89/><G99/><T62/><D131/><N who="3" m="50185" /><G135/><T127/><D105/><U3/><REACH who="1" step="1"/><E84/><REACH who="1" ten="214,191,306,279" step="2"/><V80/><F123/><W28/><G28/><T126/><D87/><U100/><E100/><V41/><F121/><W81/><G81/><T4/><D103/><U79/><E79/><V13/><F80/><W9/><G9/><T46/><D107/><U74/><E74/><V53/><F128/><W20/><G8/><T36/><D76/><U91/><E91/><V10/><F10/><W113/><G88/><T24/><D77/><U83/><E83/><V45/><F13/><W44/><G15/><T122/><D122/><U52/><E52/><V82/><F82/><W92/><G89/><T118/><D118/><U112/><E112/><V33/><F33/><W18/><G113/><T90/><D90/><U49/><E49/><AGARI ba="1,1" hai="40,41,42,45,47,49,53,56" m="26633,13833" machi="49" ten="40,18000,2" yaku="35,5,52,2" doraHai="43" who="2" fromWho="1" sc="214,0,191,-183,306,193,279,0" /><INIT seed="2,2,0,0,2,26" ten="214,8,499,279" oya="2" hai0="123,63,105,12,91,39,129,102,67,16,54,135,2" hai1="43,28,85,68,118,90,46,103,11,9,58,24,61" hai2="77,106,134,42,19,88,122,120,52,94,3,45,30" hai3="95,100,49,127,71,53,55,5,69,133,57,109,86"/><V78/><F3/><W23/><G109/><T99/><D123/><U10/><E68/><V98/><F134/><W65/><G65/><T119/><D2/><U93/><E118/><V130/><F130/><W81/><G133/><T110/><D110/><U101/><E46/><V128/><F128/><W32/><G32/><T108/><D108/><U21/><E43/><V131/><F131/><W60/><G5/><T31/><D39/><U82/><E82/><V56/><F106/><W107/><G107/><T112/><D112/><U25/><E25/><V34/><F120/><W116/><G116/><T125/><D129/><U84/><E84/><V50/><F122/><W51/><G127/><T124/><D135/><U33/><E33/><V111/><F111/><W104/><G104/><T97/><D119/><U115/><E115/><V41/><F41/><W27/><G95/><T117/><D117/><U8/><N who="1" m="2048" /><DORA hai="44" /><U75/><E75/><V62/><REACH who="2" step="1"/><F19/><REACH who="2" ten="214,8,489,279" step="2"/><N who="3" m="12799" /><G71/><T6/><D105/><U38/><E38/><V37/><F37/><W1/><G69/><T48/><D125/><U126/><E126/><V17/><F17/><W4/><G1/><T15/><D124/><U13/><E13/><V29/><F29/><W59/><G4/><T70/><D70/><U92/><E92/><V96/><F96/><W0/><G0/><T73/><D12/><U74/><E74/><V87/><F87/><W20/><G86/><T47/><D15/><U18/><E18/><V7/><F7/><W72/><G72/><T22/><D16/><U79/><E79/><V36/><F36/><W14/><G14/><RYUUKYOKU ba="2,1" sc="214,-15,8,15,489,15,279,-15" hai1="21,24,28,58,61,85,90,93,101,103" hai2="30,34,42,45,50,52,56,62,77,78,88,94,98" /><INIT seed="2,3,1,2,2,11" ten="199,23,504,264" oya="2" hai0="95,52,0,18,6,100,30,64,105,109,35,19,114" hai1="9,110,77,4,5,94,56,106,111,69,81,65,85" hai2="120,49,3,128,29,28,41,125,2,23,15,89,124" hai3="132,71,123,46,103,88,58,119,40,27,90,107,13"/><V54/><F120/><W55/><G123/><T133/><D114/><U121/><E106/><V118/><F41/><W21/><G119/><T57/><D105/><U50/><E121/><V61/><F61/><W98/><G71/><T8/><D64/><U116/><E116/><V59/><F118/><W68/><G68/><T26/><D109/><U101/><E69/><V129/><F89/><W1/><G1/><N who="2" m="9" /><F15/><W73/><G73/><T22/><D133/><U43/><E43/><V20/><F20/><W16/><G132/><T91/><D100/><U78/><E78/><V127/><F23/><W62/><G27/><T104/><D104/><U47/><E47/><V87/><F87/><W7/><G7/><T33/><D33/><U84/><E4/><V14/><F14/><W75/><G75/><T31/><D35/><U115/><E115/><V67/><F67/><W34/><G34/><T48/><D31/><AGARI ba="3,1" hai="28,29,31,49,54,59,124,125,127,128,129" m="9" machi="31" ten="40,2000,0" yaku="18,1" doraHai="11" who="2" fromWho="0" sc="199,-29,23,0,504,39,264,0" /><INIT seed="2,4,0,5,0,29" ten="170,23,543,264" oya="2" hai0="130,110,127,117,16,129,20,67,83,26,30,43,112" hai1="63,91,115,134,17,94,42,53,3,118,56,125,120" hai2="104,36,25,5,100,79,123,48,37,24,28,105,90" hai3="51,73,98,92,4,101,122,116,14,131,62,64,119"/><V31/><F123/><W66/><G122/><T22/><D112/><U2/><E120/><V6/><F79/><W57/><G73/><T35/><D110/><U47/><E115/><V60/><F90/><W70/><G131/><N who="0" m="50187" /><D127/><U108/><E134/><V124/><F48/><W61/><G51/><T109/><D109/><U52/><E118/><V59/><F124/><W1/><G1/><T95/><D117/><U69/><E108/><V74/><F74/><W82/><G82/><T8/><D67/><U87/><E125/><V41/><F41/><W34/><G34/><T46/><D95/><U21/><E69/><V75/><F75/><W114/><G114/><T71/><D71/><U15/><REACH who="1" step="1"/><E53/><REACH who="1" ten="170,13,543,264" step="2"/><V65/><F65/><W106/><G64/><T135/><D135/><U76/><E76/><V10/><F60/><W97/><G62/><T58/><D58/><U102/><E102/><V113/><F100/><W111/><G111/><T107/><D107/><U88/><E88/><V23/><F113/><W72/><G70/><T85/><D46/><U68/><E68/><V77/><F59/><W84/><G57/><T133/><D133/><U11/><E11/><V44/><F77/><W38/><G66/><T39/><D8/><U0/><E0/><V49/><F10/><W13/><G116/><T121/><D121/><U12/><E12/><V80/><F44/><W103/><G119/><T40/><D39/><AGARI ba="4,1" hai="2,3,15,17,21,39,42,47,52,56,63,87,91,94" machi="39" ten="30,3900,0" yaku="1,1,7,1,54,1,53,0" doraHai="29" doraHaiUra="132" who="1" fromWho="0" sc="170,-51,13,61,543,0,264,0" /><INIT seed="3,0,0,4,3,47" ten="119,74,543,264" oya="3" hai0="131,100,99,101,38,58,102,41,75,108,19,57,91" hai1="104,96,98,111,7,40,22,17,9,16,51,2,68" hai2="3,63,32,121,93,74,69,115,65,27,112,1,97" hai3="72,78,84,86,8,77,13,79,60,12,126,11,64"/><W73/><G60/><T83/><D108/><U88/><E111/><V66/><F121/><W107/><G64/><T124/><D124/><U80/><E68/><V118/><F66/><W35/><G107/><T92/><D131/><U132/><E132/><V23/><F118/><W0/><G35/><T127/><D127/><U113/><E113/><V135/><F135/><W24/><G24/><T119/><D119/><U49/><E104/><V129/><F129/><W106/><G106/><T130/><D130/><U50/><E40/><V117/><F117/><W103/><G103/><T81/><D38/><U14/><REACH who="1" step="1"/><E17/><REACH who="1" ten="119,64,543,264" step="2"/><V44/><F44/><W123/><G126/><T52/><D41/><U31/><E31/><N who="2" m="19583" /><F23/><W15/><G123/><T67/><D19/><U94/><E94/><V30/><F93/><W62/><G0/><N who="2" m="73" /><F97/><W4/><G4/><T43/><D92/><U133/><E133/><V33/><F74/><W5/><G5/><T39/><D75/><N who="3" m="28745" /><G62/><T76/><D99/><U95/><E95/><V116/><F116/><W61/><G61/><T56/><D43/><U26/><E26/><AGARI ba="0,1" hai="26,30,33,63,65,69,112,115" m="73,19583" machi="26" ten="30,1000,0" yaku="23,1" doraHai="47" who="2" fromWho="1" sc="119,0,64,-10,543,20,264,0" owari="119,-28.1,54,-44.6,563,66.3,264,6.4" /></mjloggm>