<mjloggm ver="2.3"><GO type="225" lobby="0"/><UN n0="%E3%81%99%E3%81%84%E3%81%BE%E3%81%9B%E3%83%BC%E3%82%93" n1="%72%65%6E%6B%75%6E" n2="%E3%83%96%E3%83%83%E3%83%91%E3%82%AA%E3%83%96%E3%83%81%E3%82%AD%E3%83%B3" n3="%E3%81%A4%E3%81%A3%E3%81%B1%E3%82%8A%E3%83%9D%E3%83%BC%E3%83%AB" dan="18,17,17,17" rate="2203.13,2172.83,2202.79,2208.19" sx="M,M,M,M"/><TAIKYOKU oya="0"/><INIT seed="0,0,0,4,4,128" ten="250,250,250,250" oya="0" hai0="33,81,109,123,4,125,133,27,122,22,98,94,116" hai1="38,63,3,45,62,12,89,49,53,85,92,100,72" hai2="110,47,70,67,76,75,134,135,2,79,112,41,78" hai3="84,132,90,118,129,42,32,126,86,77,113,88,105"/><T52/><D116/><U14/><E3/><V107/><F112/><W18/><G32/><T124/><D33/><U104/><E72/><V66/><F110/><W82/><G113/><T16/><D109/><U130/><E130/><V87/><F75/><W7/><G129/><T43/><D133/><N who="2" m="50698" /><F107/><W73/><G105/><T40/><D4/><U71/><E38/><N who="2" m="21943" /><F2/><W97/><G132/><T83/><D43/><U56/><E71/><V54/><F70/><W65/><G7/><T64/><D40/><N who="1" m="24743" /><E104/><V61/><F87/><W0/><G84/><T58/><D64/><N who="2" m="24618" /><F54/><W51/><G86/><T95/><D123/><U60/><E100/><V115/><F115/><W103/><G0/><T127/><D122/><U101/><E101/><V99/><F99/><W80/><G97/><T5/><D5/><U25/><E85/><V21/><F21/><W91/><G73/><T69/><D69/><U37/><E37/><V19/><F19/><W39/><G18/><T9/><D98/><U111/><E111/><V20/><F20/><W13/><G39/><T117/><D117/><U29/><E53/><V36/><F36/><W15/><G65/><T8/><D83/><U68/><E68/><V121/><F61/><W50/><G118/><T108/><D108/><U59/><E60/><V10/><F10/><N who="0" m="4202" /><D81/><U55/><E63/><AGARI ba="0,0" hai="16,22,27,52,58,63,94,95,124,125,127" m="4202" machi="63" ten="30,5800,0" yaku="18,1,54,2" doraHai="128" who="0" fromWho="1" sc="250,58,250,-58,250,0,250,0" /><INIT seed="0,1,0,5,4,22" ten="308,192,250,250" oya="0" hai0="125,101,84,60,28,92,52,114,21,85,23,133,99" hai1="58,121,132,131,70,106,123,76,1,6,67,128,115" hai2="63,127,108,90,37,86,20,74,81,36,109,73,2" hai3="45,33,54,129,69,119,12,14,122,19,79,51,78"/><T107/><D114/><U7/><E58/><V16/><F2/><W95/><G119/><T61/><D125/><U71/><E76/><N who="3" m="29226" /><G33/><T9/><D133/><U49/><E49/><V0/><F0/><W39/><G39/><N who="2" m="14921" /><F127/><W65/><G69/><T18/><D107/><U89/><E106/><V77/><F63/><W26/><G129/><T34/><D34/><U66/><E89/><V27/><F77/><W117/><G117/><T42/><D42/><U102/><E1/><V38/><N who="2" m="14929" /><V135/><DORA hai="72" /><F135/><W75/><G75/><T29/><D61/><U50/><E50/><V111/><AGARI ba="1,0" hai="16,20,27,73,74,81,86,90,108,109,111" m="14929" machi="111" ten="50,6400,0" yaku="14,1,52,1,54,1" doraHai="22,72" who="2" fromWho="2" sc="308,-33,192,-17,250,67,250,-17" /><INIT seed="1,0,0,3,4,7" ten="275,175,317,233" oya="1" hai0="113,125,10,92,11,45,121,50,78,44,133,41,23" hai1="103,24,34,90,47,76,77,69,40,87,114,93,55" hai2="65,135,79,123,68,108,118,61,97,53,51,74,48" hai3="84,32,88,89,130,6,36,43,110,30,42,94,83"/><U64/><E114/><V39/><F118/><W58/><G36/><T126/><D113/><U116/><E116/><V54/><F123/><W101/><G110/><T56/><D121/><U52/><E103/><V73/><F108/><W71/><G71/><T25/><D133/><U66/><E34/><V4/><F135/><W27/><G130/><T86/><D56/><U119/><E119/><V75/><F39/><W81/><G6/><T80/><D92/><U111/><E111/><V129/><F129/><W62/><G101/><T28/><D45/><U100/><E100/><V31/><F31/><W120/><G120/><T115/><D115/><U26/><E40/><V96/><F79/><N who="1" m="30281" /><E69/><V9/><F51/><W22/><G32/><T46/><D46/><U5/><E5/><V98/><REACH who="2" step="1"/><F48/><REACH who="2" ten="275,175,307,233" step="2"/><W2/><G2/><AGARI ba="0,1" hai="2,4,9,53,54,61,65,68,73,74,75,96,97,98" machi="2" ten="50,6400,0" yaku="1,1,2,1,52,1,53,0" doraHai="7" doraHaiUra="20" who="2" fromWho="3" sc="275,0,175,0,307,74,233,-64" /><INIT seed="2,0,0,0,5,60" ten="275,175,381,169" oya="2" hai0="66,6,89,49,130,123,59,56,22,48,55,33,35" hai1="124,20,131,19,28,12,69,128,46,92,135,91,96" hai2="82,107,105,43,122,102,106,94,74,109,88,100,111" hai3="104,63,3,14,58,110,36,8,30,64,114,42,61"/><V73/><F43/><W44/><G110/><N who="2" m="41993" /><F122/><W16/><G114/><T65/><D123/><U97/><E124/><V32/><F32/><W26/><G104/><T0/><D130/><N who="1" m="49707" /><E135/><V68/><F68/><W9/><G61/><T40/><D22/><U85/><E69/><V23/><F23/><W87/><G87/><T70/><D70/><U50/><E28/><V119/><F119/><W29/><REACH who="3" step="1"/><G26/><REACH who="3" ten="275,175,381,159" step="2"/><T134/><D134/><U5/><E5/><AGARI ba="0,1" hai="3,5,8,9,14,16,29,30,36,42,44,58,63,64" machi="5" ten="40,8000,1" yaku="1,1,2,1,52,1,54,1,53,0" doraHai="60" doraHaiUra="51" who="3" fromWho="1" sc="275,0,175,-80,381,0,159,90" /><INIT seed="3,0,0,1,0,9" ten="275,95,381,249" oya="3" hai0="82,116,11,65,55,87,53,129,70,56,23,132,69" hai1="33,63,77,110,25,73,60,133,131,126,92,105,57" hai2="113,50,15,108,135,101,17,45,83,66,18,0,43" hai3="86,54,111,4,119,114,19,85,124,122,97,125,28"/><W71/><G71/><T79/><D116/><U102/><E92/><V46/><F113/><W120/><G28/><T6/><D132/><U80/><E110/><V104/><F108/><W40/><G40/><T47/><D129/><U14/><E126/><N who="3" m="48746" /><G4/><T81/><D70/><U95/><E131/><V109/><F109/><W12/><G111/><T61/><D23/><U107/><E133/><V36/><F135/><W34/><G34/><T74/><D47/><U26/><E14/><V62/><F0/><W58/><G97/><T59/><D59/><U49/><E49/><V5/><F5/><W3/><G119/><T1/><D69/><U51/><E51/><V106/><F18/><W21/><G3/><T134/><D134/><U42/><E42/><V115/><F115/><W52/><G54/><T29/><D29/><U38/><E38/><V64/><F17/><W75/><G75/><T27/><D27/><U100/><E63/><V41/><F41/><W98/><G98/><T112/><D112/><U20/><E33/><V72/><F43/><W99/><G99/><T121/><D121/><N who="3" m="46697" /><G114/><T123/><D123/><U130/><E130/><V89/><F72/><W94/><G94/><T8/><D6/><U13/><E95/><V22/><F36/><W84/><G85/><T96/><D96/><U31/><E105/><V16/><F104/><W103/><G103/><N who="1" m="39466" /><E107/><V88/><F101/><W35/><G35/><T118/><D118/><U30/><E30/><V67/><F106/><W39/><G39/><T48/><D1/><U32/><E32/><V76/><F16/><W91/><G19/><RYUUKYOKU ba="0,0" sc="275,0,95,0,381,0,249,0" owari="275,7.5,95,-40.5,381,48.1,249,-15.1" /></mjloggm>