<mjloggm ver="2.3"><GO type="225" lobby="0"/><UN n0="%E3%83%94%E3%83%B3%E3%82%B5%E3%83%AD%E5%BA%97%E5%93%A1" n1="%E6%98%93%E5%88%A9%E8%96%A9%E4%BC%AF" n2="%E7%89%B9%E6%9D%B1%E3%81%AF%E4%B8%96%E7%95%8C%E3%82%92%E6%95%91%E3%81%86" n3="%43%68%65" dan="16,17,16,16" rate="2204.63,2183.16,2166.89,2149.17" sx="M,F,M,M"/><TAIKYOKU oya="0"/><INIT seed="0,0,0,0,4,24" ten="250,250,250,250" oya="0" hai0="65,44,60,80,78,12,19,21,32,26,11,27,128" hai1="3,93,5,46,54,17,72,86,43,66,116,70,105" hai2="92,4,91,117,83,53,59,67,45,87,61,114,40" hai3="79,88,131,25,111,135,94,115,9,38,28,107,8"/><T33/><D128/><U71/><E105/><V84/><F114/><W42/><G115/><T52/><D27/><U63/><E72/><V62/><F117/><W34/><G131/><T13/><D13/><U98/><E116/><V7/><F40/><W57/><G107/><T102/><D102/><U81/><E54/><V132/><F132/><W99/><G135/><T50/><D80/><U97/><E17/><V95/><F95/><W73/><G111/><T104/><D78/><U101/><E97/><V103/><F45/><W64/><G42/><T85/><D85/><U0/><E71/><V20/><F20/><W49/><G38/><T15/><D15/><U68/><E68/><V2/><F2/><W56/><G56/><T41/><D104/><U6/><E0/><V36/><F36/><W108/><G108/><T129/><D129/><U22/><E22/><V89/><REACH who="2" step="1"/><F103/><REACH who="2" ten="250,250,240,250" step="2"/><W110/><G110/><T121/><D41/><U55/><E3/><V39/><F39/><W47/><G47/><T130/><D130/><U113/><E113/><V37/><F37/><W122/><G94/><T134/><D134/><U18/><E43/><V30/><F30/><W125/><G28/><T82/><D121/><U1/><E1/><V100/><F100/><W90/><G122/><T51/><D82/><U23/><E46/><V58/><AGARI ba="0,1" hai="4,7,53,58,59,61,62,67,83,84,87,89,91,92" machi="58" ten="20,5200,0" yaku="1,1,0,1,7,1,8,1,53,0" doraHai="24" doraHaiUra="74" who="2" fromWho="2" sc="250,-26,250,-13,240,62,250,-13" /><INIT seed="1,0,0,5,0,82" ten="224,237,302,237" oya="1" hai0="106,135,77,9,83,6,104,61,100,21,25,110,23" hai1="105,85,93,56,0,57,11,63,42,123,131,66,27" hai2="116,119,112,91,130,50,55,59,62,17,3,60,92" hai3="22,111,34,49,16,4,65,13,98,80,72,31,87"/><U24/><E123/><V37/><F37/><W75/><G111/><T114/><D114/><U64/><E105/><V97/><F112/><W107/><G65/><T102/><D110/><U73/><E73/><V125/><F3/><W84/><G4/><T69/><D135/><U76/><E131/><V74/><F74/><W121/><G121/><T95/><D106/><U8/><E42/><V5/><F5/><W19/><G19/><T58/><D69/><U47/><E47/><V38/><F38/><W51/><G75/><T133/><D104/><U103/><E103/><V10/><F130/><W134/><G72/><T7/><D133/><U128/><E128/><V96/><F125/><W45/><G134/><T33/><D33/><U71/><E71/><V117/><F97/><W86/><G34/><T79/><D23/><U132/><E0/><V48/><F62/><W124/><G124/><T81/><D81/><U115/><E115/><V67/><F67/><W78/><G31/><N who="0" m="17839" /><D7/><U29/><E29/><V30/><F30/><W113/><G113/><T127/><D127/><U122/><E122/><V1/><F1/><W32/><G32/><T88/><D9/><U109/><E109/><V46/><F10/><W40/><REACH who="3" step="1"/><G49/><REACH who="3" ten="224,237,302,227" step="2"/><T35/><D6/><U101/><E132/><V20/><REACH who="2" step="1"/><F46/><REACH who="2" ten="224,237,292,227" step="2"/><W14/><G14/><AGARI ba="0,2" hai="14,17,20,48,50,55,59,60,91,92,96,116,117,119" machi="14" ten="40,5200,0" yaku="1,1,2,1,53,1" doraHai="82" doraHaiUra="90" who="2" fromWho="3" sc="224,0,237,0,292,72,227,-52" /><INIT seed="2,0,0,1,1,23" ten="224,237,364,175" oya="2" hai0="133,21,39,68,125,2,93,43,1,81,70,106,61" hai1="72,33,118,123,77,86,60,127,102,94,20,109,50" hai2="113,3,134,52,80,17,29,54,9,103,24,15,18" hai3="82,84,115,12,37,131,116,10,7,76,56,0,49"/><V107/><F113/><W66/><G116/><T44/><D106/><U124/><E33/><V30/><F134/><W87/><G115/><T26/><D133/><U57/><E118/><V108/><F3/><W100/><G37/><T22/><D125/><U45/><E109/><V74/><F108/><W101/><G131/><T89/><D81/><U119/><E72/><V35/><F30/><W95/><G0/><T27/><D2/><U34/><E34/><V4/><F103/><W28/><G28/><T53/><D1/><U25/><E123/><V117/><F107/><W92/><G92/><T36/><D36/><U135/><E77/><V126/><F126/><W13/><G13/><T121/><D121/><U40/><E135/><V91/><F117/><W62/><REACH who="3" step="1"/><G49/><REACH who="3" ten="224,237,364,165" step="2"/><T78/><D93/><U83/><E119/><V122/><F122/><W6/><G6/><T16/><D39/><U48/><E48/><V128/><F128/><W58/><G58/><T41/><D70/><U19/><E94/><V85/><F4/><W110/><G110/><T42/><D68/><U63/><E57/><V32/><F18/><W79/><G79/><T46/><D78/><N who="1" m="46455" /><E127/><V55/><F35/><W99/><G99/><T96/><D96/><U129/><E124/><V71/><F71/><W98/><G98/><T88/><D89/><AGARI ba="0,1" hai="7,10,12,56,62,66,76,82,84,87,89,95,100,101" machi="89" ten="40,2600,0" yaku="1,1,8,1,53,0" doraHai="23" doraHaiUra="114" who="3" fromWho="0" sc="224,-26,237,0,364,0,165,36" /><INIT seed="3,0,0,1,4,29" ten="198,237,364,201" oya="3" hai0="115,34,119,48,80,14,62,49,121,117,125,127,85" hai1="37,55,47,7,81,111,57,72,73,54,42,133,112" hai2="101,59,88,38,11,58,122,23,134,89,104,46,20" hai3="70,132,2,96,40,1,0,98,39,28,45,3,9"/><W15/><N who="3" m="0" /><DORA hai="102" /><W131/><G131/><T114/><D121/><U126/><E112/><N who="0" m="43049" /><D34/><U66/><E7/><V84/><F11/><W93/><G132/><T91/><D62/><U71/><E111/><V19/><F23/><W105/><G70/><T63/><D63/><U24/><E126/><N who="0" m="48137" /><D14/><U97/><E71/><V82/><F122/><W110/><G110/><T60/><D60/><U99/><E66/><V74/><F134/><W43/><G43/><T67/><D67/><U35/><E55/><V130/><F130/><W8/><G28/><T128/><D128/><U77/><E133/><V103/><F19/><W95/><G105/><T87/><D87/><U94/><E42/><V52/><F84/><W6/><REACH who="3" step="1"/><G9/><REACH who="3" ten="198,237,364,191" step="2"/><T22/><D22/><U100/><E35/><V31/><F104/><W53/><G53/><T118/><AGARI ba="0,1" hai="48,49,80,85,91,117,118,119" m="48137,43049" machi="118" ten="40,2700,0" yaku="11,1,18,1" doraHai="29,102" who="0" fromWho="0" sc="198,37,237,-7,364,-7,191,-13" owari="235,3.5,230,-17.0,357,45.7,178,-32.2" /></mjloggm>