<mjloggm ver="2.3"><GO type="225" lobby="0"/><UN n0="%E3%83%B4%E3%82%A3%E3%83%AF%E3%82%B3%E3%82%B0%E3%83%8B" n1="%E3%83%96%E3%83%83%E3%83%91%E3%82%AA%E3%83%96%E3%83%81%E3%82%AD%E3%83%B3" n2="%E5%B6%BA%E4%B8%8A%E5%92%B2" n3="%E7%9A%AE%E3%80%85" dan="17,17,16,16" rate="2241.40,2181.63,2136.37,2147.86" sx="M,M,F,F"/><TAIKYOKU oya="0"/><INIT seed="0,0,0,1,0,129" ten="250,250,250,250" oya="0" hai0="82,28,37,128,26,66,10,60,45,67,41,50,127" hai1="19,102,98,92,96,15,84,121,23,94,38,52,125" hai2="111,120,51,83,12,97,57,81,54,110,108,16,116" hai3="48,36,22,109,63,86,14,5,35,75,88,77,89"/><T9/><D128/><U79/><E125/><V31/><F120/><W70/><G36/><T117/><D117/><U42/><E121/><V72/><F116/><W33/><G75/><T133/><D127/><U21/><E38/><V112/><F112/><W99/><G109/><T118/><D118/><U107/><E107/><V29/><F97/><W114/><G114/><T134/><D82/><N who="2" m="31242" /><F72/><W46/><G77/><T135/><D37/><U113/><E113/><V80/><N who="2" m="31250" /><V78/><DORA hai="65" /><F78/><W55/><G86/><T43/><D41/><U64/><E42/><V105/><F105/><W85/><G85/><T100/><D100/><U132/><E64/><N who="0" m="24617" /><D60/><U56/><E132/><V69/><F69/><W24/><G5/><T39/><D39/><U27/><E84/><V71/><F71/><W3/><G3/><T93/><D93/><U74/><E74/><V101/><F101/><W11/><G70/><T53/><D43/><U103/><E79/><V73/><F73/><W62/><G62/><T0/><D0/><U122/><E122/><V90/><F90/><W124/><G63/><T17/><D17/><U44/><E44/><V2/><F2/><W1/><G1/><T87/><D87/><U49/><REACH who="1" step="1"/><E27/><REACH who="1" ten="250,240,250,250" step="2"/><V59/><F59/><N who="3" m="33255" /><G24/><T115/><D115/><U32/><E32/><AGARI ba="0,1" hai="9,10,26,28,32,45,50,53,133,134,135" m="24617" machi="32" ten="30,11600,0" yaku="20,1,52,3" doraHai="129,65" who="0" fromWho="1" sc="250,126,240,-116,250,0,250,0" /><INIT seed="0,1,0,5,1,93" ten="376,124,250,250" oya="0" hai0="9,14,4,18,133,11,36,30,10,86,83,119,109" hai1="79,46,37,60,22,28,81,38,116,61,78,102,42" hai2="72,51,50,122,129,114,13,24,55,57,80,104,48" hai3="84,6,53,74,75,43,95,52,130,131,105,0,113"/><T111/><D119/><U103/><E116/><V69/><F114/><W123/><G113/><T5/><D36/><U110/><E110/><N who="0" m="41993" /><D86/><U7/><E7/><N who="0" m="2633" /><D83/><U97/><E38/><V127/><F69/><W19/><G105/><T54/><D54/><U90/><E90/><V47/><F104/><W8/><G43/><T134/><D30/><U35/><E35/><V65/><F122/><W2/><G2/><T3/><D3/><U29/><E79/><V56/><F129/><N who="3" m="49163" /><G19/><T124/><D124/><U39/><E39/><V77/><F127/><W63/><G123/><T125/><D125/><U115/><E115/><V20/><F13/><W108/><G108/><T41/><D41/><U45/><E42/><V17/><REACH who="2" step="1"/><F47/><REACH who="2" ten="376,124,240,250" step="2"/><W44/><G44/><T94/><D94/><U89/><E46/><V76/><F76/><W70/><G70/><T135/><AGARI ba="1,1" hai="9,10,11,14,18,133,134,135" m="2633,41993" machi="135" ten="40,12000,1" yaku="20,1,14,1,10,1,34,2" doraHai="93" who="0" fromWho="0" sc="376,133,124,-41,240,-41,250,-41" /><INIT seed="0,2,0,0,2,73" ten="509,83,199,209" oya="0" hai0="84,134,16,94,26,12,58,61,46,18,96,130,52" hai1="55,67,59,118,132,105,109,51,14,22,54,23,91" hai2="88,76,7,71,34,101,79,66,37,102,1,135,104" hai3="17,49,24,125,100,21,126,114,106,110,2,120,112"/><T115/><D130/><U8/><E118/><V63/><F135/><W11/><G49/><T40/><D134/><U95/><E132/><V98/><F101/><W86/><G86/><T42/><D115/><N who="3" m="44073" /><G100/><T43/><D84/><U113/><E105/><V128/><F128/><W25/><G106/><T38/><D26/><N who="3" m="10345" /><G110/><T45/><D18/><U124/><E113/><V78/><F34/><W119/><G119/><T13/><D13/><U60/><E124/><N who="3" m="47722" /><G120/><T27/><D38/><U15/><E109/><V80/><F37/><W4/><G17/><T133/><D133/><U64/><E64/><V47/><F47/><W50/><G50/><T28/><D94/><U30/><E55/><V69/><F69/><W19/><G19/><T97/><D45/><U32/><E54/><V33/><F33/><W89/><G89/><T93/><D93/><U6/><E51/><V10/><REACH who="2" step="1"/><F88/><REACH who="2" ten="509,83,189,209" step="2"/><W0/><G21/><N who="0" m="15471" /><D46/><U92/><E23/><AGARI ba="2,1" hai="12,16,23,40,42,43,52,58,61,96,97" m="15471" machi="23" ten="30,5800,0" yaku="8,1,54,2" doraHai="73" who="0" fromWho="1" sc="509,74,83,-64,189,0,209,0" /><INIT seed="0,3,0,1,5,118" ten="583,19,189,209" oya="0" hai0="83,75,37,21,109,25,74,95,119,93,47,41,23" hai1="112,103,99,133,1,94,113,17,106,40,60,18,61" hai2="107,72,6,66,20,22,84,130,96,50,58,125,132" hai3="27,28,126,59,78,52,110,108,135,32,89,129,90"/><T69/><D119/><U114/><E1/><V56/><F72/><W53/><G129/><T101/><D69/><U26/><E133/><V80/><F130/><W131/><G131/><T128/><D128/><U30/><E40/><V71/><F132/><W49/><G135/><T44/><D109/><N who="3" m="42089" /><G126/><T7/><D7/><U10/><E10/><V124/><F6/><W87/><G53/><T42/><D101/><U16/><REACH who="1" step="1"/><E106/><REACH who="1" ten="583,9,189,209" step="2"/><V63/><F107/><W54/><G54/><T134/><D134/><U105/><E105/><V8/><F8/><W24/><G24/><T38/><D25/><U9/><E9/><V86/><F96/><W121/><G121/><T2/><D2/><U39/><E39/><V45/><F124/><W57/><G57/><T43/><D43/><U92/><E92/><V0/><F125/><W13/><G13/><T81/><AGARI ba="3,1" hai="21,23,37,38,41,42,44,47,74,75,81,83,93,95" machi="81" ten="25,4800,0" yaku="0,1,22,2" doraHai="118" who="0" fromWho="0" sc="583,67,9,-19,189,-19,209,-19" owari="650,75.0,-10,-51.0,170,-23.0,190,-1.0" /></mjloggm>