<mjloggm ver="2.3"><GO type="225" lobby="0"/><UN n0="%E8%81%B7%E6%A5%AD%E3%80%81%E9%A2%A8%32" n1="%E7%99%BD%E5%80%89%E5%AF%9B%E4%B9%8B" n2="%E7%99%BD%E6%98%BC%E9%87%8C%E7%9A%84%E5%A4%9C" n3="%E3%81%A4%E3%81%A3%E3%81%B1%E3%82%8A%E3%83%9D%E3%83%BC%E3%83%AB" dan="16,16,16,17" rate="2145.81,2143.12,2081.71,2110.37" sx="M,M,M,M"/><TAIKYOKU oya="0"/><INIT seed="0,0,0,5,1,15" ten="250,250,250,250" oya="0" hai0="40,73,86,131,55,91,132,89,134,41,121,114,106" hai1="69,30,88,84,63,4,129,33,42,19,43,135,25" hai2="27,32,108,39,127,12,61,54,74,57,7,117,115" hai3="100,112,85,83,3,123,51,76,16,46,20,49,110"/><T70/><D121/><U13/><E135/><N who="0" m="51753" /><D73/><U96/><E129/><V50/><F74/><W80/><G112/><T37/><D114/><U68/><E4/><V34/><F39/><W105/><G123/><T67/><D131/><U17/><E96/><V14/><F108/><W109/><G3/><T5/><D106/><U93/><E19/><V21/><F115/><W133/><G133/><T77/><D5/><U59/><E69/><V52/><F127/><W58/><G83/><N who="0" m="47471" /><D55/><U66/><REACH who="1" step="1"/><E68/><REACH who="1" ten="250,240,250,250" step="2"/><V47/><F117/><W82/><G110/><T62/><D37/><U130/><E130/><V111/><F111/><W9/><G109/><T26/><D26/><U98/><E98/><V22/><F7/><W81/><G105/><T102/><D102/><U113/><E113/><V36/><F36/><W38/><G100/><T8/><D8/><AGARI ba="0,1" hai="8,13,17,25,30,33,42,43,59,63,66,84,88,93" machi="8" ten="30,8000,1" yaku="1,1,7,1,52,1,54,1,53,1" doraHai="15" doraHaiUra="23" who="1" fromWho="0" sc="250,-80,240,90,250,0,250,0" /><INIT seed="1,0,0,1,4,74" ten="170,330,250,250" oya="1" hai0="133,50,132,65,99,130,78,23,55,128,76,61,129" hai1="86,134,15,109,104,87,62,7,8,41,119,37,101" hai2="103,30,48,1,24,10,107,20,127,135,117,6,131" hai3="19,54,71,57,118,25,89,64,18,17,113,47,53"/><U13/><E119/><V92/><F117/><W75/><G113/><T29/><D99/><U67/><E134/><N who="0" m="51817" /><D29/><U84/><E109/><V56/><F135/><W73/><G118/><T58/><D23/><U49/><E37/><V14/><F127/><W72/><G71/><AGARI ba="0,0" hai="50,55,58,61,65,71,76,78,128,129,130" m="51817" machi="71" ten="40,8000,1" yaku="19,1,20,1,52,2" doraHai="74" who="0" fromWho="3" sc="170,80,330,0,250,0,250,-80" /><INIT seed="2,0,0,3,4,66" ten="250,330,250,170" oya="2" hai0="48,70,32,11,54,75,104,77,68,124,123,19,62" hai1="86,132,30,109,116,100,22,125,134,39,103,31,87" hai2="53,63,97,106,47,46,20,121,133,44,73,114,92" hai3="5,90,122,58,118,107,67,50,83,95,55,21,13"/><V72/><F106/><W36/><G122/><T60/><D32/><U96/><E39/><V99/><F121/><W127/><G118/><T91/><D123/><U79/><E116/><V0/><F114/><W110/><G127/><T101/><D124/><U45/><E125/><V119/><F119/><W89/><G36/><T4/><D19/><U126/><E126/><V102/><F133/><N who="1" m="51305" /><E45/><V120/><F120/><W115/><G107/><T42/><D42/><U7/><E109/><V2/><F99/><W80/><G110/><T33/><D33/><U3/><E103/><V18/><F73/><W52/><G80/><T85/><D77/><U111/><E111/><V49/><F63/><W64/><G115/><T6/><D75/><U10/><E79/><V84/><F72/><W51/><G83/><T131/><D101/><U105/><E22/><V74/><F74/><W59/><G21/><T129/><D104/><U41/><E41/><V130/><F84/><AGARI ba="0,0" hai="3,7,10,30,31,84,86,87,96,100,105" m="51305" machi="84" ten="30,1000,0" yaku="20,1" doraHai="66" who="1" fromWho="2" sc="250,0,330,10,250,-10,170,0" /><INIT seed="3,0,0,2,1,51" ten="250,340,240,170" oya="3" hai0="28,58,101,36,39,112,94,0,70,48,10,27,88" hai1="17,67,127,123,107,14,62,1,108,100,66,89,111" hai2="99,50,86,116,133,131,30,96,119,38,77,5,114" hai3="103,118,4,130,90,64,37,54,59,21,125,13,60"/><W134/><G118/><T45/><D70/><U129/><E123/><V92/><F38/><W22/><G134/><T81/><D101/><U34/><E34/><V120/><F5/><W82/><G130/><T2/><D81/><U109/><E1/><V72/><F30/><W128/><G128/><T124/><D124/><U78/><E129/><V25/><F131/><W132/><G132/><T57/><D2/><U49/><E127/><V117/><F25/><W76/><G37/><T126/><D112/><U15/><E78/><V80/><F50/><W6/><G103/><T55/><D39/><U68/><E67/><V11/><F11/><W65/><G125/><T43/><D126/><U53/><E89/><N who="2" m="53303" /><F133/><W84/><G76/><T31/><D58/><N who="1" m="33071" /><E17/><V87/><F114/><W121/><G121/><T75/><D75/><U16/><E16/><V91/><F120/><W71/><G65/><T69/><D69/><U115/><E115/><V26/><F26/><W61/><REACH who="3" step="1"/><G4/><REACH who="3" ten="250,340,240,160" step="2"/><T95/><D36/><U42/><E42/><V97/><F119/><W56/><G56/><T106/><D57/><U73/><E73/><V110/><F110/><W7/><G7/><T12/><D43/><U3/><E3/><V24/><F24/><W40/><G40/><T74/><D27/><U104/><E100/><V98/><N who="2" m="24576" /><DORA hai="46" /><V20/><F20/><W113/><G113/><T85/><D0/><U44/><E44/><V79/><F79/><W9/><AGARI ba="0,1" hai="6,9,13,21,22,54,59,60,61,64,71,82,84,90" machi="9" ten="30,12000,1" yaku="1,1,0,1,52,1,53,2" doraHai="51,46" doraHaiUra="83,8" who="3" fromWho="3" sc="250,-40,340,-40,240,-40,160,130" /><INIT seed="3,1,0,4,2,60" ten="210,300,200,290" oya="3" hai0="10,39,83,64,67,9,113,106,90,53,100,7,109" hai1="99,84,44,55,134,38,115,93,130,131,135,108,128" hai2="66,34,126,121,123,85,92,18,32,35,118,58,11" hai3="68,122,75,73,86,13,133,81,27,87,79,110,41"/><W94/><G68/><T24/><D39/><U37/><E108/><V14/><F118/><W82/><G41/><T4/><D109/><U91/><E115/><V69/><F69/><W95/><G110/><T25/><D113/><U98/><E55/><V0/><F126/><W16/><G122/><N who="2" m="46601" /><F0/><W124/><G124/><T71/><D71/><U77/><E44/><V30/><F92/><W57/><G133/><N who="1" m="50698" /><E77/><V112/><F85/><W72/><G27/><N who="0" m="10315" /><D106/><U43/><E43/><V49/><F112/><W15/><G57/><T104/><D104/><U36/><AGARI ba="1,0" hai="36,37,38,84,91,93,98,99,128,130,131" m="50698" machi="36" ten="50,3200,0" yaku="19,1,20,1" doraHai="60" who="1" fromWho="1" sc="210,-9,300,35,200,-9,290,-17" owari="201,-19.9,335,43.5,191,-30.9,273,7.3" /></mjloggm>