<mjloggm ver="2.3"><GO type="225" lobby="0"/><UN n0="%E5%84%AA%40%41%42%43" n1="%65%76%69%61%6E%36%31%39" n2="%E3%81%A4%E3%81%A3%E3%81%B1%E3%82%8A%E3%83%9D%E3%83%BC%E3%83%AB" n3="%77%72%77%72%77%72%77%72" dan="17,16,17,16" rate="2143.30,2106.81,2171.34,2181.26" sx="M,M,M,M"/><TAIKYOKU oya="0"/><INIT seed="0,0,0,1,0,39" ten="250,250,250,250" oya="0" hai0="0,6,58,54,106,103,120,113,34,90,107,93,97" hai1="51,13,109,77,21,41,50,88,52,40,105,85,75" hai2="3,43,30,71,47,67,31,126,55,129,8,16,79" hai3="128,91,17,46,135,59,48,61,80,78,111,74,121"/><T38/><D113/><U95/><E109/><V53/><F129/><W127/><G128/><T20/><D120/><U10/><E105/><V33/><F126/><W133/><G127/><T12/><D34/><U11/><E51/><V99/><F79/><W23/><G111/><T37/><D0/><U112/><E112/><V110/><F110/><W125/><G125/><T114/><D107/><U119/><E119/><V42/><F71/><W18/><G121/><T87/><D114/><U49/><E49/><N who="2" m="28863" /><F3/><W5/><G5/><T94/><D106/><U73/><E73/><V7/><F67/><W44/><G91/><T132/><D132/><N who="3" m="50761" /><G48/><N who="0" m="31047" /><D6/><U101/><E75/><V131/><F7/><W35/><G35/><T115/><D115/><U69/><E69/><V108/><F33/><W89/><G89/><T9/><D9/><N who="1" m="3083" /><E101/><V100/><F108/><W45/><G23/><T84/><D84/><U19/><E77/><V118/><F118/><W117/><G117/><T130/><D130/><U32/><E32/><V116/><F116/><W28/><G28/><N who="2" m="10793" /><F131/><W76/><G76/><T2/><D2/><U86/><E86/><V4/><F4/><W65/><AGARI ba="0,0" hai="17,18,44,45,46,59,61,65,74,78,80" m="50761" machi="65" ten="30,1100,0" yaku="20,1" doraHai="39" who="3" fromWho="3" sc="250,-5,250,-3,250,-3,250,11" /><INIT seed="1,0,0,4,4,109" ten="245,247,247,261" oya="1" hai0="19,110,36,117,39,66,26,28,71,54,91,108,24" hai1="60,90,101,123,95,55,124,31,46,27,56,69,0" hai2="81,82,135,59,30,83,112,128,6,87,20,15,80" hai3="12,114,3,65,104,100,78,129,17,131,67,75,40"/><U120/><E0/><V79/><F128/><N who="3" m="49227" /><G3/><T72/><D117/><U4/><E4/><V10/><F135/><W45/><G114/><T23/><D72/><U111/><E124/><V8/><F112/><W50/><G104/><T127/><D127/><U74/><E74/><V125/><F125/><W2/><G2/><T121/><D121/><U115/><E101/><V21/><F30/><W61/><G100/><T9/><D71/><U51/><E69/><V29/><F29/><W76/><G75/><T126/><D66/><N who="3" m="25097" /><G61/><T41/><D126/><U18/><E115/><V44/><F59/><W98/><G98/><T7/><D91/><U77/><E123/><V37/><REACH who="2" step="1"/><F10/><AGARI ba="0,0" hai="10,12,17,40,45,50,76,78" m="25097,49227" machi="10" ten="30,1000,0" yaku="19,1" doraHai="109" who="3" fromWho="2" sc="245,0,247,0,247,-10,261,10" /><INIT seed="2,0,0,0,5,7" ten="245,247,237,271" oya="2" hai0="48,62,82,81,95,75,118,54,93,17,12,21,42" hai1="9,23,36,121,22,69,68,90,43,41,53,113,131" hai2="122,96,55,124,87,40,78,117,88,107,71,52,114" hai3="34,50,108,99,29,18,4,11,97,79,116,112,60"/><V45/><F114/><W1/><G116/><T123/><D123/><U33/><E33/><V26/><F117/><W6/><G112/><T77/><D118/><U89/><E131/><V128/><F71/><W98/><G108/><T13/><D42/><U127/><E127/><V102/><F122/><W24/><G79/><T61/><D82/><U73/><E53/><V2/><F124/><W74/><G74/><T58/><D93/><U86/><E86/><V129/><F2/><W133/><G133/><T134/><D134/><U126/><E126/><V109/><F26/><W80/><G80/><T106/><D106/><U19/><E19/><V100/><F100/><W10/><G60/><T46/><D46/><U130/><E130/><N who="2" m="50283" /><F78/><W94/><G50/><T37/><D37/><U85/><E36/><N who="2" m="21639" /><F109/><W111/><G18/><T115/><D115/><U32/><E113/><V35/><F35/><W31/><G31/><T38/><D38/><U65/><E32/><V8/><F8/><W103/><G111/><T15/><REACH who="0" step="1"/><D95/><AGARI ba="0,0" hai="52,55,87,88,95,96,102,107" m="21639,50283" machi="95" ten="30,5800,0" yaku="19,1,54,2" doraHai="7" who="2" fromWho="0" sc="245,-58,247,0,237,58,271,0" /><INIT seed="2,1,0,5,2,24" ten="187,247,295,271" oya="2" hai0="113,132,114,32,108,109,92,61,99,26,97,12,8" hai1="91,96,95,10,86,115,64,93,102,101,84,56,47" hai2="90,5,4,37,2,77,117,58,111,127,55,82,52" hai3="66,72,121,104,106,135,33,54,19,112,74,67,94"/><V81/><F117/><W1/><G121/><T76/><D76/><U53/><E115/><N who="0" m="44041" /><D61/><U39/><E64/><V14/><F2/><W71/><G1/><T103/><D92/><U79/><E10/><N who="2" m="4423" /><F37/><W13/><G94/><T15/><D103/><U51/><E39/><V50/><F127/><W40/><G40/><T43/><D43/><U98/><E79/><V42/><F111/><N who="0" m="42570" /><D132/><U129/><E129/><V57/><F5/><W18/><G71/><T122/><D122/><U30/><E47/><N who="2" m="25975" /><F90/><W124/><G135/><T17/><D15/><U134/><E86/><N who="2" m="48431" /><F82/><W65/><G106/><T119/><D119/><U22/><E134/><V70/><F70/><W78/><G104/><T107/><D107/><U62/><E91/><V110/><F110/><W116/><G78/><T131/><D131/><U59/><E84/><V100/><F100/><W34/><G116/><T63/><D63/><U6/><E62/><V49/><F55/><W73/><G54/><T29/><AGARI ba="1,0" hai="8,12,17,26,29,32,97,99" m="42570,44041" machi="29" ten="40,2700,0" yaku="14,1,52,1" doraHai="24" who="0" fromWho="0" sc="187,30,247,-8,295,-14,271,-8" /><INIT seed="3,0,0,4,3,18" ten="217,239,281,263" oya="3" hai0="43,133,111,39,32,60,86,49,110,76,135,134,40" hai1="48,71,65,19,120,17,104,55,6,2,45,26,41" hai2="127,99,117,130,57,92,69,83,109,114,8,74,79" hai3="89,1,82,81,28,66,78,14,119,11,98,116,21"/><W50/><G66/><T25/><D39/><U51/><E120/><V77/><F69/><W47/><G1/><T30/><D60/><U61/><E104/><V27/><F114/><W12/><G119/><T132/><N who="0" m="33792" /><DORA hai="9" /><T72/><D72/><U34/><E2/><V96/><F27/><N who="3" m="16495" /><G116/><T38/><D38/><U0/><E0/><V33/><F8/><W53/><G78/><T37/><D37/><U67/><E6/><V94/><F33/><W46/><G46/><N who="0" m="25799" /><D43/><U126/><E67/><V100/><F57/><W64/><G64/><T44/><D44/><U31/><E126/><V36/><F36/><W59/><G59/><AGARI ba="0,0" hai="17,19,26,31,34,41,45,48,51,55,59,61,65,71" machi="59" ten="30,1000,0" yaku="7,1" doraHai="18,9" who="1" fromWho="3" sc="217,0,239,10,281,0,263,-10" /><INIT seed="4,0,0,2,1,131" ten="217,249,281,253" oya="0" hai0="77,127,90,100,96,20,123,81,116,94,15,4,85" hai1="92,7,117,50,6,57,126,63,129,62,25,88,9" hai2="10,16,27,120,33,32,121,103,73,71,44,37,46" hai3="31,40,102,83,76,74,58,18,28,108,68,134,35"/><T29/><D127/><U122/><E117/><V78/><F71/><W26/><G108/><T113/><D113/><U70/><E122/><V34/><F103/><W48/><G68/><T53/><D116/><U124/><E129/><V12/><F27/><W8/><G134/><T97/><D123/><U128/><E128/><V72/><F46/><W52/><G102/><T93/><D53/><U19/><E70/><V110/><F110/><W105/><G105/><T91/><D29/><U67/><E63/><V38/><F38/><W59/><G40/><T114/><D114/><U55/><E25/><V5/><F73/><W75/><G75/><T107/><D4/><U17/><E6/><V14/><F78/><W118/><G31/><T104/><REACH who="0" step="1"/><D100/><REACH who="0" ten="207,249,281,253" step="2"/><U79/><E126/><V21/><F121/><W80/><G52/><T132/><D132/><U95/><E124/><V11/><F120/><W99/><G28/><T130/><D130/><U115/><E115/><V106/><F5/><W56/><G118/><T82/><D82/><U119/><E119/><V0/><F33/><W86/><G80/><T66/><D66/><U133/><E7/><N who="2" m="1383" /><F34/><W101/><G35/><T54/><D54/><U43/><E67/><V64/><F64/><W23/><G83/><T87/><D87/><U49/><E133/><V13/><F72/><W30/><G86/><T61/><D61/><U84/><E62/><V39/><F32/><W42/><G74/><T125/><D125/><U41/><E84/><V135/><F135/><W1/><G101/><T65/><D65/><U51/><E55/><V45/><F16/><AGARI ba="0,1" hai="15,16,20,77,81,85,90,91,93,94,96,97,104,107" machi="16" ten="40,12000,1" yaku="1,1,6,1,9,1,54,1,53,0" doraHai="131" doraHaiUra="112" who="0" fromWho="2" sc="207,130,249,0,281,-120,253,0" owari="337,43.7,249,-15.1,161,-33.9,253,5.3" /></mjloggm>