<mjloggm ver="2.3"><GO type="225" lobby="0"/><UN n0="%EF%BC%AE%EF%BC%A1%EF%BC%AF%33%33%39" n1="%4C%4F%4C%49%54%41" n2="%41%6F%54" n3="%E9%BB%99%E8%81%B4%E3%81%AE%E3%81%99%E3%82%9D%E3%82%81" dan="16,16,16,16" rate="2117.40,2098.61,2097.39,2112.94" sx="M,F,M,M"/><TAIKYOKU oya="0"/><INIT seed="0,0,0,1,2,15" ten="250,250,250,250" oya="0" hai0="95,116,130,126,109,66,71,91,41,8,88,60,47" hai1="37,12,124,58,3,72,90,1,81,123,10,87,120" hai2="34,97,36,13,73,104,133,30,55,128,14,29,69" hai3="107,103,5,50,110,11,76,108,98,67,89,118,74"/><T44/><D116/><U4/><E37/><V101/><F73/><W57/><G118/><T127/><D130/><U85/><E72/><V134/><F128/><W100/><G74/><T93/><D8/><U121/><E124/><N who="0" m="47657" /><D109/><N who="3" m="42089" /><G76/><T28/><D28/><U26/><E58/><V62/><F36/><W114/><G114/><T61/><D61/><U38/><E38/><V131/><F131/><W2/><G103/><T78/><D78/><U135/><E135/><N who="2" m="51723" /><F55/><N who="3" m="31991" /><G89/><N who="0" m="34379" /><D44/><U83/><E26/><N who="2" m="18743" /><F30/><W18/><G67/><AGARI ba="0,0" hai="13,14,62,67,69,97,101,104" m="18743,51723" machi="67" ten="30,2000,0" yaku="25,1,20,1" doraHai="15" who="2" fromWho="3" sc="250,0,250,0,250,20,250,-20" /><INIT seed="1,0,0,2,3,52" ten="250,250,270,230" oya="1" hai0="57,18,14,75,56,88,128,89,91,95,81,0,58" hai1="3,55,86,90,23,26,11,102,135,73,50,19,59" hai2="6,111,45,101,119,41,96,92,53,29,51,66,109" hai3="134,107,47,85,37,42,116,10,9,60,118,125,13"/><U71/><E73/><V126/><F119/><N who="3" m="45611" /><G107/><T36/><D36/><U38/><E71/><V32/><F126/><W62/><G134/><T17/><D0/><U79/><E79/><V30/><F6/><N who="3" m="3255" /><G125/><T122/><D128/><U21/><E38/><V25/><F30/><W5/><G85/><N who="0" m="50223" /><D75/><U130/><E130/><V124/><F124/><W112/><G112/><T2/><D2/><AGARI ba="0,0" hai="2,5,10,37,42,47,60,62" m="3255,45611" machi="2" ten="30,1000,0" yaku="12,1" doraHai="52" who="3" fromWho="0" sc="250,-10,250,0,270,0,230,10" /><INIT seed="2,0,0,3,3,14" ten="240,250,270,240" oya="2" hai0="77,100,105,81,69,114,60,18,6,26,42,126,98" hai1="79,93,102,56,48,67,34,27,45,127,84,110,123" hai2="15,134,78,28,113,10,58,106,57,104,124,118,13" hai3="86,122,12,115,89,30,25,11,68,128,29,132,47"/><V0/><F113/><W97/><G122/><T21/><D114/><U8/><E110/><V101/><F118/><W120/><G120/><T130/><D126/><U38/><E127/><V59/><F124/><W7/><G128/><T111/><D111/><U37/><E123/><V99/><F134/><W5/><G68/><T90/><D130/><U107/><E107/><V32/><F104/><W96/><G132/><T103/><D42/><U66/><E8/><V20/><F32/><W92/><G115/><T75/><D6/><U74/><E74/><V72/><F0/><W82/><G7/><T39/><D39/><U95/><E27/><V121/><F121/><W87/><G47/><T64/><D103/><U3/><E34/><V24/><F72/><W55/><G55/><T65/><D65/><U70/><E70/><V19/><F13/><W43/><G43/><T9/><D9/><U51/><E79/><V17/><REACH who="2" step="1"/><F78/><REACH who="2" ten="240,250,260,240" step="2"/><W16/><G5/><AGARI ba="0,1" hai="5,10,15,17,19,20,24,28,57,58,59,99,101,106" machi="5" ten="40,12000,1" yaku="1,1,2,1,52,2,53,0" doraHai="14" doraHaiUra="63" who="2" fromWho="3" sc="240,0,250,0,260,130,240,-120" /><INIT seed="2,1,0,3,1,26" ten="240,250,390,120" oya="2" hai0="120,122,0,44,16,2,127,109,73,23,18,14,78" hai1="83,6,59,4,68,25,133,29,124,86,110,1,99" hai2="15,79,131,89,111,20,46,5,85,123,96,126,30" hai3="39,103,80,104,61,43,108,105,19,58,119,81,7"/><V97/><F123/><N who="0" m="47146" /><D44/><U130/><E68/><V51/><F131/><W3/><G119/><T8/><D78/><U135/><E110/><V82/><F126/><W66/><G108/><T129/><D73/><U13/><E124/><V93/><F111/><W11/><G39/><T9/><D109/><U42/><E130/><V71/><F71/><W100/><G43/><T45/><D45/><U67/><E42/><V63/><F63/><W60/><G19/><T22/><D127/><U114/><E1/><N who="0" m="617" /><D129/><U118/><E118/><V115/><F115/><W64/><G105/><T116/><D116/><U50/><E114/><V54/><F96/><W75/><G104/><T121/><N who="0" m="47154" /><T31/><DORA hai="112" /><D31/><U98/><E29/><V27/><F97/><W12/><G3/><T32/><D32/><U74/><E98/><V55/><F79/><W70/><REACH who="3" step="1"/><G75/><REACH who="3" ten="240,250,390,110" step="2"/><T41/><D41/><U62/><E74/><V36/><F36/><W33/><G33/><T57/><D57/><U69/><E59/><V113/><F113/><W134/><G134/><T95/><D95/><U101/><E135/><V77/><F93/><W125/><G125/><T88/><D88/><U117/><E133/><V107/><F107/><W92/><G92/><T56/><D56/><U10/><E117/><V90/><F90/><W49/><G49/><T128/><D128/><U87/><E50/><V47/><F89/><W102/><AGARI ba="1,1" hai="7,11,12,58,60,61,64,66,70,80,81,100,102,103" machi="102" ten="30,2000,0" yaku="1,1,0,1,53,0" doraHai="26,112" doraHaiUra="48,28" who="3" fromWho="3" sc="240,-6,250,-6,390,-11,110,33" /><INIT seed="3,0,0,4,0,102" ten="234,244,379,143" oya="3" hai0="69,82,18,22,124,128,95,106,107,127,74,21,40" hai1="108,133,46,45,103,98,61,19,120,90,78,131,26" hai2="3,33,9,60,71,49,4,8,76,7,44,88,23" hai3="0,134,80,64,87,101,32,79,6,52,39,99,116"/><W38/><G116/><T57/><D69/><U135/><E120/><V70/><F33/><W37/><G32/><T31/><D40/><U16/><E78/><V54/><F76/><W58/><G134/><N who="1" m="51210" /><E108/><V105/><F105/><N who="0" m="39946" /><D74/><U112/><E112/><V91/><F23/><W63/><G6/><T15/><D82/><U129/><E90/><V75/><F75/><W1/><REACH who="3" step="1"/><G64/><REACH who="3" ten="234,244,379,133" step="2"/><T94/><D128/><U51/><E131/><V123/><F4/><W14/><G14/><T97/><D15/><U114/><E129/><V43/><F7/><W41/><G41/><T27/><D27/><U132/><E132/><V24/><F24/><W25/><G25/><T35/><D35/><U10/><E26/><V73/><F43/><W50/><G50/><T111/><D31/><U119/><E119/><V96/><F49/><W36/><N who="3" m="9216" /><DORA hai="65" /><W55/><G55/><T117/><D117/><U130/><E130/><V77/><F54/><W84/><G84/><T47/><D21/><U109/><E51/><V83/><F73/><W93/><AGARI ba="0,1" hai="0,1,52,58,63,79,80,87,93,99,101" m="9216" machi="93" ten="60,12000,1" yaku="1,1,0,1,54,1,53,1" doraHai="102,65" doraHaiUra="12,72" who="3" fromWho="3" sc="234,-40,244,-40,379,-40,133,130" /><INIT seed="3,1,0,2,3,23" ten="194,204,339,263" oya="3" hai0="126,91,95,70,113,114,4,68,92,41,3,134,64" hai1="130,97,100,46,73,83,105,10,65,87,108,81,116" hai2="29,104,124,27,110,36,90,48,86,39,89,11,28" hai3="115,59,75,14,131,112,129,16,94,47,31,35,38"/><W33/><G75/><T109/><D41/><U21/><E108/><V111/><F104/><W18/><G59/><T82/><D109/><N who="2" m="41482" /><F124/><W6/><G94/><N who="0" m="35883" /><D64/><U132/><E65/><V5/><F48/><W17/><G47/><T85/><D126/><U58/><E58/><V15/><F28/><W117/><G38/><N who="2" m="14377" /><F86/><W52/><G52/><T122/><D122/><U12/><E87/><V120/><F120/><W69/><G69/><T71/><D4/><U101/><E105/><V44/><F44/><W103/><G103/><T7/><D7/><U80/><E46/><V79/><F79/><W76/><G76/><T9/><D9/><U22/><E101/><V74/><F74/><W96/><G96/><T30/><D30/><U37/><E73/><V118/><F118/><W93/><G93/><T56/><D56/><U128/><E116/><V26/><F26/><N who="3" m="18679" /><G35/><AGARI ba="1,0" hai="5,11,15,27,29,35,89,90" m="14377,41482" machi="35" ten="30,2000,0" yaku="14,1,52,1" doraHai="23" who="2" fromWho="3" sc="194,0,204,0,339,23,263,-23" owari="194,-30.6,204,-19.6,362,46.2,240,4.0" /></mjloggm>