<mjloggm ver="2.3"><GO type="225" lobby="0"/><UN n0="%E7%B4%94%E6%BD%94%E3%83%94%E3%83%A9%E3%83%8B%E3%82%A2" n1="%E3%83%B4%E3%82%A3%E3%83%AF%E3%82%B3%E3%82%B0%E3%83%8B" n2="%E3%82%BC%E3%83%AB%E3%83%80%E3%81%AE%E4%BC%9D%E8%AA%AC" n3="%6B%69%72%61%64%6F%6B%69" dan="17,17,17,16" rate="2242.40,2219.82,2149.16,2164.10" sx="M,M,M,M"/><TAIKYOKU oya="0"/><INIT seed="0,0,0,2,3,18" ten="250,250,250,250" oya="0" hai0="97,86,121,99,39,87,36,130,40,6,43,106,117" hai1="124,82,74,68,10,78,27,41,109,37,53,59,55" hai2="63,110,83,5,123,0,57,31,26,114,132,64,45" hai3="84,4,81,122,32,60,104,3,77,89,79,119,126"/><T62/><D117/><U22/><E109/><V103/><F123/><W120/><G119/><T93/><D6/><U118/><E118/><V71/><F114/><W11/><G126/><T14/><D14/><U24/><E124/><V92/><F110/><W76/><G32/><T56/><D106/><U21/><E68/><V80/><F132/><W72/><G104/><T127/><D127/><U73/><E73/><V13/><F0/><W15/><G72/><T108/><D108/><U69/><E69/><V8/><F71/><W134/><G134/><T58/><D93/><U33/><E33/><V91/><F45/><W67/><REACH who="3" step="1"/><G3/><REACH who="3" ten="250,250,250,240" step="2"/><T131/><REACH who="0" step="1"/><D62/><REACH who="0" ten="240,250,250,240" step="2"/><U2/><E2/><V112/><F112/><W85/><G85/><T102/><D102/><U44/><E74/><V129/><F103/><W42/><G42/><T111/><D111/><U28/><E41/><V48/><F63/><W115/><G115/><T52/><D52/><U135/><E135/><V113/><F113/><W94/><G94/><T70/><D70/><AGARI ba="0,2" hai="4,11,15,60,67,70,76,77,79,81,84,89,120,122" machi="70" ten="40,2600,0" yaku="1,1,53,1" doraHai="18" doraHaiUra="61" who="3" fromWho="0" sc="240,-26,250,0,250,0,240,46" /><INIT seed="1,0,0,0,2,119" ten="214,250,250,286" oya="1" hai0="61,79,92,116,133,68,131,1,113,57,5,11,103" hai1="48,35,125,21,104,122,33,9,76,42,29,65,36" hai2="49,108,51,82,85,112,69,77,54,83,88,91,129" hai3="128,89,39,135,38,67,118,127,78,110,94,90,132"/><U124/><E104/><V130/><F108/><W37/><G110/><T134/><D116/><U18/><E36/><V50/><F69/><W8/><G118/><T6/><D113/><U72/><E65/><V30/><F112/><W123/><G128/><N who="2" m="49257" /><F30/><W41/><G127/><N who="1" m="48714" /><E76/><N who="2" m="46279" /><F54/><W20/><G78/><T44/><D79/><U28/><E72/><AGARI ba="0,0" hai="49,50,51,72,77,83,88,91" m="46279,49257" machi="72" ten="30,2000,0" yaku="19,1,54,1" doraHai="119" who="2" fromWho="1" sc="214,0,250,-20,250,20,286,0" /><INIT seed="2,0,0,2,3,23" ten="214,230,270,286" oya="2" hai0="58,19,62,43,51,99,30,27,96,131,1,9,86" hai1="24,89,95,7,12,128,5,73,18,64,92,46,52" hai2="123,37,126,65,34,94,31,70,68,35,14,84,2" hai3="57,82,33,113,130,76,44,105,50,90,101,114,97"/><V22/><F123/><W0/><G130/><T16/><D131/><U63/><E128/><V116/><F116/><W127/><G127/><T110/><D110/><U28/><E73/><V118/><F118/><W53/><G0/><T108/><D108/><U91/><E95/><V21/><F37/><W106/><G33/><T32/><D86/><U78/><E78/><V103/><F2/><W42/><G90/><T66/><D43/><U49/><E89/><V72/><F72/><W10/><G10/><T56/><D51/><U25/><E63/><V121/><F121/><W3/><G3/><T13/><D56/><U111/><E64/><V67/><F126/><W6/><G6/><N who="1" m="2058" /><E28/><V100/><F31/><W40/><G106/><T109/><D109/><U83/><E83/><V61/><F84/><W133/><G133/><T88/><D1/><U60/><E60/><V107/><F61/><W80/><G40/><T26/><REACH who="0" step="1"/><D88/><REACH who="0" ten="204,230,270,286" step="2"/><U54/><E111/><V36/><F36/><W122/><G122/><T119/><D119/><U115/><E54/><V112/><F70/><W17/><G53/><T93/><D93/><U55/><E55/><V102/><F94/><W85/><G85/><T8/><D8/><N who="1" m="6407" /><E115/><V48/><F112/><W20/><G113/><T98/><D98/><AGARI ba="0,1" hai="24,25,46,49,52,91,92,98" m="6407,2058" machi="98" ten="30,7700,0" yaku="8,1,52,2,54,1" doraHai="23" who="1" fromWho="0" sc="204,-77,230,87,270,0,286,0" /><INIT seed="3,0,0,0,4,57" ten="127,317,270,286" oya="3" hai0="125,116,30,79,86,95,56,28,104,83,17,102,117" hai1="64,3,24,46,2,43,51,133,61,8,100,87,80" hai2="9,121,15,126,45,25,1,50,38,120,72,93,111" hai3="82,63,27,62,134,22,6,7,71,55,99,98,20"/><W31/><G71/><T53/><D125/><U101/><E133/><V66/><F126/><W26/><G134/><T84/><D116/><U33/><E33/><V73/><F111/><W18/><G82/><T74/><D117/><U91/><E24/><V12/><F38/><W119/><G55/><T41/><D41/><U37/><E37/><V48/><F1/><W39/><G39/><T110/><D110/><U118/><E118/><V21/><F93/><W130/><G119/><T89/><D86/><U16/><E2/><V36/><F36/><W112/><G130/><T90/><D90/><U10/><E3/><V69/><F69/><W44/><G44/><T14/><D102/><N who="1" m="39531" /><E16/><N who="2" m="12455" /><F66/><W106/><G106/><T60/><D104/><U32/><E32/><V52/><F50/><W11/><G112/><T67/><D67/><U123/><E123/><N who="2" m="47179" /><F15/><N who="3" m="5623" /><G7/><AGARI ba="0,0" hai="7,9,12,45,48,52,72,73" m="47179,12455" machi="7" ten="30,3900,0" yaku="13,1,54,2" doraHai="57" who="2" fromWho="3" sc="127,0,317,0,270,39,286,-39" owari="127,-37.3,317,41.7,309,10.9,247,-15.3" /></mjloggm>