<mjloggm ver="2.3"><GO type="225" lobby="0"/><UN n0="%70%68%65%6E%6F%6D%65" n1="%E5%91%A8%E6%9D%B1" n2="%E9%B3%B3%E6%9D%B1%E3%81%AE%E3%81%86%E3%81%95%E3%81%8E%E3%81%95%E3%82%93" n3="%77%72%77%72%77%72%77%72" dan="16,17,17,16" rate="2154.60,2232.69,2193.25,2110.39" sx="M,M,M,M"/><TAIKYOKU oya="0"/><INIT seed="0,0,0,2,1,110" ten="250,250,250,250" oya="0" hai0="100,83,133,0,6,29,56,86,90,88,65,108,4" hai1="1,3,109,81,25,134,37,118,48,84,107,94,46" hai2="47,32,30,42,87,52,68,16,113,9,64,61,5" hai3="76,119,131,82,33,54,44,101,11,7,26,89,99"/><T23/><D133/><U103/><E37/><V129/><F129/><W85/><G119/><T51/><D108/><U24/><E118/><V79/><F113/><W124/><G131/><T128/><D128/><U15/><E107/><V73/><F73/><W41/><G124/><T63/><D100/><U14/><E1/><V57/><F32/><W115/><G115/><T62/><D0/><U17/><E3/><V31/><F5/><W78/><G54/><T38/><D38/><U39/><E39/><N who="2" m="21983" /><F87/><W102/><G102/><T104/><D104/><U127/><E127/><V117/><F79/><W45/><G45/><T93/><D51/><U59/><E59/><V18/><F117/><W72/><G72/><T121/><D63/><U70/><E70/><V22/><F9/><W19/><G19/><N who="2" m="7209" /><F22/><W12/><G26/><N who="1" m="10346" /><E17/><V135/><F135/><W126/><G33/><T125/><D121/><U60/><E60/><V21/><F21/><W114/><G114/><T27/><REACH who="0" step="1"/><D125/><REACH who="0" ten="240,250,250,250" step="2"/><U116/><E109/><V106/><F106/><W75/><G126/><T123/><D123/><U77/><E134/><V28/><F28/><W36/><REACH who="3" step="1"/><G75/><REACH who="3" ten="240,250,250,240" step="2"/><T130/><D130/><U97/><E116/><V20/><F20/><W120/><G120/><T13/><D13/><U71/><E71/><V2/><F2/><W58/><G58/><T112/><D112/><U43/><AGARI ba="0,2" hai="14,15,43,46,48,77,81,84,94,97,103" m="10346" machi="43" ten="30,1100,0" yaku="8,1" doraHai="110" who="1" fromWho="1" sc="240,-5,250,31,250,-3,240,-3" /><INIT seed="1,0,0,0,3,17" ten="235,281,247,237" oya="1" hai0="41,90,39,0,25,24,34,51,126,73,49,119,11" hai1="1,122,5,29,27,19,18,30,88,120,65,26,16" hai2="113,55,133,35,14,20,13,60,58,110,59,101,36" hai3="75,116,74,62,47,64,102,21,12,4,118,79,40"/><U52/><E65/><V67/><F110/><W87/><G102/><T32/><D119/><N who="3" m="45609" /><G87/><T37/><D11/><N who="1" m="2479" /><E52/><V86/><F133/><W6/><G6/><T28/><D0/><U105/><E88/><V127/><F127/><W85/><G85/><T128/><D90/><U53/><E53/><V132/><F35/><W107/><G107/><T84/><D126/><U106/><E105/><V31/><F132/><W66/><G66/><T131/><D84/><U9/><E106/><V115/><F36/><N who="3" m="21895" /><G79/><T91/><D91/><U10/><E122/><V104/><F86/><W95/><G95/><T100/><D28/><N who="1" m="10859" /><E120/><V7/><F104/><W8/><G21/><T103/><REACH who="0" step="1"/><D41/><REACH who="0" ten="225,281,247,237" step="2"/><U78/><E78/><V82/><F101/><W56/><AGARI ba="0,1" hai="4,8,12,56,62,64,74,75" m="21895,45609" machi="56" ten="30,1100,0" yaku="12,1" doraHai="17" who="3" fromWho="3" sc="225,-3,281,-5,247,-3,237,21" /><INIT seed="2,0,0,0,0,86" ten="222,276,244,258" oya="2" hai0="106,5,110,29,133,26,48,97,71,43,38,54,134" hai1="117,7,22,20,37,50,42,2,103,81,23,83,82" hai2="128,24,95,28,61,129,15,16,13,27,53,84,58" hai3="44,130,56,107,132,90,108,102,63,59,41,119,21"/><V49/><F13/><W124/><G119/><T135/><D110/><U46/><E117/><V18/><F18/><W52/><G108/><T65/><D5/><U76/><E103/><V80/><F95/><W89/><G130/><N who="2" m="50281" /><F28/><W79/><G132/><T25/><D43/><U112/><E112/><V55/><F55/><W36/><G124/><T60/><D38/><U70/><E70/><V85/><F61/><W64/><G79/><T122/><D122/><U14/><E14/><V33/><F33/><W101/><G21/><T123/><D123/><U8/><REACH who="1" step="1"/><E50/><REACH who="1" ten="222,266,244,258" step="2"/><V115/><F115/><W109/><G109/><T67/><D48/><U19/><E19/><V116/><F116/><W66/><G102/><N who="0" m="62799" /><D71/><U39/><E39/><V125/><F125/><W3/><G101/><T31/><D26/><N who="2" m="9770" /><F80/><W131/><G131/><T121/><D121/><U96/><E96/><V32/><F32/><W73/><G36/><T72/><D31/><U126/><E126/><V113/><F113/><W12/><G107/><T88/><D29/><U91/><E91/><V94/><F94/><W118/><G90/><T104/><D25/><U78/><AGARI ba="0,1" hai="2,7,8,20,22,23,37,42,46,76,78,81,82,83" machi="78" ten="40,8000,1" yaku="1,1,0,1,53,3" doraHai="86" doraHaiUra="17" who="1" fromWho="1" sc="222,-20,266,90,244,-40,258,-20" /><INIT seed="3,0,0,1,1,58" ten="202,356,204,238" oya="3" hai0="7,39,118,122,91,79,126,89,65,38,108,10,83" hai1="98,63,78,116,110,56,94,85,4,71,115,61,47" hai2="30,50,22,16,74,133,44,55,114,45,14,95,123" hai3="70,125,27,104,106,13,88,34,73,96,105,52,134"/><W18/><G73/><T51/><D122/><U21/><E115/><V42/><F114/><W24/><G70/><T132/><D118/><U77/><E116/><V3/><F123/><W97/><G134/><T109/><D132/><U41/><E110/><N who="0" m="42601" /><D65/><U129/><E4/><V128/><F133/><W101/><G125/><T66/><D66/><U40/><E71/><V1/><F74/><W124/><G124/><T54/><D126/><U131/><E21/><V93/><F128/><W92/><G27/><T135/><D135/><U15/><E15/><V72/><F72/><W112/><G112/><T100/><D100/><U80/><E56/><V113/><F113/><W99/><G99/><T81/><D89/><N who="1" m="55631" /><E78/><V107/><F1/><W0/><G0/><N who="0" m="359" /><D91/><U62/><E47/><V17/><F3/><W119/><G119/><T11/><D11/><U82/><E82/><N who="0" m="31241" /><D79/><U75/><E75/><V103/><F103/><W111/><G111/><T87/><D87/><U67/><E67/><V25/><F107/><W84/><G84/><T57/><AGARI ba="0,0" hai="38,39,51,54,57" m="31241,359,42601" machi="57" ten="30,1100,0" yaku="14,1" doraHai="58" who="0" fromWho="0" sc="202,11,356,-3,204,-3,238,-5" owari="213,-18.7,353,45.3,201,-29.9,233,3.3" /></mjloggm>