<mjloggm ver="2.3"><GO type="225" lobby="0"/><UN n0="%E6%80%AA%E3%81%97%E3%81%99%E3%81%8E%E3%82%8B%E3%83%81%E3%83%BC" n1="%E3%81%95%E3%81%8D%E3%81%9F%E3%81%BE%E6%9E%97%E6%AA%8E" n2="%E3%81%BF%E3%81%BF%E3%81%9A" n3="%E9%A6%AC%E5%BC%95%E7%81%AB%33" dan="16,16,17,16" rate="2076.45,2141.95,2235.89,2076.53" sx="M,M,M,M"/><TAIKYOKU oya="0"/><INIT seed="0,0,0,2,4,112" ten="250,250,250,250" oya="0" hai0="82,127,1,97,95,34,3,9,70,117,38,59,57" hai1="54,17,103,99,6,42,133,2,74,93,12,66,60" hai2="4,84,40,120,18,64,102,33,16,108,132,27,24" hai3="106,52,32,125,109,58,53,130,72,31,110,7,55"/><T43/><D70/><U56/><E133/><V8/><F120/><W115/><G115/><T116/><D34/><U5/><E74/><V35/><F102/><W114/><G114/><T123/><D123/><U22/><E2/><V98/><F64/><W118/><G125/><T88/><D127/><U62/><REACH who="1" step="1"/><E42/><REACH who="1" ten="250,240,250,250" step="2"/><V37/><F40/><W29/><G72/><T134/><D134/><U135/><E135/><V11/><F132/><W101/><G110/><T49/><D3/><U15/><E15/><V46/><F108/><W126/><G126/><T81/><D1/><U10/><E10/><V113/><F8/><W91/><G109/><T128/><D9/><U65/><E65/><V0/><F11/><W36/><G7/><T50/><D43/><U85/><E85/><V119/><F84/><W48/><G130/><T129/><D97/><U100/><E100/><V78/><F0/><W69/><G101/><T87/><D87/><U19/><E19/><V79/><F16/><W90/><G55/><T44/><D38/><U45/><E45/><V13/><F18/><W51/><G36/><T41/><D41/><U28/><E28/><V131/><F46/><W86/><G86/><T94/><D44/><U26/><E26/><V124/><F24/><W83/><G83/><T80/><D81/><U77/><E77/><N who="2" m="29195" /><F27/><W122/><G122/><T63/><D88/><U73/><E73/><V61/><F37/><W89/><G89/><T71/><D71/><AGARI ba="0,1" hai="5,6,12,17,22,54,56,60,62,66,71,93,99,103" machi="71" ten="30,2000,0" yaku="1,1,7,1,53,0" doraHai="112" doraHaiUra="75" who="1" fromWho="0" sc="250,-20,240,30,250,0,250,0" /><INIT seed="1,0,0,3,1,13" ten="230,270,250,250" oya="1" hai0="41,50,64,128,121,101,5,87,113,29,23,131,127" hai1="123,110,43,30,97,91,84,86,6,53,85,79,2" hai2="100,25,75,22,109,93,58,20,63,65,134,124,111" hai3="118,7,10,16,120,55,126,35,80,73,31,17,67"/><U34/><E123/><V21/><F124/><W66/><G120/><T59/><D121/><U95/><E43/><V39/><F39/><W125/><G118/><T26/><D113/><U28/><E2/><V78/><F134/><W99/><G55/><T47/><D127/><N who="3" m="48649" /><G99/><T3/><D101/><U117/><E117/><V102/><F78/><N who="3" m="44111" /><G31/><T96/><D96/><U52/><E6/><V62/><F75/><W103/><G103/><N who="2" m="39465" /><F62/><W27/><G27/><T33/><D33/><U37/><E37/><V49/><F49/><W57/><G35/><T42/><D42/><U135/><E135/><V69/><F69/><W115/><G115/><T92/><D92/><U46/><E34/><V70/><F70/><W14/><G57/><T12/><D87/><N who="1" m="33355" /><E110/><N who="2" m="41995" /><F93/><W119/><G119/><T8/><REACH who="0" step="1"/><D3/><REACH who="0" ten="220,270,250,250" step="2"/><U107/><E107/><V24/><AGARI ba="0,1" hai="20,21,22,24,25,58,63,65" m="41995,39465" machi="24" ten="40,1500,0" yaku="14,1" doraHai="13" who="2" fromWho="2" sc="220,-4,270,-7,250,25,250,-4" /><INIT seed="2,0,0,0,4,89" ten="216,263,275,246" oya="2" hai0="11,51,129,58,45,87,32,81,123,8,109,82,122" hai1="3,5,118,94,2,27,22,10,14,57,76,17,130" hai2="63,59,28,126,101,44,77,46,116,21,18,128,113" hai3="52,9,74,49,119,70,105,88,65,23,112,127,72"/><V69/><F113/><W124/><G119/><T97/><D32/><U121/><E118/><V20/><F116/><W67/><G105/><T68/><D68/><U13/><E76/><V108/><F69/><W15/><G23/><T71/><D71/><U48/><E130/><V80/><F128/><W37/><G37/><T103/><D129/><U56/><E121/><V6/><F126/><N who="3" m="48171" /><G112/><T26/><D109/><U60/><E3/><V120/><F120/><W30/><G30/><T12/><D58/><U106/><E106/><V55/><F108/><W99/><G70/><T95/><D26/><U107/><E107/><V39/><BYE who="1" /><F6/><N who="3" m="3511" /><G72/><T73/><D73/><U19/><E19/><V96/><F39/><W1/><G74/><T90/><D81/><U36/><E36/><V50/><F28/><UN n1="%E3%81%95%E3%81%8D%E3%81%9F%E3%81%BE%E6%9E%97%E6%AA%8E" /><W91/><G1/><T25/><D25/><U115/><E115/><V132/><F132/><W66/><G99/><T38/><D38/><U40/><E2/><V33/><F33/><W64/><N who="3" m="16384" /><DORA hai="131" /><W93/><G93/><T102/><D11/><U16/><E94/><N who="2" m="58519" /><F18/><W78/><G78/><N who="0" m="46551" /><D122/><U114/><E114/><V61/><F20/><W41/><G41/><N who="0" m="25007" /><D123/><U117/><E117/><V62/><F21/><W4/><G4/><AGARI ba="0,0" hai="4,8,12,90,95,97,102,103" m="25007,46551" machi="4" ten="30,3900,0" yaku="25,1,8,1,52,1" doraHai="89,131" who="0" fromWho="3" sc="216,39,263,0,275,0,246,-39" /><INIT seed="3,0,0,4,1,9" ten="255,263,275,207" oya="3" hai0="56,58,116,101,73,29,24,110,109,106,6,30,88" hai1="96,103,69,99,85,16,23,112,117,83,33,115,97" hai2="118,20,107,64,86,75,42,131,43,8,94,28,5" hai3="133,4,32,135,45,13,57,102,25,38,132,105,47"/><W54/><G105/><T1/><D116/><U11/><E33/><V26/><F107/><W67/><G102/><T59/><D73/><U76/><E69/><V12/><F75/><W82/><G67/><T79/><D79/><U2/><E117/><V66/><F131/><W50/><G38/><T49/><D49/><U123/><E123/><V127/><F127/><W77/><G25/><T93/><D6/><U81/><E103/><V108/><F108/><N who="0" m="41578" /><D1/><U39/><E39/><V7/><F7/><W121/><G32/><T53/><D53/><U120/><E120/><V70/><F118/><W125/><G125/><T130/><D130/><U55/><E55/><V98/><F86/><N who="3" m="48463" /><G121/><T34/><D29/><U91/><E2/><V119/><F119/><W62/><G50/><T41/><D41/><N who="2" m="15370" /><F70/><W128/><G128/><T60/><D101/><AGARI ba="0,0" hai="5,8,12,20,26,28,64,66,94,98,101" m="15370" machi="101" ten="30,2000,0" yaku="8,1,52,1" doraHai="9" who="2" fromWho="0" sc="255,-20,263,0,275,20,207,0" /><INIT seed="4,0,0,4,4,55" ten="235,263,295,207" oya="0" hai0="105,16,51,67,110,20,15,103,47,71,121,24,116" hai1="25,27,82,34,19,78,111,95,131,98,115,3,91" hai2="85,30,40,117,66,9,46,42,6,114,86,38,5" hai3="123,99,65,75,39,64,119,128,43,26,28,113,32"/><T10/><D121/><U58/><E111/><V62/><F114/><W94/><G119/><T44/><D116/><U53/><E131/><V109/><F109/><W77/><G128/><T14/><D110/><U17/><E3/><V52/><F117/><W112/><G123/><T49/><D15/><U120/><E120/><V118/><F118/><W35/><G35/><T127/><D127/><U63/><E115/><N who="3" m="44106" /><G43/><T90/><D90/><U122/><E122/><V31/><F40/><W96/><G39/><T68/><D103/><U100/><E100/><V57/><F5/><W29/><G29/><T1/><D105/><U70/><E70/><V23/><F30/><W97/><G94/><T69/><D67/><N who="3" m="25673" /><G77/><T18/><REACH who="0" step="1"/><D1/><REACH who="0" ten="225,263,295,207" step="2"/><U8/><E91/><V21/><F66/><W106/><G75/><T76/><D76/><U45/><E78/><V84/><REACH who="2" step="1"/><F31/><REACH who="2" ten="225,263,285,207" step="2"/><W56/><G106/><T92/><D92/><U125/><E95/><V79/><F79/><W93/><G93/><T132/><D132/><U83/><E83/><V13/><AGARI ba="0,2" hai="6,9,13,21,23,38,42,46,52,57,62,84,85,86" machi="13" ten="30,7900,0" yaku="1,1,0,1,52,1,54,1,53,0" doraHai="55" doraHaiUra="22" who="2" fromWho="2" sc="225,-39,263,-20,285,99,207,-20" owari="186,-31.4,243,4.3,384,48.4,187,-21.3" /></mjloggm>