<mjloggm ver="2.3"><GO type="225" lobby="0"/><UN n0="%E3%81%82%E3%81%84%E3%81%82%E3%81%8A%E3%81%84" n1="%E3%81%AF%E3%82%88%E3%81%8A%E3%81%98%E3%81%95%E3%82%93" n2="%E6%80%AA%E3%81%97%E3%81%99%E3%81%8E%E3%82%8B%E3%83%81%E3%83%BC" n3="%E3%82%8F%E3%81%8B%E3%81%B0%2A%E3%82%AC%E3%83%BC%E3%83%AB" dan="18,17,16,16" rate="2186.85,2245.08,2055.87,2055.79" sx="M,M,M,M"/><TAIKYOKU oya="0"/><INIT seed="0,0,0,4,1,22" ten="250,250,250,250" oya="0" hai0="74,97,121,43,56,3,46,4,83,88,31,119,78" hai1="85,127,117,79,62,20,36,105,111,44,75,21,37" hai2="48,9,73,131,32,2,134,70,33,51,69,90,132" hai3="18,47,39,13,68,108,61,10,12,66,53,100,86"/><T128/><D119/><U80/><E117/><V6/><F131/><W84/><G108/><T103/><D121/><U124/><E105/><V59/><F73/><W126/><G126/><N who="1" m="48170" /><E111/><V15/><F90/><W42/><G100/><T11/><D128/><U65/><E75/><V122/><F2/><W123/><G123/><T17/><D31/><U72/><E72/><V30/><F122/><W135/><G135/><N who="2" m="51753" /><F30/><W91/><G91/><T76/><D76/><U52/><E36/><V19/><F6/><W25/><G25/><T35/><D35/><N who="2" m="13386" /><F59/><W81/><G81/><T133/><D133/><U57/><E37/><V49/><AGARI ba="0,0" hai="9,15,19,48,49,51,69,70" m="13386,51753" machi="49" ten="40,1500,0" yaku="20,1" doraHai="22" who="2" fromWho="2" sc="250,-7,250,-4,250,15,250,-4" /><INIT seed="1,0,0,2,5,77" ten="243,246,265,246" oya="1" hai0="4,13,69,96,62,46,111,78,134,47,29,30,86" hai1="94,17,81,119,31,124,16,122,54,53,48,26,33" hai2="20,35,108,70,43,55,52,10,85,34,84,21,57" hai3="113,25,63,45,99,125,75,64,114,8,128,79,115"/><U73/><E122/><V132/><F70/><W2/><G125/><T7/><D111/><U93/><E119/><V112/><F108/><W110/><G110/><T130/><D134/><U67/><E124/><V51/><F132/><W44/><G128/><T61/><D130/><U22/><E67/><V37/><F112/><W71/><G99/><T68/><D96/><U58/><E17/><V126/><F126/><W97/><G25/><T18/><D86/><U11/><E11/><V104/><F104/><W83/><REACH who="3" step="1"/><G97/><REACH who="3" ten="243,246,265,236" step="2"/><T106/><D106/><U103/><E103/><V102/><F102/><W12/><G12/><T133/><D133/><U87/><E73/><V49/><F84/><W120/><G120/><T32/><D13/><U129/><E129/><V36/><F85/><W72/><G72/><T100/><D100/><U23/><E33/><V1/><F1/><W135/><G135/><T9/><D32/><U95/><E31/><V118/><F118/><W15/><G15/><T66/><D30/><U82/><E87/><V5/><F35/><W76/><G76/><T116/><D78/><U88/><E88/><V40/><F34/><W59/><G59/><T121/><D29/><U92/><E92/><V105/><F57/><W107/><G107/><T131/><D131/><U3/><E3/><V27/><F105/><W80/><G80/><T6/><D121/><U89/><E89/><V91/><F91/><W39/><G39/><T28/><D28/><U56/><E23/><V101/><F101/><W38/><G38/><T117/><D117/><U123/><E123/><V60/><F21/><RYUUKYOKU ba="0,1" sc="243,-15,246,15,265,-15,236,15" hai1="16,22,26,48,53,54,56,58,81,82,93,94,95" hai3="2,8,44,45,63,64,71,75,79,83,113,114,115" /><INIT seed="1,1,1,1,4,98" ten="228,261,250,251" oya="1" hai0="84,37,112,55,125,99,122,103,126,89,41,26,46" hai1="109,91,36,70,43,29,72,100,85,59,6,83,56" hai2="30,2,129,63,49,47,133,44,108,58,54,110,61" hai3="119,31,28,15,66,20,7,3,121,132,11,40,13"/><U93/><E70/><V97/><F2/><W111/><G121/><T90/><D112/><U124/><E124/><N who="0" m="47721" /><D122/><U51/><E36/><V79/><F133/><W62/><G132/><T69/><D69/><U131/><E131/><V77/><F129/><W38/><G111/><N who="2" m="42537" /><F30/><W35/><G119/><T39/><D39/><U14/><E109/><V74/><F97/><W45/><G35/><T114/><D114/><U95/><E29/><V105/><F105/><W12/><REACH who="3" step="1"/><G20/><REACH who="3" ten="228,261,250,241" step="2"/><T27/><D55/><U82/><E43/><V25/><F25/><N who="0" m="9226" /><D84/><U81/><E85/><V60/><F74/><W127/><G127/><T80/><D80/><U118/><E72/><V42/><F47/><W101/><G101/><T107/><AGARI ba="1,2" hai="37,41,46,89,90,99,103,107" m="9226,47721" machi="107" ten="30,2000,0" yaku="18,1,52,1" doraHai="98" who="0" fromWho="0" sc="228,43,261,-11,250,-6,241,-6" /><INIT seed="2,0,0,0,3,134" ten="271,250,244,235" oya="2" hai0="47,93,64,73,14,22,81,32,17,59,128,130,58" hai1="69,84,11,13,39,26,50,54,76,65,119,44,34" hai2="53,56,2,89,1,94,132,28,10,102,97,5,52" hai3="8,38,48,107,72,91,40,68,9,99,101,6,77"/><V60/><F132/><W63/><G38/><T88/><D32/><U95/><E119/><V66/><F2/><W62/><G9/><T133/><D133/><U96/><E39/><V125/><F125/><W106/><G106/><T126/><D47/><U104/><E104/><V112/><F112/><W131/><G131/><N who="0" m="50219" /><D126/><U27/><E34/><V121/><F121/><W41/><G68/><T36/><D36/><U116/><E116/><V21/><REACH who="2" step="1"/><F89/><REACH who="2" ten="271,250,234,235" step="2"/><W109/><G91/><T4/><D88/><N who="1" m="55399" /><E69/><V35/><F35/><W87/><G101/><T135/><D135/><U29/><E65/><V24/><AGARI ba="0,1" hai="1,5,10,21,24,28,52,53,56,60,66,94,97,102" machi="24" ten="30,12000,1" yaku="1,1,0,1,25,2,54,1,53,0" doraHai="134" doraHaiUra="83" who="2" fromWho="2" sc="271,-40,250,-40,234,130,235,-40" /><INIT seed="2,1,0,4,4,117" ten="231,210,364,195" oya="2" hai0="29,35,11,45,39,86,131,1,90,43,119,121,47" hai1="36,48,87,67,84,33,19,55,10,46,26,100,31" hai2="32,96,8,41,24,2,64,53,109,25,59,18,15" hai3="7,63,107,14,101,79,95,111,92,103,23,12,89"/><V98/><F2/><W88/><G111/><T3/><D131/><U116/><E116/><V105/><F109/><W75/><G107/><T20/><D35/><U113/><E113/><V30/><F105/><W118/><G118/><T108/><D119/><U34/><E34/><V85/><F64/><W68/><G75/><T58/><D108/><U83/><E100/><N who="3" m="38474" /><G68/><T122/><D58/><U60/><E36/><V127/><F127/><W74/><G74/><T102/><D102/><U21/><E10/><V54/><F41/><W38/><G38/><T70/><D70/><U128/><E128/><V13/><F85/><N who="3" m="52239" /><G79/><T93/><D47/><U6/><E6/><V133/><F133/><W71/><G71/><T51/><D39/><U28/><E33/><V16/><F24/><W94/><G63/><T81/><D81/><U65/><E84/><V82/><F82/><W123/><G123/><T50/><D50/><U44/><E46/><V110/><F110/><W106/><G106/><T62/><D62/><U130/><E130/><V126/><F126/><W104/><G104/><T97/><D97/><U132/><E132/><V125/><F125/><W135/><G135/><T77/><D77/><N who="1" m="46575" /><E60/><V17/><F59/><W57/><G57/><T49/><D49/><U129/><E129/><V73/><F73/><W112/><G112/><T91/><D91/><U61/><E61/><V114/><F114/><W9/><G89/><T69/><D69/><U4/><E4/><N who="2" m="3207" /><F15/><W5/><G7/><N who="0" m="1519" /><D3/><U52/><E55/><N who="2" m="21003" /><F98/><W0/><G0/><T115/><D115/><U120/><E120/><V99/><AGARI ba="1,0" hai="16,17,18,25,30,32,96,99" m="21003,3207" machi="99" ten="30,3000,0" yaku="5,1,54,1" doraHai="117" who="2" fromWho="2" sc="231,-11,210,-11,364,33,195,-11" /><INIT seed="2,2,0,1,2,2" ten="220,199,397,184" oya="2" hai0="37,124,115,74,72,130,112,94,34,24,36,135,102" hai1="91,122,100,20,51,117,79,119,75,71,67,42,126" hai2="92,54,44,35,25,45,90,96,68,133,17,14,33" hai3="56,47,22,108,70,66,132,59,30,88,76,116,129"/><V31/><F133/><W134/><G116/><T120/><D120/><U78/><E122/><V9/><F68/><W65/><G108/><T41/><D94/><U11/><E126/><V105/><F33/><W3/><G3/><T109/><D102/><U27/><E100/><V99/><F105/><W82/><G129/><T69/><D69/><U87/><E11/><V118/><F118/><W110/><G110/><T86/><D86/><U113/><E113/><V26/><F96/><W53/><G47/><T101/><D101/><U46/><E75/><N who="0" m="28713" /><D109/><U106/><E106/><V38/><F38/><N who="0" m="14954" /><D41/><U89/><E91/><V15/><F54/><W7/><G76/><T21/><D21/><U73/><E73/><V85/><F26/><N who="3" m="16727" /><G70/><T95/><D95/><U107/><E107/><V29/><F29/><W52/><G132/><T19/><D19/><U61/><E117/><V103/><F15/><W12/><G134/><T58/><D58/><N who="3" m="22057" /><G65/><T114/><D135/><U49/><E49/><V16/><F17/><W123/><G66/><T57/><D57/><U8/><E8/><V81/><AGARI ba="2,0" hai="9,14,16,25,31,35,44,45,81,85,90,92,99,103" machi="81" ten="20,3900,0" yaku="0,1,7,1,54,1" doraHai="2" who="2" fromWho="2" sc="220,-15,199,-15,397,45,184,-15" /><INIT seed="2,3,0,1,3,122" ten="205,184,442,169" oya="2" hai0="50,46,105,115,41,56,34,63,5,48,124,82,11" hai1="38,52,70,9,127,19,3,68,49,0,91,102,85" hai2="104,132,30,35,97,92,29,133,4,57,32,125,69" hai3="109,42,24,59,93,39,118,43,40,65,80,15,18"/><V66/><F125/><W121/><G118/><T16/><D115/><U64/><E38/><V81/><F104/><W108/><G121/><T117/><D105/><U53/><E127/><V112/><F69/><W23/><G39/><T14/><D124/><U114/><E114/><V78/><F4/><W79/><G93/><T130/><D34/><N who="2" m="12842" /><F57/><W96/><G96/><T83/><D117/><U7/><E3/><V101/><F66/><W72/><REACH who="3" step="1"/><G24/><REACH who="3" ten="205,184,442,159" step="2"/><T75/><D130/><U107/><E107/><V129/><F129/><W33/><G33/><T120/><D120/><U100/><E102/><V134/><F112/><W94/><G94/><T55/><D75/><AGARI ba="3,1" hai="29,30,75,78,81,92,97,101,132,133,134" m="12842" machi="75" ten="40,2000,0" yaku="20,1" doraHai="122" who="2" fromWho="0" sc="205,-29,184,0,442,39,159,0" /><INIT seed="2,4,0,1,3,130" ten="176,184,481,159" oya="2" hai0="46,119,77,61,113,22,56,21,92,10,28,101,124" hai1="3,53,14,107,123,20,85,116,91,68,95,47,43" hai2="50,106,6,98,52,48,49,76,60,70,17,36,15" hai3="37,23,67,63,97,103,73,19,80,65,134,1,89"/><V44/><F6/><W39/><G1/><T25/><D113/><U64/><E116/><V2/><F2/><W27/><G134/><T132/><D132/><U118/><E118/><V105/><F76/><W109/><G109/><T75/><D119/><U58/><E3/><V114/><F114/><W135/><G135/><T88/><D124/><U9/><E107/><V117/><F117/><W104/><G67/><T81/><D101/><U34/><E34/><V108/><F108/><W12/><G27/><T131/><D131/><U129/><E129/><V110/><F110/><W11/><G11/><T5/><D46/><U29/><E68/><V18/><F18/><W78/><REACH who="3" step="1"/><G89/><REACH who="3" ten="176,184,481,149" step="2"/><T59/><D22/><U57/><E64/><V35/><F35/><W133/><G133/><T38/><D10/><U125/><E125/><V54/><F70/><AGARI ba="4,1" hai="12,19,23,37,39,63,65,70,73,78,80,97,103,104" machi="70" ten="30,2000,0" yaku="1,1,7,1,53,0" doraHai="130" doraHaiUra="45" who="3" fromWho="2" sc="176,0,184,0,481,-32,149,42" /><INIT seed="3,0,0,0,2,46" ten="176,184,449,191" oya="3" hai0="129,30,114,34,88,70,109,78,55,95,50,133,4" hai1="37,80,120,101,60,42,63,59,74,107,26,69,104" hai2="110,29,19,52,89,28,121,92,122,13,127,103,99" hai3="51,41,40,47,96,100,0,45,9,35,2,39,76"/><W115/><G115/><T23/><D70/><U20/><E120/><N who="2" m="46187" /><F110/><W126/><G126/><T108/><D114/><U65/><E42/><V86/><F52/><W25/><G76/><T116/><D116/><U81/><E37/><V10/><F127/><W128/><G128/><T111/><D129/><U1/><E1/><V113/><F113/><W123/><G123/><T15/><D133/><U77/><E81/><AGARI ba="0,0" hai="10,13,19,28,29,81,86,89,92,99,103" m="46187" machi="81" ten="30,1000,0" yaku="13,1" doraHai="46" who="2" fromWho="1" sc="176,0,184,-10,449,10,191,0" owari="176,-22.4,174,-32.6,459,55.9,191,-0.9" /></mjloggm>