<mjloggm ver="2.3"><GO type="225" lobby="0"/><UN n0="%E3%81%BF%E3%81%BF%E3%81%9A" n1="%E6%9C%88%E5%A4%9C%E3%81%AB%E9%A2%A8" n2="%E3%83%96%E3%83%83%E3%83%91%E3%82%AA%E3%83%96%E3%83%81%E3%82%AD%E3%83%B3" n3="%70%68%65%6E%6F%6D%65" dan="17,16,16,16" rate="2179.70,2084.88,2197.73,2173.01" sx="M,M,M,M"/><TAIKYOKU oya="0"/><INIT seed="0,0,0,5,4,53" ten="250,250,250,250" oya="0" hai0="125,130,99,82,105,46,100,4,66,115,83,101,39" hai1="34,1,31,32,10,128,6,41,48,113,76,63,134" hai2="57,121,12,26,117,88,28,55,127,29,133,0,64" hai3="93,69,23,2,59,79,36,106,51,24,52,102,40"/><T21/><D115/><U96/><E113/><V91/><F121/><W123/><G123/><T109/><D125/><U77/><E128/><V11/><F127/><W49/><G106/><T87/><D130/><U84/><E134/><V16/><F133/><W78/><G36/><T74/><D101/><U47/><E96/><V38/><F38/><W27/><G69/><T94/><D109/><U7/><E7/><V124/><F124/><W58/><G2/><T107/><D4/><U90/><E63/><N who="2" m="37999" /><F0/><W8/><G8/><T70/><D21/><U65/><E65/><V30/><F117/><W68/><G68/><T22/><D22/><U72/><E72/><V80/><F26/><W18/><G27/><T112/><D112/><U122/><E31/><N who="2" m="7939" /><V126/><DORA hai="92" /><F126/><W9/><G9/><T95/><D107/><U37/><E37/><V25/><F25/><W111/><G111/><T104/><D105/><U75/><E75/><V110/><F110/><W19/><G19/><T71/><D71/><U17/><E122/><V73/><F73/><W118/><G118/><T61/><D39/><U132/><E17/><V42/><F42/><W15/><G24/><T33/><D33/><U56/><E132/><V89/><F55/><N who="3" m="32111" /><G40/><T5/><D5/><U116/><E116/><V131/><F131/><W114/><G114/><T120/><D120/><U62/><E34/><V86/><AGARI ba="0,0" hai="11,12,16,80,86,88,89,91" m="7939,37999" machi="86" ten="40,8000,1" yaku="8,1,52,1,54,2" doraHai="53,92" who="2" fromWho="2" sc="250,-40,250,-20,250,80,250,-20" /><INIT seed="1,0,0,4,0,18" ten="210,230,330,230" oya="1" hai0="111,22,25,131,37,95,51,8,84,69,63,79,53" hai1="24,94,133,42,38,102,83,7,135,39,120,4,87" hai2="47,28,68,86,96,88,33,109,85,6,106,20,98" hai3="3,35,26,112,124,0,100,11,123,21,76,31,78"/><U115/><E115/><V74/><F74/><W32/><G100/><T60/><D37/><N who="1" m="13835" /><E42/><V15/><F68/><W93/><G93/><T92/><D111/><U5/><E94/><N who="0" m="35881" /><D69/><U41/><E41/><V126/><F106/><W132/><G78/><T16/><D131/><U46/><E46/><V77/><F33/><N who="3" m="12875" /><G76/><T82/><D8/><U45/><E45/><AGARI ba="0,0" hai="16,22,25,45,51,53,60,63,79,82,84" m="35881" machi="45" ten="30,3900,0" yaku="8,1,52,1,54,1" doraHai="18" who="0" fromWho="1" sc="210,39,230,-39,330,0,230,0" /><INIT seed="2,0,0,0,2,86" ten="249,191,330,230" oya="2" hai0="19,71,12,125,44,92,112,127,117,39,11,98,4" hai1="106,16,28,47,0,89,113,115,46,43,90,74,85" hai2="110,23,87,49,65,76,6,20,42,33,134,70,8" hai3="99,126,57,53,30,109,24,120,105,128,95,114,123"/><V80/><F33/><W3/><G3/><T88/><D112/><U55/><E74/><V21/><F134/><W40/><G114/><T41/><D71/><U102/><E0/><V35/><F35/><W60/><G109/><T1/><REACH who="0" step="1"/><D117/><REACH who="0" ten="239,191,330,230" step="2"/><U64/><E115/><V50/><F110/><W93/><G123/><T84/><D84/><U121/><E113/><V124/><F70/><W118/><G120/><T61/><D61/><U91/><E121/><V97/><F87/><W25/><G118/><T78/><D78/><U103/><E106/><V82/><F76/><W66/><G126/><T77/><D77/><U9/><E85/><V37/><F124/><W81/><G128/><T108/><D108/><U15/><E28/><V14/><F82/><W96/><G81/><T51/><D51/><N who="1" m="27103" /><E64/><V5/><F65/><W31/><G105/><T29/><D29/><U13/><E13/><V62/><F14/><W101/><G66/><T22/><AGARI ba="0,1" hai="1,4,11,12,19,22,39,41,44,88,92,98,125,127" machi="22" ten="30,7900,0" yaku="1,1,0,1,52,1,54,1,53,0" doraHai="86" doraHaiUra="52" who="0" fromWho="0" sc="239,89,191,-20,330,-39,230,-20" /><INIT seed="3,0,0,5,2,12" ten="328,171,291,210" oya="3" hai0="57,135,16,64,97,103,34,19,92,30,46,113,102" hai1="11,3,28,20,105,45,38,79,39,9,82,90,8" hai2="67,86,111,61,4,31,121,0,87,15,120,124,123" hai3="5,17,108,80,58,115,88,52,35,40,70,60,1"/><W72/><G115/><T106/><D135/><U118/><E118/><V125/><F0/><W53/><G35/><T22/><D113/><U44/><E105/><V94/><F31/><W7/><G70/><T101/><D34/><U32/><E32/><V51/><F111/><W14/><G108/><T107/><D46/><U59/><E3/><V109/><F109/><W130/><G130/><T54/><D107/><U50/><E59/><N who="2" m="37311" /><F51/><W63/><G40/><T41/><D41/><U134/><E134/><V10/><F94/><W65/><G1/><T104/><D104/><U56/><E39/><V71/><F71/><W48/><G72/><T29/><D64/><U13/><E38/><V128/><F128/><W112/><G112/><T37/><D37/><U91/><E56/><V27/><F27/><W76/><G76/><T49/><D19/><U83/><E28/><N who="0" m="10857" /><D106/><U43/><E45/><V23/><F23/><N who="3" m="11703" /><G65/><T26/><AGARI ba="0,0" hai="16,22,26,49,54,57,92,97,101,102,103" m="10857" machi="26" ten="30,4000,0" yaku="8,1,52,1,54,1" doraHai="12" who="0" fromWho="0" sc="328,40,171,-10,291,-10,210,-20" owari="368,46.8,161,-33.9,281,8.1,190,-21.0" /></mjloggm>