<mjloggm ver="2.3"><GO type="225" lobby="0"/><UN n0="%E5%91%A8%E6%9D%B1" n1="%E3%81%BF%E3%81%BF%E3%81%9A" n2="%E9%A6%AC%E5%BC%95%E7%81%AB%33" n3="%E3%82%A4%E3%83%BC%E3%82%B1%E3%83%97%E3%83%A9" dan="17,17,16,16" rate="2156.75,2175.30,2131.51,2167.16" sx="M,M,M,M"/><TAIKYOKU oya="0"/><INIT seed="0,0,0,3,2,79" ten="250,250,250,250" oya="0" hai0="57,7,36,70,22,81,108,117,100,86,59,60,45" hai1="56,130,129,133,41,119,63,91,72,103,65,42,0" hai2="49,67,55,3,20,47,54,9,87,23,38,58,122" hai3="135,92,76,48,75,88,90,61,73,123,110,44,69"/><T50/><D117/><U14/><E119/><V111/><F122/><W31/><G123/><T116/><D116/><U105/><E0/><V24/><F111/><W32/><G110/><T46/><D108/><U82/><E133/><V124/><F124/><W21/><G32/><T25/><D100/><U52/><E14/><V12/><F3/><W102/><G135/><T2/><D36/><U101/><E65/><V83/><F67/><W27/><G69/><T43/><D46/><U126/><E126/><V113/><F24/><W121/><G121/><T96/><D96/><N who="1" m="61607" /><E103/><V1/><F1/><W98/><G61/><T134/><D134/><U68/><E68/><V89/><F113/><W33/><G33/><T4/><D2/><U85/><E72/><V29/><F29/><W114/><G114/><T77/><D70/><U19/><E19/><N who="2" m="8591" /><F38/><W71/><G71/><T95/><D95/><U8/><E8/><V125/><F125/><W132/><G132/><T104/><D104/><U64/><E64/><V128/><F128/><AGARI ba="0,0" hai="41,42,52,56,63,82,85,91,128,129,130" m="61607" machi="128" ten="30,3900,0" yaku="19,1,52,1,54,1" doraHai="79" who="1" fromWho="2" sc="250,0,250,39,250,-39,250,0" /><INIT seed="1,0,0,3,0,95" ten="250,289,211,250" oya="1" hai0="106,83,32,52,124,7,91,112,21,38,82,29,101" hai1="28,27,127,58,54,68,22,56,118,39,125,6,99" hai2="109,78,62,128,131,14,86,81,36,89,115,49,34" hai3="53,11,113,108,103,90,92,59,12,69,40,135,55"/><U80/><E118/><V74/><F36/><W105/><G69/><T114/><D38/><U77/><E68/><V5/><F34/><W98/><G113/><T45/><D124/><N who="1" m="47691" /><E39/><V111/><F62/><W0/><G0/><T17/><D7/><U102/><E6/><V134/><F49/><W119/><G108/><N who="2" m="41545" /><F14/><W122/><G122/><T20/><D32/><U43/><E43/><V31/><F31/><W26/><G135/><T66/><D66/><U100/><E54/><V96/><F5/><W10/><G119/><T24/><D112/><U63/><E63/><V126/><F126/><W123/><G123/><T8/><D114/><U44/><E44/><V73/><F115/><W84/><G40/><T46/><D45/><U61/><E61/><V16/><F16/><W76/><G26/><T65/><D65/><U94/><E100/><V117/><F117/><W9/><G76/><T87/><D46/><U18/><E28/><V60/><F60/><W2/><G2/><T25/><D52/><U107/><E107/><V110/><F134/><W129/><G55/><T71/><D71/><U1/><E1/><V121/><F121/><W64/><G64/><T79/><D101/><U85/><AGARI ba="0,0" hai="18,22,27,56,58,77,80,85,94,99,102" m="47691" machi="85" ten="30,3000,0" yaku="18,1,52,1" doraHai="95" who="1" fromWho="1" sc="250,-10,289,30,211,-10,250,-10" /><INIT seed="1,1,0,5,0,111" ten="240,319,201,240" oya="1" hai0="41,15,61,31,131,51,114,29,35,49,120,17,70" hai1="100,90,122,115,37,5,119,110,108,107,99,47,94" hai2="38,92,129,127,98,57,93,133,43,53,64,26,21" hai3="16,81,95,32,62,118,22,12,44,23,124,55,28"/><U73/><E119/><V27/><F127/><W30/><G118/><T14/><D120/><U36/><E122/><V6/><F129/><W105/><G105/><T40/><D131/><U77/><E5/><V76/><F133/><W80/><G32/><T50/><D35/><U125/><E47/><V135/><F135/><W91/><G124/><T71/><D61/><U45/><E125/><V13/><F76/><W59/><G44/><T2/><D2/><U79/><E45/><V4/><F64/><W72/><G72/><T18/><REACH who="0" step="1"/><D50/><REACH who="0" ten="230,319,201,240" step="2"/><U1/><E1/><V54/><F38/><W63/><G63/><T96/><D96/><N who="1" m="61831" /><E36/><V8/><F43/><W74/><G74/><T134/><D134/><U86/><E37/><V39/><F39/><W65/><G65/><T56/><D56/><U58/><E58/><V60/><F54/><W20/><G30/><T48/><D48/><U75/><E75/><V106/><F106/><W97/><REACH who="3" step="1"/><G28/><REACH who="3" ten="230,319,201,230" step="2"/><T10/><D10/><AGARI ba="1,2" hai="10,12,16,20,22,23,55,59,62,80,81,91,95,97" machi="10" ten="40,8000,1" yaku="1,1,2,1,8,1,54,1,53,0" doraHai="111" doraHaiUra="25" who="3" fromWho="0" sc="230,-83,319,0,201,0,230,103" /><INIT seed="2,0,0,1,4,8" ten="147,319,201,333" oya="2" hai0="106,12,45,80,90,3,96,36,135,97,104,108,55" hai1="19,53,5,14,86,13,119,109,126,79,113,31,103" hai2="24,52,29,59,60,54,22,74,47,92,70,73,63" hai3="107,11,123,30,95,26,78,77,130,6,100,44,93"/><V23/><F92/><W49/><G123/><T72/><D3/><U41/><E113/><V132/><F132/><W87/><G107/><N who="0" m="41003" /><D12/><N who="1" m="4715" /><E119/><V131/><F131/><W128/><G100/><T84/><D36/><U98/><E109/><V83/><F83/><N who="3" m="47599" /><G78/><N who="0" m="44103" /><D45/><U62/><E126/><V81/><F81/><W18/><G6/><T99/><D55/><U50/><E5/><V42/><F22/><N who="3" m="13655" /><G11/><T129/><D129/><N who="3" m="49769" /><G30/><T4/><D4/><U68/><E68/><V124/><F124/><W46/><G46/><T105/><D108/><U120/><E120/><V56/><REACH who="2" step="1"/><F70/><REACH who="2" ten="147,319,191,333" step="2"/><W21/><G21/><T10/><D135/><U94/><E79/><V102/><F102/><W7/><G7/><T48/><D10/><U71/><E71/><V121/><F121/><W33/><G33/><T111/><D111/><U82/><E82/><V2/><F2/><W39/><G39/><AGARI ba="0,1" hai="23,24,29,39,42,47,52,54,56,59,60,63,73,74" machi="39" ten="30,12000,1" yaku="1,1,7,1,9,1,54,1,53,1" doraHai="8" doraHaiUra="69" who="2" fromWho="3" sc="147,0,319,0,191,130,333,-120" /><INIT seed="2,1,0,0,0,20" ten="147,319,321,213" oya="2" hai0="75,93,56,123,115,1,38,80,89,25,130,66,47" hai1="109,112,52,78,41,28,53,103,98,29,70,8,116" hai2="83,134,34,91,106,3,48,58,114,0,24,37,118" hai3="16,64,51,23,100,65,111,131,126,77,113,104,43"/><V63/><F118/><W14/><G111/><T40/><D115/><U88/><E112/><V12/><F114/><W5/><G113/><T17/><D130/><U87/><E70/><V49/><F37/><W119/><G119/><T60/><D1/><U13/><E78/><V30/><F106/><W45/><G131/><T95/><D123/><U117/><E41/><V46/><F134/><W127/><G77/><T108/><D108/><U10/><E109/><V81/><F12/><W4/><G104/><T92/><D75/><U11/><E13/><V107/><F107/><W72/><G100/><T39/><D39/><U18/><E18/><V82/><F91/><W62/><G72/><T128/><D128/><U69/><E69/><V102/><F49/><W6/><REACH who="3" step="1"/><G62/><REACH who="3" ten="147,319,321,203" step="2"/><T97/><REACH who="0" step="1"/><D80/><REACH who="0" ten="137,319,321,203" step="2"/><N who="1" m="49255" /><E117/><V59/><F83/><W33/><G33/><T85/><D85/><U132/><E116/><V50/><F82/><W99/><G99/><T27/><D27/><U61/><E132/><V84/><F81/><W105/><G105/><T101/><D101/><U57/><E103/><V26/><F102/><W9/><G9/><T79/><D79/><U124/><E98/><V96/><F24/><W21/><G21/><AGARI ba="1,2" hai="17,21,25,38,40,47,56,60,66,89,92,93,95,97" machi="21" ten="40,5200,0" yaku="1,1,52,1,53,1" doraHai="20" doraHaiUra="15" who="0" fromWho="3" sc="137,75,319,0,321,0,203,-55" /><INIT seed="3,0,0,3,0,76" ten="212,319,321,148" oya="3" hai0="15,97,85,0,34,71,75,107,112,60,20,37,127" hai1="31,73,39,58,78,87,108,64,12,89,62,22,84" hai2="53,35,67,131,129,105,80,57,120,109,2,13,51" hai3="43,94,10,66,3,54,44,27,14,56,65,113,70"/><W50/><G113/><T90/><D0/><U95/><E108/><V25/><F109/><W1/><G27/><T125/><D34/><U30/><E39/><V36/><F36/><W59/><G59/><T134/><D37/><U29/><E73/><V96/><F2/><W6/><G94/><T91/><D75/><U16/><E78/><V111/><F111/><W122/><G66/><T11/><D20/><U82/><E82/><V106/><F80/><W41/><G122/><T121/><D121/><U8/><E87/><V23/><F120/><W93/><G93/><T88/><D112/><U26/><AGARI ba="0,0" hai="8,12,16,22,26,29,30,31,58,62,64,84,89,95" machi="26" ten="30,4000,0" yaku="0,1,8,1,54,1" doraHai="76" who="1" fromWho="1" sc="212,-10,319,40,321,-10,148,-20" owari="202,-19.8,359,45.9,311,11.1,128,-37.2" /></mjloggm>