<mjloggm ver="2.3"><GO type="225" lobby="0"/><UN n0="%E3%83%A9%E3%83%BC%E3%83%A1%E3%83%B3%E4%BA%94%E9%83%8E" n1="%E3%81%BF%E3%81%BF%E3%81%9A" n2="%70%68%65%6E%6F%6D%65" n3="%E5%B8%86%E7%AB%8B%E5%A4%8F%E8%A1%A3" dan="16,18,16,17" rate="2092.01,2215.79,2159.17,2118.90" sx="M,M,M,M"/><TAIKYOKU oya="0"/><INIT seed="0,0,0,0,3,77" ten="250,250,250,250" oya="0" hai0="64,29,110,42,55,71,84,2,114,40,69,117,21" hai1="0,83,116,26,14,62,93,98,61,67,15,35,68" hai2="86,120,20,11,59,23,130,96,31,105,102,119,112" hai3="103,124,135,28,99,74,1,129,41,73,22,90,5"/><T33/><D114/><U39/><E116/><V45/><F120/><W12/><G124/><T128/><D117/><U126/><E0/><V87/><F112/><W36/><G129/><T8/><D33/><U54/><E39/><V19/><F130/><W101/><G135/><T79/><D128/><U133/><E126/><V52/><F45/><W113/><G113/><T125/><D125/><U122/><E122/><V17/><F31/><W48/><G36/><T88/><D79/><U100/><E133/><V3/><F119/><W118/><G118/><T16/><D29/><U18/><E83/><V53/><F53/><W66/><G66/><T85/><D64/><U78/><E78/><V27/><F11/><W49/><G1/><T134/><D134/><U44/><E35/><V92/><F105/><W37/><G37/><T38/><D69/><U94/><E94/><V46/><F46/><W91/><G5/><T4/><D71/><U95/><E95/><V57/><F57/><W76/><G76/><T123/><D123/><U32/><E32/><V60/><REACH who="2" step="1"/><F3/><REACH who="2" ten="250,250,240,250" step="2"/><W25/><G28/><T43/><D38/><U72/><E44/><V115/><F115/><W10/><G74/><T6/><D2/><U107/><E72/><V132/><F132/><W63/><G73/><T80/><D55/><U24/><E107/><V34/><F34/><W50/><G10/><T108/><D8/><N who="1" m="6471" /><E54/><V97/><F97/><W56/><G99/><T13/><REACH who="0" step="1"/><D84/><REACH who="0" ten="240,250,240,250" step="2"/><U70/><E70/><V131/><F131/><W7/><G41/><T121/><D121/><U75/><E68/><V65/><F65/><RYUUKYOKU ba="0,2" sc="240,15,250,-15,240,15,250,-15" hai0="4,6,13,16,21,40,42,43,80,85,88,108,110" hai2="17,19,20,23,27,52,59,60,86,87,92,96,102" /><INIT seed="0,1,2,2,3,127" ten="255,235,255,235" oya="0" hai0="23,4,57,51,97,38,31,48,54,103,12,52,130" hai1="125,102,25,0,117,50,128,49,76,98,115,134,133" hai2="2,53,37,126,40,24,26,87,118,39,69,66,18" hai3="6,20,59,112,131,94,110,129,56,21,77,33,5"/><T135/><D38/><U107/><E117/><V62/><F118/><W122/><G33/><T1/><D1/><U9/><E125/><V29/><F126/><W113/><G77/><T73/><D73/><U32/><E76/><V92/><F2/><W30/><G94/><N who="0" m="58807" /><D135/><N who="1" m="51723" /><E128/><N who="3" m="49226" /><G110/><T120/><D120/><U116/><E116/><V44/><F39/><W114/><G122/><T35/><D35/><U108/><E108/><V43/><F40/><W17/><G30/><T60/><D130/><U11/><E115/><N who="3" m="29442" /><W81/><DORA hai="8" /><G81/><T82/><D82/><U3/><E0/><V119/><F29/><W28/><G28/><T90/><D90/><U123/><E3/><V86/><F92/><W13/><G21/><T16/><D31/><N who="1" m="19567" /><E123/><V83/><F119/><W47/><G47/><N who="0" m="27679" /><D4/><AGARI ba="1,2" hai="4,5,6,13,17,20,56,59" m="29442,49226" machi="4" ten="50,8000,1" yaku="19,1,52,4" doraHai="127,8" who="3" fromWho="0" sc="255,-83,235,0,255,0,235,103" /><INIT seed="1,0,0,4,3,130" ten="172,235,255,338" oya="1" hai0="72,60,68,45,41,117,66,75,119,67,125,82,24" hai1="12,21,65,89,129,10,128,19,100,25,16,115,105" hai2="133,39,59,13,18,76,121,71,127,23,49,44,135" hai3="61,17,54,91,134,103,22,0,51,109,93,101,3"/><U79/><E115/><V53/><F121/><W97/><G109/><T90/><D125/><U99/><E79/><V1/><F127/><W50/><G134/><N who="2" m="51209" /><F71/><W55/><G3/><T95/><D67/><U33/><E65/><V8/><F76/><W78/><G78/><T113/><D113/><U70/><E70/><V63/><F39/><W96/><G0/><T131/><D131/><N who="1" m="50251" /><E89/><V34/><F34/><AGARI ba="0,0" hai="10,12,16,19,21,25,33,34,99,100,105" m="50251" machi="34" ten="30,2900,0" yaku="19,1,54,1" doraHai="130" who="1" fromWho="2" sc="172,0,235,29,255,-29,338,0" /><INIT seed="1,1,0,2,1,111" ten="172,264,226,338" oya="1" hai0="1,121,42,51,96,29,60,13,69,95,97,90,126" hai1="47,4,37,115,53,104,28,31,83,15,72,123,78" hai2="46,73,92,52,7,23,17,110,8,41,71,134,88" hai3="108,107,9,66,24,68,93,81,16,21,6,56,20"/><U85/><E123/><V61/><F110/><W118/><G68/><T135/><D1/><U87/><E104/><V106/><F134/><W64/><G107/><T3/><D3/><U12/><E72/><V128/><F128/><W32/><G108/><T27/><D135/><U120/><E120/><V125/><F125/><W122/><G122/><T114/><D126/><U77/><E37/><V131/><F73/><W132/><G132/><T54/><D121/><U30/><E4/><V101/><F106/><W67/><G118/><T55/><D13/><U91/><E115/><V25/><F101/><W58/><G32/><T82/><D114/><U44/><E53/><V63/><F131/><W11/><G81/><T65/><D82/><U76/><E87/><N who="2" m="52255" /><F71/><W86/><G21/><T133/><D133/><U103/><E103/><V75/><F75/><W109/><G109/><T36/><D36/><U119/><E119/><V130/><F41/><W48/><G48/><T89/><D42/><U49/><E49/><N who="2" m="28727" /><F130/><W35/><G35/><T59/><D54/><U127/><E127/><V18/><F7/><W112/><G6/><T113/><D113/><U105/><E105/><V0/><F0/><W99/><G112/><T57/><D69/><U33/><E33/><V80/><F80/><W100/><G86/><N who="0" m="52663" /><D90/><U124/><E124/><V84/><F84/><W116/><G116/><T45/><D45/><AGARI ba="1,0" hai="12,15,28,30,31,44,45,47,76,77,78,83,85,91" machi="45" ten="40,2000,0" yaku="8,1" doraHai="111" who="1" fromWho="0" sc="172,-23,264,23,226,0,338,0" /><INIT seed="1,2,0,0,0,81" ten="149,287,226,338" oya="1" hai0="57,0,74,31,95,65,48,50,111,9,25,36,117" hai1="129,63,91,53,64,35,132,61,92,133,67,5,134" hai2="66,121,130,24,1,89,20,37,73,86,32,26,58" hai3="96,105,85,30,102,6,124,2,116,78,120,17,98"/><U119/><E119/><V135/><F121/><W93/><G120/><T19/><D117/><U109/><E129/><V104/><F73/><W27/><G116/><T97/><D36/><U52/><E35/><V122/><F122/><W55/><G124/><T44/><D74/><U127/><E5/><V88/><F130/><W34/><G2/><T14/><D111/><U8/><E8/><V43/><F1/><W4/><G17/><T123/><D0/><U114/><E114/><V115/><F104/><W56/><G78/><T3/><D3/><U90/><E127/><V82/><F135/><W60/><G85/><T38/><D38/><U126/><E126/><V75/><F75/><W69/><G69/><T46/><D123/><U11/><E11/><V10/><F10/><W84/><G84/><T22/><D44/><U29/><E29/><V110/><F115/><W125/><G125/><T77/><D77/><U28/><E28/><V112/><F110/><W83/><REACH who="3" step="1"/><G83/><REACH who="3" ten="149,287,226,328" step="2"/><T51/><D57/><N who="1" m="36911" /><E109/><V7/><F7/><W21/><G21/><T68/><D68/><N who="1" m="42111" /><E90/><AGARI ba="2,1" hai="4,6,27,30,34,55,56,60,90,93,96,98,102,105" machi="90" ten="30,2000,0" yaku="1,1,7,1,53,0" doraHai="81" doraHaiUra="106" who="3" fromWho="1" sc="149,0,287,-26,226,0,328,36" /><INIT seed="2,0,0,2,3,126" ten="149,261,226,364" oya="2" hai0="16,98,106,122,117,116,121,97,132,115,8,79,42" hai1="47,6,39,69,86,66,82,0,104,31,55,125,59" hai2="48,112,127,92,62,29,89,40,45,13,81,2,22" hai3="120,113,124,75,26,133,94,70,110,123,93,73,46"/><V38/><F127/><W67/><G46/><T28/><D28/><U32/><E104/><V53/><F112/><W134/><G26/><T19/><D115/><U21/><E125/><V14/><F2/><W33/><G124/><T30/><D30/><U52/><E32/><V135/><F135/><N who="3" m="51723" /><G113/><T109/><D132/><U129/><E129/><V74/><F62/><N who="3" m="40311" /><G33/><T34/><D34/><U101/><E101/><V130/><F130/><W23/><G23/><T68/><D68/><U96/><E96/><N who="0" m="36969" /><D106/><U7/><E21/><V27/><F92/><N who="3" m="35435" /><G110/><T57/><D109/><U10/><E31/><V25/><F25/><W9/><G9/><T49/><D8/><U77/><E6/><V12/><F74/><AGARI ba="0,0" hai="73,74,75,120,123" m="35435,40311,51723" machi="74" ten="30,1000,0" yaku="20,1" doraHai="126" who="3" fromWho="2" sc="149,0,261,0,226,-10,364,10" /><INIT seed="3,0,0,1,0,44" ten="149,261,216,374" oya="3" hai0="4,70,37,110,42,60,105,64,17,120,90,113,74" hai1="24,36,129,106,6,93,85,101,134,86,118,35,107" hai2="56,7,61,88,30,20,79,83,125,3,31,53,77" hai3="47,45,133,103,109,102,121,33,21,1,27,12,124"/><W2/><G121/><T128/><D120/><U81/><E24/><V63/><F125/><W78/><G78/><N who="2" m="29705" /><F3/><W29/><G133/><T126/><D126/><U50/><E6/><V92/><F7/><W123/><G109/><T18/><D110/><U127/><E127/><V38/><F38/><W98/><G123/><T62/><D128/><U15/><E15/><V71/><F71/><W95/><G124/><T51/><D113/><U111/><E36/><V52/><F83/><W91/><G2/><T84/><D74/><U13/><E13/><V76/><N who="2" m="29713" /><V11/><DORA hai="19" /><F11/><W122/><G1/><T80/><D105/><U46/><E35/><V9/><F9/><W22/><G122/><T32/><D32/><U94/><E111/><V8/><F8/><W72/><G72/><T68/><D4/><U75/><E134/><V89/><F20/><W67/><G67/><T130/><D130/><U14/><E14/><V114/><F114/><W65/><G65/><T54/><D62/><N who="2" m="23562" /><F89/><W0/><G0/><T66/><D66/><U97/><E129/><V55/><F56/><W25/><G12/><T40/><D70/><U104/><E75/><V115/><F115/><W26/><G33/><T135/><D135/><U87/><E81/><V5/><F5/><W39/><G39/><T59/><D42/><U16/><E106/><V99/><AGARI ba="0,0" hai="30,31,52,53,55,88,92,99" m="23562,29713" machi="99" ten="40,5200,0" yaku="8,1,54,2" doraHai="44,19" who="2" fromWho="2" sc="149,-13,261,-13,216,52,374,-26" owari="136,-36.4,248,-15.2,268,6.8,348,44.8" /></mjloggm>