<mjloggm ver="2.3"><GO type="225" lobby="0"/><UN n0="%E6%81%A5%E6%99%92%E3%81%97" n1="%E3%83%8F%E3%82%AC%E3%82%BF%E3%82%AB%E3%81%AE%E3%81%88%E3%81%98%E3%81%8D" n2="%E3%81%8B%E3%82%8F%E3%81%A1%E3%82%83%E3%82%93%35%38" n3="%E9%A6%AC%E5%BC%95%E7%81%AB%33" dan="16,17,16,16" rate="2120.47,2165.13,2118.74,2112.17" sx="M,M,M,M"/><TAIKYOKU oya="0"/><INIT seed="0,0,0,0,4,108" ten="250,250,250,250" oya="0" hai0="72,113,39,11,5,63,35,27,124,135,54,100,87" hai1="86,89,40,33,67,21,130,15,81,60,55,84,0" hai2="125,62,80,94,22,76,23,116,16,43,45,36,71" hai3="133,10,41,115,73,24,52,92,38,102,97,20,14"/><T32/><D72/><U2/><E33/><V117/><F125/><W114/><G73/><T110/><D39/><U77/><E130/><V120/><F120/><W13/><G133/><T112/><D124/><U44/><E55/><V50/><F94/><W79/><G79/><T83/><D100/><U31/><E31/><V105/><F105/><W70/><G70/><T64/><D54/><U58/><E21/><V132/><F132/><W127/><G127/><T69/><D135/><U128/><E15/><V107/><F107/><W47/><G14/><T68/><D68/><U98/><E98/><V95/><F95/><W57/><G20/><T122/><D122/><U99/><E99/><V1/><F1/><W17/><G24/><T90/><D110/><U29/><E29/><V53/><F62/><AGARI ba="0,0" hai="10,13,17,38,41,47,52,57,62,92,97,102,114,115" machi="62" ten="30,7700,0" yaku="7,1,52,2,54,1" doraHai="108" who="3" fromWho="2" sc="250,0,250,0,250,-77,250,77" /><INIT seed="1,0,0,5,1,95" ten="250,250,173,327" oya="1" hai0="46,59,101,16,31,18,14,44,17,2,66,38,8" hai1="28,92,24,127,19,13,80,29,121,5,82,98,0" hai2="32,77,68,87,117,83,113,39,102,120,130,84,71" hai3="7,3,79,112,74,42,116,70,107,90,23,34,41"/><U9/><E127/><V103/><F32/><W110/><G112/><T88/><D2/><U67/><E67/><V20/><F39/><W30/><G34/><T22/><D101/><U132/><E132/><V131/><F20/><W45/><G107/><T53/><D66/><U100/><E121/><V129/><F68/><W49/><G110/><T15/><D31/><U56/><E56/><V69/><F69/><W119/><G41/><T62/><D38/><U10/><REACH who="1" step="1"/><E28/><REACH who="1" ten="250,240,173,327" step="2"/><V86/><F71/><W78/><G30/><T4/><D4/><U27/><E27/><V40/><F120/><W33/><G70/><T125/><D125/><U12/><E12/><V73/><F40/><W64/><G42/><T36/><D17/><U50/><E50/><V134/><F117/><W58/><G49/><T114/><D36/><U35/><AGARI ba="0,1" hai="0,5,9,10,13,19,24,29,35,80,82,92,98,100" machi="35" ten="20,7800,0" yaku="1,1,0,1,7,1,52,1,53,0" doraHai="95" doraHaiUra="57" who="1" fromWho="1" sc="250,-26,240,88,173,-26,327,-26" /><INIT seed="1,1,0,4,5,16" ten="224,328,147,301" oya="1" hai0="56,118,97,72,51,135,124,38,6,35,40,133,55" hai1="112,54,27,22,70,44,85,0,91,89,81,21,43" hai2="34,107,69,12,26,3,83,1,109,96,4,47,105" hai3="53,64,80,66,77,10,125,29,126,67,98,13,48"/><U132/><E112/><V117/><F117/><W121/><G121/><T30/><D118/><U111/><E0/><V49/><F109/><W68/><G68/><T18/><D72/><U37/><E132/><V76/><F69/><W2/><G2/><T63/><D6/><U108/><E70/><V31/><F12/><W61/><G98/><T115/><D115/><U127/><E127/><N who="3" m="48650" /><G29/><T52/><D124/><U79/><E54/><V9/><F96/><W100/><G61/><T45/><D18/><U113/><E113/><V114/><F1/><W134/><G100/><T57/><D97/><U14/><E14/><V75/><REACH who="2" step="1"/><F114/><REACH who="2" ten="224,328,137,301" step="2"/><W122/><G122/><T58/><D133/><U90/><E27/><V116/><F116/><W73/><G134/><T8/><D135/><U86/><E86/><V120/><F120/><W17/><G13/><T20/><D8/><U15/><E15/><V123/><F123/><W88/><G10/><T99/><D99/><U65/><E65/><V129/><F129/><W41/><G66/><T71/><D71/><U46/><E108/><V19/><F19/><W131/><G64/><T62/><D35/><U60/><E111/><V87/><F87/><W5/><G67/><T119/><D119/><U106/><E85/><V25/><F25/><W84/><G84/><T82/><D82/><U28/><E81/><V74/><F74/><W93/><G80/><T39/><D30/><U78/><E28/><V42/><AGARI ba="1,1" hai="3,4,9,26,31,34,42,47,49,75,76,83,105,107" machi="42" ten="20,2700,0" yaku="1,1,0,1,7,1,53,0" doraHai="16" doraHaiUra="50" who="2" fromWho="2" sc="224,-8,328,-14,137,40,301,-8" /><INIT seed="2,0,0,5,4,13" ten="216,314,177,293" oya="2" hai0="28,20,33,17,114,60,93,38,125,14,133,113,129" hai1="67,71,8,81,100,45,84,98,10,9,61,121,119" hai2="47,3,109,74,15,39,134,72,42,2,55,16,49" hai3="76,73,124,94,96,6,104,22,44,75,62,18,48"/><V59/><F134/><W130/><G104/><T82/><D38/><U29/><E119/><V11/><REACH who="2" step="1"/><F109/><REACH who="2" ten="216,314,167,293" step="2"/><W53/><G124/><T90/><D125/><U101/><E121/><V58/><F58/><W118/><G118/><T87/><D133/><U41/><E29/><V65/><F65/><W86/><G130/><T31/><D129/><U35/><E35/><V120/><F120/><W111/><G111/><T51/><D33/><U88/><REACH who="1" step="1"/><E98/><REACH who="1" ten="216,304,167,293" step="2"/><V54/><F54/><W70/><G96/><T43/><D28/><U85/><E85/><V36/><F36/><AGARI ba="0,2" hai="8,9,10,36,41,45,61,67,71,81,84,88,100,101" machi="36" ten="40,5200,0" yaku="1,1,54,1,53,1" doraHai="13" doraHaiUra="78" who="1" fromWho="2" sc="216,0,304,72,167,-52,293,0" /><INIT seed="3,0,0,1,3,99" ten="216,376,115,293" oya="3" hai0="4,122,86,84,67,128,95,112,71,60,77,108,38" hai1="17,96,36,133,125,78,54,5,97,3,41,27,8" hai2="111,85,59,14,11,32,68,2,1,98,101,6,87" hai3="50,79,39,93,119,123,48,43,110,88,30,126,25"/><W46/><G119/><T56/><D122/><U51/><E125/><V12/><F111/><W72/><G123/><T42/><D108/><U28/><E133/><V40/><F68/><W0/><G110/><T53/><D128/><U37/><E41/><V58/><F32/><W91/><G0/><T129/><D129/><U20/><E78/><V47/><F47/><W118/><G118/><T90/><D77/><U62/><E62/><V83/><F40/><W107/><G107/><T13/><D13/><U22/><E37/><V26/><F26/><W69/><G69/><T120/><D4/><U74/><E74/><V44/><F44/><W80/><G126/><T106/><D106/><U35/><E36/><V131/><F98/><W100/><G100/><T89/><D42/><U66/><E66/><V92/><F92/><W34/><G91/><T21/><D90/><U10/><E10/><V65/><F65/><W76/><G79/><T114/><D120/><U121/><E121/><V134/><F131/><W55/><G55/><T81/><D53/><U82/><E82/><V102/><F83/><W57/><G57/><T16/><D71/><U19/><E35/><V104/><F104/><W124/><G124/><T75/><D67/><U117/><E117/><V70/><F70/><W73/><G72/><T33/><D75/><U52/><E54/><V9/><REACH who="2" step="1"/><F6/><REACH who="2" ten="216,376,105,293" step="2"/><W130/><G130/><T127/><D33/><U18/><E5/><V24/><F24/><W64/><G64/><T94/><D94/><U31/><E27/><V7/><F7/><W105/><G105/><T132/><D127/><RYUUKYOKU ba="0,1" sc="216,-15,376,-15,105,15,293,15" hai2="1,2,9,11,12,14,58,59,85,87,101,102,134" hai3="25,30,34,39,43,46,48,50,73,76,80,88,93" /><INIT seed="3,1,1,2,5,7" ten="201,361,120,308" oya="3" hai0="44,6,42,2,117,125,81,112,59,41,126,22,108" hai1="55,64,48,35,56,32,133,84,105,72,79,109,77" hai2="3,115,69,121,33,52,39,85,100,73,88,36,70" hai3="38,76,27,53,128,71,49,62,45,58,82,83,17"/><W130/><G38/><T87/><D117/><U67/><E72/><V119/><F73/><W89/><G71/><T92/><D108/><U23/><E109/><V120/><F33/><W86/><G17/><T60/><D92/><U93/><E105/><V43/><F115/><W26/><G83/><T18/><D112/><U61/><E133/><V10/><F70/><W90/><G90/><T74/><D74/><U129/><E129/><N who="3" m="49770" /><G76/><T37/><D42/><AGARI ba="1,1" hai="26,27,42,45,49,53,58,62,82,86,89" m="49770" machi="42" ten="30,1500,0" yaku="19,1" doraHai="7" who="3" fromWho="0" sc="201,-18,361,0,120,0,308,28" /><INIT seed="3,2,0,5,4,116" ten="183,361,120,336" oya="3" hai0="22,70,112,61,16,76,86,30,14,97,40,59,110" hai1="66,115,29,5,135,7,67,28,107,64,83,85,37" hai2="56,72,45,122,105,49,33,65,87,75,113,18,81" hai3="9,52,127,109,46,48,32,90,93,88,11,51,119"/><W39/><G119/><T63/><D70/><U3/><E115/><V4/><F113/><W12/><G32/><T100/><D110/><U34/><E107/><V74/><F105/><W84/><G39/><T15/><D40/><U111/><E111/><V114/><F33/><W55/><G109/><T26/><D15/><U54/><E37/><V31/><F114/><W125/><G90/><T131/><D131/><U129/><E129/><V8/><F31/><N who="1" m="11849" /><E34/><V79/><F18/><W42/><G42/><T20/><D112/><U117/><E3/><V89/><F65/><W53/><G53/><T24/><D14/><U98/><E135/><V78/><F56/><W96/><G96/><T2/><D2/><U106/><E106/><V130/><F130/><W69/><G69/><T44/><D44/><U128/><E117/><V27/><F27/><W58/><REACH who="3" step="1"/><G9/><REACH who="3" ten="183,361,120,326" step="2"/><T60/><D97/><U80/><E128/><V99/><F99/><W123/><G123/><T133/><D100/><U108/><E108/><V103/><F103/><W19/><AGARI ba="2,1" hai="11,12,19,46,48,51,52,55,58,84,88,93,125,127" machi="19" ten="30,11700,0" yaku="1,1,0,1,54,2,53,0" doraHai="116" doraHaiUra="92" who="3" fromWho="3" sc="183,-41,361,-41,120,-41,326,133" owari="142,-25.8,320,12.0,79,-42.1,459,55.9" /></mjloggm>