<mjloggm ver="2.3"><GO type="225" lobby="0"/><UN n0="%E3%81%95%E3%81%8D%E3%81%9F%E3%81%BE%E6%9E%97%E6%AA%8E" n1="%E3%81%BF%E3%81%BF%E3%81%9A" n2="%E3%83%A4%E3%83%89%E3%83%B3%E4%B8%B8" n3="%E3%81%AD%E3%82%80%E3%81%84%40%E9%9B%80%E9%B3%B4%E4%BC%9A" dan="16,17,16,16" rate="2125.30,2269.61,2044.87,2194.79" sx="M,M,M,F"/><TAIKYOKU oya="0"/><INIT seed="0,0,0,5,2,118" ten="250,250,250,250" oya="0" hai0="125,3,23,114,115,20,73,119,95,24,109,116,85" hai1="30,36,74,67,98,19,60,66,131,6,129,120,79" hai2="58,84,100,10,8,59,64,56,102,26,52,63,82" hai3="2,39,69,83,54,128,43,77,47,105,35,70,94"/><T112/><D73/><U124/><E36/><V57/><F26/><W49/><G105/><T50/><D50/><U13/><E124/><V106/><F64/><W135/><G35/><T93/><D85/><U51/><E30/><V55/><F55/><W62/><G128/><N who="1" m="49226" /><E6/><V97/><REACH who="2" step="1"/><F102/><REACH who="2" ten="250,250,240,250" step="2"/><W45/><G135/><T132/><D132/><U126/><E67/><V11/><F11/><W18/><G54/><T44/><D24/><U48/><E126/><V42/><F42/><W107/><G43/><T104/><D125/><U103/><E120/><V72/><F72/><W37/><G69/><T0/><D119/><U92/><E74/><V41/><F41/><W31/><G70/><T99/><D116/><U111/><E111/><V122/><F122/><W32/><G32/><T38/><D109/><U130/><E130/><V53/><F53/><W78/><G37/><T28/><D38/><U29/><E29/><V9/><F9/><W90/><G31/><T123/><D123/><U134/><E134/><V71/><F71/><W76/><G39/><T108/><D108/><U110/><E110/><V75/><F75/><W88/><G47/><T4/><D44/><U14/><E66/><V1/><F1/><W86/><G2/><T87/><D28/><U22/><E60/><V15/><F15/><W127/><G62/><T21/><D0/><U133/><E133/><V17/><F17/><W65/><G18/><T68/><D3/><U121/><E121/><V101/><F101/><W117/><G65/><T91/><D68/><U61/><E13/><V16/><F16/><W12/><G117/><RYUUKYOKU ba="0,1" sc="250,-10,250,-10,240,30,250,-10" hai2="8,10,52,56,57,58,59,63,82,84,97,100,106" /><INIT seed="1,1,1,5,2,65" ten="240,240,270,240" oya="1" hai0="60,8,56,122,84,66,67,23,98,22,100,79,40" hai1="70,75,36,113,6,135,57,102,110,39,85,34,129" hai2="89,90,11,132,26,72,78,4,91,131,95,82,9" hai3="92,42,58,124,76,101,130,108,15,63,97,28,88"/><U13/><E113/><V73/><F132/><W52/><G108/><T74/><D122/><U27/><E75/><V121/><F121/><W37/><G124/><T71/><D74/><U119/><E119/><V117/><F117/><W31/><G130/><T111/><D111/><U21/><E110/><V120/><F120/><W38/><G76/><T118/><D118/><U103/><E129/><V59/><F131/><W128/><G128/><T115/><D115/><U61/><E135/><V104/><F104/><W55/><G42/><T30/><D8/><U127/><E127/><V114/><F114/><W105/><G38/><T93/><D40/><U81/><E34/><V29/><F73/><W3/><G3/><T20/><D67/><U14/><E70/><V83/><F83/><W5/><G37/><T46/><D46/><U107/><E39/><V1/><F9/><N who="3" m="4527" /><G105/><T80/><REACH who="0" step="1"/><D71/><REACH who="0" ten="230,240,270,240" step="2"/><U77/><E36/><V10/><F10/><W96/><G55/><T33/><D33/><U87/><E6/><V35/><REACH who="2" step="1"/><F59/><REACH who="2" ten="230,240,260,240" step="2"/><W47/><G47/><T32/><D32/><U69/><E69/><V53/><F53/><W7/><G7/><T49/><D49/><U99/><E57/><V19/><F19/><W123/><G123/><T18/><D18/><U64/><E64/><V112/><F112/><W16/><G16/><T109/><D109/><U2/><E61/><V12/><F12/><W125/><G125/><T54/><D54/><U133/><E13/><V44/><F44/><W24/><G52/><T68/><D68/><U45/><E14/><V25/><F25/><AGARI ba="1,3" hai="20,22,23,25,30,56,60,66,79,80,84,93,98,100" machi="25" ten="40,8000,1" yaku="1,1,25,2,8,1,53,0" doraHai="65" doraHaiUra="134" who="0" fromWho="2" sc="230,113,240,0,260,-83,240,0" /><INIT seed="2,0,0,4,5,80" ten="343,240,177,240" oya="2" hai0="133,106,16,96,98,121,18,84,59,124,55,30,63" hai1="74,88,91,7,28,120,131,126,109,77,23,32,114" hai2="4,19,79,128,64,112,89,73,95,50,83,45,115" hai3="75,29,67,14,42,11,134,94,122,24,108,5,35"/><V36/><F128/><W31/><G122/><T110/><D121/><U12/><E120/><V56/><F4/><W13/><G75/><T38/><D38/><U22/><E114/><V33/><F33/><W119/><G119/><T71/><D71/><U113/><E113/><V101/><F101/><W3/><G42/><T99/><D30/><U78/><E131/><V47/><F47/><W105/><G105/><T46/><D133/><U9/><E109/><V127/><F127/><W61/><G108/><T65/><D110/><U69/><E69/><V51/><F19/><N who="0" m="7210" /><D106/><U118/><E126/><V21/><F21/><N who="1" m="7689" /><E32/><V8/><F8/><W82/><G31/><T25/><D25/><U58/><E74/><V85/><F36/><W26/><G26/><T66/><D124/><U1/><E1/><V41/><REACH who="2" step="1"/><F50/><REACH who="2" ten="343,240,167,240" step="2"/><W116/><G11/><T57/><D46/><U40/><E28/><V62/><AGARI ba="0,1" hai="41,45,51,56,62,64,73,79,83,85,89,95,112,115" machi="62" ten="30,11700,0" yaku="1,1,2,1,0,1,52,1,53,0" doraHai="80" doraHaiUra="68" who="2" fromWho="2" sc="343,-39,240,-39,167,127,240,-39" /><INIT seed="2,1,0,2,5,32" ten="304,201,294,201" oya="2" hai0="67,119,106,26,59,80,77,42,66,85,99,93,17" hai1="12,39,118,109,73,53,24,2,100,126,57,115,52" hai2="86,129,7,70,64,103,92,117,3,47,121,79,45" hai3="72,60,102,28,127,23,40,125,54,84,134,25,41"/><V116/><F121/><W15/><G72/><T98/><D119/><U14/><E115/><V124/><F124/><N who="3" m="47691" /><G134/><T112/><D112/><U81/><E126/><V113/><F113/><W111/><G111/><T4/><D106/><U135/><E118/><V74/><F129/><W33/><G102/><T123/><D123/><U68/><E68/><V110/><F110/><W83/><G54/><T96/><D4/><U20/><E109/><V30/><F30/><W104/><G60/><N who="0" m="38175" /><D42/><N who="3" m="16489" /><G104/><T8/><D67/><U120/><E39/><V22/><F64/><W87/><G83/><T95/><D26/><U51/><E120/><V130/><F130/><W76/><G76/><T6/><D6/><U44/><E135/><V128/><F7/><W49/><G49/><T133/><D133/><U61/><E100/><V16/><F79/><W37/><G37/><T34/><D34/><U46/><E73/><V62/><F74/><W21/><G33/><T1/><D1/><U55/><E2/><V114/><F3/><W0/><G0/><T71/><D71/><U11/><E81/><V50/><F114/><W91/><G91/><T35/><D35/><U78/><E78/><V31/><F103/><W10/><G23/><T65/><D65/><U97/><E11/><V56/><F128/><W75/><G75/><T29/><D29/><N who="1" m="17543" /><E44/><V122/><F122/><W94/><G94/><T5/><D5/><AGARI ba="1,0" hai="5,10,15,21,25,28,84,87" m="16489,47691" machi="5" ten="30,1000,0" yaku="18,1" doraHai="32" who="3" fromWho="0" sc="304,-13,201,0,294,0,201,13" /><INIT seed="3,0,0,2,4,103" ten="291,201,294,214" oya="3" hai0="91,131,66,2,84,92,49,18,17,78,68,119,107" hai1="58,34,62,64,44,132,122,82,54,108,71,126,112" hai2="33,46,116,83,69,36,79,117,127,10,60,97,89" hai3="76,51,1,61,3,32,20,101,7,55,39,0,56"/><W9/><G32/><T21/><D119/><U105/><E34/><V75/><F33/><W110/><G39/><T81/><D107/><U133/><E112/><V121/><F10/><W102/><G110/><T29/><D2/><U52/><E122/><V120/><F89/><W67/><G76/><T124/><D124/><U31/><E31/><V88/><F88/><W95/><G20/><T13/><D68/><U8/><E108/><V15/><F15/><W38/><G38/><T48/><D131/><U86/><E126/><V80/><F80/><W11/><G95/><T94/><D94/><U123/><E123/><N who="2" m="47179" /><F97/><W74/><G74/><T130/><D130/><U5/><E105/><V28/><F28/><W41/><G41/><T65/><D29/><U37/><E37/><V25/><F25/><W106/><G11/><N who="0" m="6335" /><D66/><U118/><E118/><V115/><F115/><W12/><REACH who="3" step="1"/><G106/><REACH who="3" ten="291,201,294,204" step="2"/><T96/><D65/><U113/><E113/><V128/><F127/><W111/><G111/><T63/><D63/><U85/><E71/><AGARI ba="0,1" hai="0,1,3,7,9,12,51,55,56,61,67,71,101,102" machi="71" ten="40,2000,0" yaku="1,1,53,0" doraHai="103" doraHaiUra="114" who="3" fromWho="1" sc="291,0,201,-20,294,0,204,30" /><INIT seed="3,1,0,4,5,42" ten="291,181,294,234" oya="3" hai0="31,58,117,56,112,53,18,88,55,98,113,8,122" hai1="47,16,28,65,103,38,9,124,97,29,76,125,115" hai2="81,99,85,6,130,95,101,110,5,61,102,24,52" hai3="57,134,60,104,106,66,10,123,107,12,86,26,118"/><W46/><G123/><T94/><D117/><U75/><E115/><N who="0" m="44105" /><D122/><U93/><E65/><V3/><F110/><W49/><G118/><T4/><D18/><U133/><E76/><N who="2" m="46247" /><F3/><W63/><G134/><T87/><D31/><U100/><E75/><V121/><F130/><W20/><G60/><T77/><D58/><U83/><E83/><V109/><F109/><W114/><G86/><T70/><D70/><U45/><E133/><V62/><F121/><W1/><G1/><N who="0" m="15" /><D56/><U111/><E111/><V0/><F0/><W119/><G119/><T78/><D87/><U13/><E103/><N who="2" m="39435" /><F24/><W48/><G114/><T51/><D55/><U30/><REACH who="1" step="1"/><E38/><REACH who="1" ten="291,171,294,234" step="2"/><V79/><F79/><W32/><G32/><T84/><D78/><U27/><E27/><V96/><F95/><W92/><G92/><T14/><D77/><U34/><E34/><V19/><F62/><W50/><G26/><T59/><D84/><U131/><E131/><V90/><F61/><W40/><REACH who="3" step="1"/><G20/><REACH who="3" ten="291,171,294,224" step="2"/><T91/><D91/><U41/><E41/><V120/><F90/><W89/><G89/><T128/><D128/><U72/><E72/><V17/><F120/><W108/><G108/><T54/><D54/><U135/><E135/><V21/><F52/><W73/><G73/><T37/><D37/><U64/><E64/><V68/><F21/><W2/><G2/><T116/><D116/><U43/><E43/><V15/><F68/><W33/><G33/><T11/><D14/><U74/><E74/><V80/><F15/><W129/><G129/><T7/><D88/><U126/><AGARI ba="1,2" hai="9,13,16,28,29,30,45,47,93,97,100,124,125,126" machi="126" ten="40,12000,2" yaku="1,1,0,1,18,1,52,2,54,1,53,0" doraHai="42" doraHaiUra="44" who="1" fromWho="1" sc="291,-31,171,143,294,-31,224,-61" owari="260,-14.0,314,41.4,263,6.3,163,-33.7" /></mjloggm>