<mjloggm ver="2.3"><GO type="225" lobby="0"/><UN n0="%E7%99%BD%E5%80%89%E5%AF%9B%E4%B9%8B" n1="%53%61%63%68%69%30%34" n2="%E3%82%8F%E3%81%8B%E3%81%B0%2A%E3%82%AC%E3%83%BC%E3%83%AB" n3="%E3%81%BF%E3%81%BF%E3%81%9A" dan="16,16,17,17" rate="2143.92,2076.20,2225.82,2250.88" sx="M,M,M,M"/><TAIKYOKU oya="0"/><INIT seed="0,0,0,2,5,117" ten="250,250,250,250" oya="0" hai0="20,12,122,22,50,97,71,66,64,63,85,100,124" hai1="14,61,86,74,2,28,51,42,103,44,105,94,70" hai2="17,127,72,91,88,111,133,135,60,46,99,43,35" hai3="19,120,55,89,108,109,0,18,56,126,40,129,95"/><T10/><D124/><U125/><E2/><V110/><F127/><W34/><G126/><T101/><D122/><U41/><E74/><V78/><F35/><W54/><G0/><T8/><D66/><U115/><E125/><V23/><F60/><W15/><G34/><T118/><D118/><U9/><E105/><V131/><F131/><W121/><G40/><T75/><D75/><U45/><E115/><V26/><F78/><W90/><G129/><T77/><D10/><U81/><E28/><V106/><F72/><W13/><G95/><T134/><D134/><N who="2" m="51210" /><F106/><W62/><G62/><T53/><D85/><U93/><E103/><V16/><F17/><W82/><REACH who="3" step="1"/><G56/><REACH who="3" ten="250,250,250,240" step="2"/><T38/><D38/><U29/><E61/><V102/><F102/><W76/><G76/><T104/><D101/><U33/><E33/><V59/><F59/><W80/><AGARI ba="0,1" hai="13,15,18,19,54,55,80,82,89,90,108,109,120,121" machi="80" ten="25,12000,2" yaku="1,1,0,1,22,2,52,2,53,0" doraHai="117" doraHaiUra="107" who="3" fromWho="3" sc="250,-60,250,-30,250,-30,240,130" /><INIT seed="1,0,0,0,5,117" ten="190,220,220,370" oya="1" hai0="111,41,4,79,62,59,75,83,29,53,19,70,92" hai1="9,49,87,8,64,80,58,34,127,133,42,40,50" hai2="25,27,26,45,33,82,71,86,11,104,17,119,88" hai3="98,96,99,73,16,65,114,1,18,0,47,5,60"/><U120/><E34/><V97/><F119/><W121/><G114/><T134/><D134/><U61/><E133/><V89/><F71/><W28/><G73/><T36/><D111/><U15/><E127/><V78/><F33/><W108/><G108/><T57/><D29/><U81/><E120/><V95/><F104/><W84/><G121/><T109/><D109/><U10/><E15/><N who="2" m="7423" /><F45/><W13/><G28/><T46/><D19/><U56/><E81/><V103/><AGARI ba="0,0" hai="25,26,27,78,82,86,88,89,95,97,103" m="7423" machi="103" ten="30,2000,0" yaku="8,1,54,1" doraHai="117" who="2" fromWho="2" sc="190,-5,220,-10,220,20,370,-5" /><INIT seed="2,0,0,4,2,125" ten="185,210,240,365" oya="2" hai0="87,23,21,100,19,43,26,111,95,128,31,73,135" hai1="79,66,98,77,120,90,14,49,58,89,115,97,132" hai2="51,20,96,117,18,53,133,37,5,83,114,34,93" hai3="103,62,2,86,70,72,60,108,65,4,91,107,47"/><V81/><F117/><W129/><G72/><T85/><D73/><U121/><E14/><V33/><F37/><W30/><G108/><T105/><D111/><U75/><E49/><V54/><F114/><W3/><G30/><T88/><D135/><U25/><E25/><V56/><F5/><W48/><G60/><T57/><D43/><U52/><E66/><V71/><F71/><W101/><G129/><T1/><D1/><U82/><E58/><V113/><F113/><W119/><G119/><T99/><D57/><U41/><E41/><V80/><F133/><W118/><G118/><T110/><D110/><U94/><E115/><V32/><F54/><W27/><G27/><T74/><D74/><N who="1" m="43319" /><E52/><V8/><F8/><W124/><G124/><T28/><D128/><U123/><E132/><V39/><F39/><W29/><G29/><T76/><REACH who="0" step="1"/><D23/><REACH who="0" ten="175,210,240,365" step="2"/><U131/><E131/><V7/><F32/><W126/><G126/><T122/><D122/><U35/><E35/><V15/><REACH who="2" step="1"/><F7/><REACH who="2" ten="175,210,230,365" step="2"/><W16/><G4/><T63/><D63/><U17/><E121/><V130/><F130/><W24/><G62/><T42/><D42/><U11/><E123/><V67/><F67/><W104/><G65/><T38/><D38/><U50/><E120/><V44/><F44/><W134/><G47/><T116/><D116/><U45/><E45/><V112/><F112/><W69/><G134/><T92/><D92/><N who="1" m="56463" /><E50/><V13/><F13/><W127/><G48/><T78/><D78/><U64/><E64/><V0/><F0/><W61/><G127/><T102/><D102/><AGARI ba="0,2" hai="15,18,20,33,34,51,53,56,80,81,83,93,96,102" machi="102" ten="40,2000,0" yaku="1,1,53,0" doraHai="125" doraHaiUra="40" who="2" fromWho="0" sc="175,-20,210,0,230,40,365,0" /><INIT seed="2,1,0,2,2,82" ten="155,210,270,365" oya="2" hai0="19,21,131,50,59,45,104,91,105,94,52,27,22" hai1="78,75,37,60,38,31,107,58,119,29,111,5,36" hai2="109,12,23,54,117,44,126,42,92,77,90,135,30" hai3="114,84,64,18,79,122,55,53,93,129,127,74,80"/><V120/><F117/><W130/><G122/><T8/><D131/><N who="3" m="50185" /><G127/><T118/><D118/><U68/><E68/><V81/><F120/><W34/><G114/><T101/><D101/><U110/><E119/><V43/><F126/><W65/><G34/><T112/><D112/><U41/><E107/><V10/><F135/><W123/><G123/><T134/><D134/><U87/><E75/><V89/><F109/><N who="1" m="41481" /><E41/><V72/><F54/><N who="3" m="20491" /><G18/><T99/><D8/><U88/><E78/><V0/><F0/><W3/><G3/><T11/><D11/><U33/><E5/><V66/><F66/><N who="3" m="25707" /><G93/><T95/><D95/><N who="1" m="54687" /><E33/><V26/><F44/><W7/><G7/><T39/><REACH who="0" step="1"/><D22/><REACH who="0" ten="145,210,270,365" step="2"/><U116/><E116/><V24/><F92/><W28/><G28/><T85/><D85/><AGARI ba="1,1" hai="74,79,80,84,85" m="25707,20491,50185" machi="85" ten="30,3900,0" yaku="19,1,52,2" doraHai="82" who="3" fromWho="0" sc="145,-42,210,0,270,0,365,52" /><INIT seed="3,0,0,3,3,21" ten="103,210,270,417" oya="3" hai0="11,74,65,96,76,20,49,30,43,116,110,98,108" hai1="16,24,5,135,6,27,132,3,105,93,25,50,70" hai2="12,35,52,63,64,86,62,13,109,71,122,4,57" hai3="72,124,44,78,59,22,17,88,97,84,101,85,114"/><W8/><G114/><T41/><D116/><U9/><E105/><V73/><F73/><W127/><G8/><T102/><D65/><U37/><E37/><V125/><F109/><W82/><G44/><T18/><D74/><U40/><E70/><V34/><F125/><N who="3" m="48203" /><G59/><T107/><D76/><U48/><E6/><V45/><F122/><W133/><G88/><T68/><D68/><U79/><E79/><V56/><F45/><W32/><G32/><T15/><D96/><U95/><E16/><V94/><F71/><W131/><G133/><N who="1" m="51274" /><E40/><V54/><F64/><W87/><G131/><T14/><D49/><AGARI ba="0,0" hai="3,5,9,24,25,27,48,49,50,93,95" m="51274" machi="49" ten="30,7700,0" yaku="20,1,52,3" doraHai="21" who="1" fromWho="0" sc="103,-77,210,77,270,0,417,0" owari="26,-47.4,287,8.7,270,-13.0,417,51.7" /></mjloggm>