<mjloggm ver="2.3"><GO type="225" lobby="0"/><UN n0="%E3%82%A4%E3%83%BC%E3%82%B1%E3%83%97%E3%83%A9" n1="%E3%81%BF%E3%81%BF%E3%81%9A" n2="%70%6E%64%73%6E%67" n3="%4C%4F%4C%49%54%41" dan="17,18,16,16" rate="2228.19,2274.03,2116.92,2097.65" sx="M,M,M,F"/><TAIKYOKU oya="0"/><INIT seed="0,0,0,5,0,15" ten="250,250,250,250" oya="0" hai0="131,16,82,76,134,50,43,71,8,96,9,83,99" hai1="22,115,135,109,45,84,78,2,13,90,5,91,61" hai2="59,110,21,102,69,57,67,11,39,125,80,20,87" hai3="119,63,25,94,34,56,132,89,120,33,117,95,68"/><T47/><D71/><U29/><E109/><V75/><F75/><W38/><G68/><T3/><D131/><U113/><E135/><V79/><F39/><W58/><G38/><T97/><D134/><U66/><E2/><V54/><F125/><W27/><G132/><T62/><D3/><U10/><E45/><V105/><F110/><W111/><G111/><T129/><D129/><U44/><E44/><V46/><F69/><W86/><G63/><T124/><D124/><U133/><E133/><V48/><F105/><W126/><G126/><T55/><D8/><U14/><E78/><V100/><F11/><W31/><G120/><T98/><N who="0" m="24576" /><DORA hai="127" /><T0/><D0/><U103/><E103/><N who="2" m="39467" /><F67/><W41/><G41/><T72/><D83/><U65/><E91/><V37/><F37/><W101/><G101/><T114/><D114/><N who="1" m="43531" /><E61/><N who="2" m="36023" /><F59/><W28/><G94/><T40/><REACH who="0" step="1"/><D62/><REACH who="0" ten="240,250,250,250" step="2"/><U123/><E123/><V112/><F112/><W88/><G117/><T121/><D121/><U53/><E10/><V73/><F73/><W130/><G119/><T106/><D106/><U108/><E108/><V122/><F122/><W77/><G130/><T7/><D7/><U19/><E5/><V118/><F118/><W26/><G95/><T60/><D60/><U93/><E66/><V70/><F70/><W107/><G107/><T17/><D17/><N who="1" m="10543" /><E65/><V42/><AGARI ba="0,1" hai="20,21,42,46,48,79,80,87" m="36023,39467" machi="42" ten="30,1100,0" yaku="8,1" doraHai="15,127" who="2" fromWho="2" sc="240,-5,250,-3,250,21,250,-3" /><INIT seed="1,0,0,3,3,15" ten="235,247,271,247" oya="1" hai0="13,89,120,52,21,114,108,126,118,42,5,85,60" hai1="1,131,135,111,31,69,0,26,20,86,99,98,43" hai2="49,122,7,54,119,62,123,117,3,65,103,46,22" hai3="6,113,112,115,68,100,134,56,84,53,101,130,9"/><U75/><E75/><V96/><F3/><W72/><G72/><T129/><D114/><U55/><E69/><V16/><F7/><W32/><G68/><T18/><D118/><U88/><E43/><V82/><F82/><W110/><G32/><T2/><D108/><U38/><E38/><V57/><F122/><W48/><G110/><T78/><D120/><U11/><E111/><V125/><F125/><W124/><G130/><T30/><D129/><U71/><E131/><V106/><REACH who="2" step="1"/><F123/><REACH who="2" ten="235,247,261,247" step="2"/><W133/><G124/><T105/><D126/><U27/><E1/><V59/><F59/><W23/><G134/><T37/><D5/><U28/><E135/><V67/><F67/><W77/><G133/><T47/><D2/><U19/><E71/><V36/><F36/><W107/><G6/><T73/><D73/><U39/><E39/><V8/><F8/><W121/><G9/><T45/><D78/><U33/><E0/><V34/><F34/><W41/><G121/><T94/><D105/><U14/><E55/><V104/><F104/><W81/><G107/><T29/><REACH who="0" step="1"/><D47/><REACH who="0" ten="225,247,261,247" step="2"/><U109/><REACH who="1" step="1"/><E109/><REACH who="1" ten="225,237,261,247" step="2"/><V132/><F132/><W58/><G113/><T44/><D44/><U51/><E51/><V97/><F97/><W70/><G115/><T79/><D79/><U64/><E64/><V12/><AGARI ba="0,3" hai="12,16,22,46,49,54,57,62,65,96,103,106,117,119" machi="12" ten="20,8000,1" yaku="1,1,0,1,7,1,52,1,54,1,53,0" doraHai="15" doraHaiUra="80" who="2" fromWho="2" sc="225,-20,237,-40,261,110,247,-20" /><INIT seed="2,0,0,2,0,49" ten="205,197,371,227" oya="2" hai0="17,132,93,88,61,80,43,131,76,52,105,128,54" hai1="106,2,51,112,96,82,44,69,120,9,32,103,70" hai2="42,102,95,14,47,114,118,111,107,62,55,119,99" hai3="71,81,30,1,13,35,36,135,18,115,6,8,28"/><V57/><F114/><W121/><G36/><T16/><D105/><U41/><E112/><V97/><F111/><W22/><G71/><T130/><D132/><U34/><E120/><V20/><F20/><W127/><G115/><T104/><D104/><U126/><E126/><V90/><REACH who="2" step="1"/><F14/><REACH who="2" ten="205,197,361,227" step="2"/><W109/><G109/><T94/><D43/><U5/><E34/><V98/><F98/><W0/><G35/><T10/><D10/><U125/><E125/><V134/><F134/><W39/><G127/><T85/><D94/><U27/><E32/><V64/><F64/><W48/><G22/><T65/><D17/><U122/><E122/><V37/><AGARI ba="0,1" hai="37,42,47,55,57,62,90,95,97,99,102,107,118,119" machi="37" ten="20,7800,0" yaku="1,1,0,1,7,1,52,1,53,0" doraHai="49" doraHaiUra="83" who="2" fromWho="2" sc="205,-26,197,-26,361,88,227,-26" /><INIT seed="2,1,0,5,4,116" ten="179,171,449,201" oya="2" hai0="131,42,98,24,51,85,55,81,66,4,93,56,57" hai1="7,107,61,53,10,1,28,34,37,111,117,41,19" hai2="70,113,46,23,84,102,133,114,75,89,59,73,110" hai3="47,132,101,2,99,16,96,71,0,83,12,21,90"/><V112/><F70/><W105/><G71/><T49/><D131/><U39/><E117/><V78/><F133/><W135/><G47/><N who="0" m="25847" /><D4/><U11/><E111/><V123/><F123/><W9/><G99/><T87/><D24/><U67/><E53/><V22/><F78/><W127/><G127/><T82/><D82/><U30/><E41/><V97/><F59/><W109/><G109/><T52/><D66/><U68/><E11/><V58/><F58/><W50/><G50/><N who="0" m="30839" /><D81/><U72/><E19/><V128/><F128/><W60/><G60/><T104/><D104/><U120/><E28/><V95/><F110/><W17/><G83/><T45/><D45/><U15/><E15/><V125/><F46/><W100/><G90/><AGARI ba="1,0" hai="51,52,57,85,87,90,93,98" m="30839,25847" machi="90" ten="30,2000,0" yaku="8,1,54,1" doraHai="116" who="0" fromWho="3" sc="179,23,171,0,449,0,201,-23" /><INIT seed="3,0,0,2,3,76" ten="202,171,449,178" oya="3" hai0="10,20,124,53,45,112,70,21,59,64,132,86,38" hai1="9,7,91,82,39,121,1,24,123,50,57,29,102" hai2="25,41,69,66,67,79,97,94,52,43,51,63,54" hai3="90,134,126,73,99,135,42,128,125,11,4,80,36"/><W31/><G31/><T12/><D132/><N who="3" m="50729" /><G128/><T32/><D32/><U133/><E133/><V113/><F113/><W131/><G131/><T6/><D124/><N who="3" m="47721" /><G99/><T44/><D112/><U35/><E39/><V56/><F79/><N who="3" m="44143" /><G90/><T30/><D30/><U129/><E129/><V47/><F25/><W83/><G83/><T23/><D38/><U48/><E102/><N who="2" m="60727" /><F69/><W106/><G106/><T85/><D70/><U72/><E72/><V19/><F19/><W109/><G109/><T46/><D64/><AGARI ba="0,0" hai="41,43,47,51,52,54,56,63,64,66,67" m="60727" machi="64" ten="30,2000,0" yaku="8,1,54,1" doraHai="76" who="2" fromWho="0" sc="202,-20,171,0,449,20,178,0" owari="182,-1.8,171,-32.9,469,56.9,178,-22.2" /></mjloggm>