<mjloggm ver="2.3"><GO type="225" lobby="0"/><UN n0="%E9%A6%AC%E5%BC%95%E7%81%AB%33" n1="%E3%81%AF%E3%82%88%E3%81%8A%E3%81%98%E3%81%95%E3%82%93" n2="%E3%81%82%E3%81%84%E3%81%82%E3%81%8A%E3%81%84" n3="%E3%80%90%E8%92%BC%E7%90%89%E3%80%91" dan="17,16,18,16" rate="2147.86,2136.84,2218.28,2187.82" sx="M,M,M,F"/><TAIKYOKU oya="0"/><INIT seed="0,0,0,1,3,102" ten="250,250,250,250" oya="0" hai0="69,129,85,12,18,37,68,60,79,86,33,29,13" hai1="101,61,65,19,110,56,107,133,119,57,91,108,114" hai2="125,134,25,10,30,46,90,75,40,22,42,15,130" hai3="96,2,106,120,73,127,99,28,5,7,24,81,113"/><T54/><D37/><U87/><E119/><V121/><F121/><W21/><G113/><T128/><D29/><U3/><E3/><V64/><F75/><W70/><G70/><N who="0" m="27243" /><D33/><U117/><E117/><V109/><F64/><W94/><G127/><T71/><N who="0" m="27251" /><T77/><DORA hai="31" /><D60/><U32/><E114/><V131/><F125/><W27/><G120/><T92/><D54/><U14/><E133/><V52/><F134/><W50/><G2/><T47/><D47/><U43/><E43/><V100/><F100/><W20/><G106/><T95/><D85/><U8/><E56/><V45/><F90/><W104/><G104/><T103/><D103/><U0/><E0/><V67/><F67/><W98/><G94/><N who="0" m="35883" /><D86/><U116/><E116/><V124/><F124/><W72/><G50/><T112/><D112/><U88/><E32/><V122/><F122/><W84/><G72/><T63/><D63/><U58/><E57/><V38/><F52/><W105/><G105/><T51/><D51/><U111/><E87/><V17/><F46/><W74/><G74/><T16/><D12/><U53/><REACH who="1" step="1"/><E65/><REACH who="1" ten="250,240,250,250" step="2"/><V83/><F42/><W66/><G66/><T126/><D126/><U44/><E44/><V34/><F34/><W6/><G73/><T23/><D18/><U118/><E118/><V55/><F17/><N who="3" m="12303" /><G5/><T97/><D97/><AGARI ba="0,1" hai="8,14,19,53,58,61,88,91,97,101,107,108,110,111" machi="97" ten="40,8000,1" yaku="1,1,14,1,52,1,54,1,53,1" doraHai="102,31" doraHaiUra="76,93" who="1" fromWho="0" sc="250,-80,240,90,250,0,250,0" /><INIT seed="1,0,0,1,0,29" ten="170,330,250,250" oya="1" hai0="30,111,88,19,34,104,20,44,5,121,58,35,70" hai1="109,53,99,85,113,82,92,32,2,135,112,40,103" hai2="79,17,80,127,64,16,101,110,1,68,90,24,66" hai3="75,102,39,42,129,43,97,120,7,132,56,87,28"/><U108/><E2/><V73/><F1/><W65/><G75/><T15/><D70/><U133/><E32/><N who="0" m="12329" /><D104/><U59/><E40/><V84/><F101/><W130/><G120/><T45/><D58/><U22/><E22/><V55/><F68/><W83/><G28/><T37/><D37/><U3/><E3/><V126/><F55/><W10/><G132/><N who="1" m="50762" /><E59/><V131/><F24/><W67/><G39/><T78/><D78/><N who="1" m="46295" /><E53/><V4/><F66/><W14/><G42/><T38/><D38/><U18/><E18/><V71/><F16/><W26/><G43/><T86/><D30/><U119/><E119/><V62/><F17/><W60/><G26/><T63/><D63/><U13/><E13/><V76/><F62/><W77/><REACH who="3" step="1"/><G65/><REACH who="3" ten="170,330,250,240" step="2"/><T23/><D121/><U8/><E8/><V72/><F64/><W98/><G98/><T93/><D20/><U21/><E21/><V134/><F134/><W81/><G81/><T118/><D23/><U125/><E125/><V49/><F80/><W69/><G69/><T57/><D118/><U54/><E54/><V123/><F71/><W74/><G74/><T9/><D9/><U31/><E31/><V116/><F73/><W106/><AGARI ba="0,1" hai="7,10,14,56,60,67,77,83,87,97,102,106,129,130" machi="106" ten="30,2000,0" yaku="1,1,0,1,53,0" doraHai="29" doraHaiUra="47" who="3" fromWho="3" sc="170,-5,330,-10,250,-5,240,30" /><INIT seed="2,0,0,3,1,82" ten="165,320,245,270" oya="2" hai0="40,100,56,72,105,70,107,108,53,106,119,78,57" hai1="85,43,110,9,83,76,134,103,123,128,79,73,115" hai2="39,59,116,37,48,26,124,87,20,23,118,6,90" hai3="51,12,125,104,60,131,50,135,30,52,92,42,75"/><V27/><F124/><W84/><G104/><T80/><D108/><U28/><E115/><V95/><F6/><W129/><G75/><T4/><D70/><U15/><E110/><V22/><F48/><W10/><G135/><T47/><D119/><U13/><E134/><V121/><F121/><W89/><G125/><T102/><D56/><U46/><E123/><V117/><REACH who="2" step="1"/><F59/><REACH who="2" ten="165,320,235,270" step="2"/><N who="3" m="34919" /><G42/><T109/><D109/><U99/><E43/><V113/><F113/><W61/><G61/><T133/><D133/><U112/><E112/><V44/><F44/><W81/><G129/><T41/><D41/><U101/><E46/><V71/><F71/><W62/><G62/><T69/><D69/><U68/><E68/><V32/><F32/><W97/><G131/><T0/><D57/><U98/><E128/><V5/><F5/><N who="3" m="3151" /><G30/><T58/><D58/><U11/><E28/><V91/><F91/><AGARI ba="0,1" hai="50,51,81,84,89,91,92,97" m="3151,34919" machi="91" ten="30,3900,0" yaku="8,1,52,1,54,1" doraHai="82" who="3" fromWho="2" sc="165,0,320,0,235,-39,270,49" /><INIT seed="3,0,0,3,2,23" ten="165,320,196,319" oya="3" hai0="135,49,72,48,7,57,64,60,56,17,12,25,99" hai1="128,39,93,129,69,0,96,46,18,134,120,95,4" hai2="28,88,126,31,73,43,70,108,62,118,82,112,37" hai3="109,32,22,132,26,110,45,13,50,9,125,122,55"/><W97/><G122/><T86/><D135/><U16/><E120/><V121/><F112/><W124/><G32/><T101/><D72/><U1/><E69/><V33/><F118/><W91/><G132/><T76/><D7/><U3/><E4/><V79/><F121/><W38/><G38/><T104/><D57/><U67/><E67/><V107/><F107/><W123/><G123/><T29/><D76/><U66/><E66/><N who="2" m="41303" /><F33/><W78/><G78/><T133/><D86/><U89/><E134/><V119/><F119/><W2/><G2/><T54/><D54/><U52/><E95/><V36/><F43/><W114/><G114/><T85/><D85/><U6/><E6/><V75/><F75/><W53/><G53/><T59/><D59/><U80/><E80/><V47/><F47/><W74/><G74/><T84/><D84/><U42/><E52/><V131/><F88/><W113/><G113/><T87/><D87/><U40/><E42/><V58/><F58/><W41/><G55/><T19/><D133/><U94/><E93/><V111/><F126/><N who="3" m="48747" /><G91/><T11/><REACH who="0" step="1"/><D19/><REACH who="0" ten="155,320,196,319" step="2"/><U115/><E115/><V20/><F73/><W81/><G97/><T105/><D105/><U117/><E117/><V92/><F79/><W35/><G81/><T24/><D24/><U65/><E65/><V83/><F82/><W98/><G98/><T15/><D15/><U30/><E30/><V68/><F83/><W51/><G13/><T44/><D44/><U90/><E89/><V61/><F31/><W10/><G45/><T102/><D102/><U127/><E127/><V116/><F116/><RYUUKYOKU ba="0,1" sc="155,15,320,15,196,-15,319,-15" hai0="11,12,17,25,29,48,49,56,60,64,99,101,104" hai1="0,1,3,16,18,39,40,46,90,94,96,128,129" owari="170,-33.0,345,44.5,181,-21.9,304,10.4" /></mjloggm>