<mjloggm ver="2.3"><GO type="225" lobby="0"/><UN n0="%E3%81%BF%E3%81%BF%E3%81%9A" n1="%E6%98%93%E5%88%A9%E8%96%A9%E4%BC%AF" n2="%E3%81%90%E3%81%A1%E3%82%84%E3%81%BE" n3="%E3%81%95%E3%81%8D%E3%81%9F%E3%81%BE%E6%9E%97%E6%AA%8E" dan="18,16,16,16" rate="2250.39,2167.00,2119.12,2111.43" sx="M,F,M,M"/><TAIKYOKU oya="0"/><INIT seed="0,0,0,3,5,30" ten="250,250,250,250" oya="0" hai0="7,47,93,104,83,84,68,5,0,13,56,51,43" hai1="70,37,101,129,29,72,71,38,60,12,114,97,33" hai2="103,42,48,73,21,115,119,133,124,108,132,131,87" hai3="18,19,121,74,75,44,50,58,34,107,76,99,112"/><T118/><D68/><U53/><E12/><V95/><F42/><W55/><G112/><T86/><D104/><N who="1" m="63535" /><E53/><V90/><F48/><W1/><G1/><T100/><D118/><U94/><E94/><V120/><F21/><W106/><G121/><T91/><D0/><U61/><E114/><V63/><F63/><W77/><G99/><T6/><D56/><U9/><E9/><V128/><F115/><W80/><G58/><T135/><D135/><N who="2" m="51786" /><F120/><W67/><G67/><T35/><D35/><U17/><E17/><V64/><F64/><W23/><G19/><T3/><D3/><U22/><E22/><V32/><F32/><W79/><G34/><T126/><D126/><U127/><E61/><V4/><F4/><W27/><REACH who="3" step="1"/><G79/><REACH who="3" ten="250,250,250,240" step="2"/><N who="0" m="46207" /><D100/><U31/><E127/><V57/><F124/><W41/><G41/><T28/><D28/><U46/><E31/><V109/><F57/><W45/><G45/><T15/><AGARI ba="0,1" hai="5,6,7,13,15,43,47,51,86,91,93" m="46207" machi="15" ten="30,1500,0" yaku="8,1" doraHai="30" who="0" fromWho="0" sc="250,25,250,-5,250,-5,240,-5" /><INIT seed="0,1,0,1,1,126" ten="275,245,245,235" oya="0" hai0="64,17,31,53,2,131,57,115,110,82,109,94,1" hai1="14,12,129,49,36,88,128,28,100,32,101,113,114" hai2="5,34,50,102,80,96,52,89,105,45,3,73,40" hai3="55,67,121,33,112,93,98,103,76,39,97,61,78"/><T111/><D115/><N who="1" m="44043" /><E36/><V29/><F34/><W86/><G112/><T25/><D64/><U56/><E28/><V51/><F29/><W125/><G33/><T48/><D17/><U37/><E37/><V95/><F5/><W69/><G39/><T91/><D82/><U99/><E32/><V81/><F3/><W15/><G125/><T19/><D131/><N who="1" m="50251" /><E88/><V118/><F73/><W43/><G43/><T63/><D19/><U41/><E56/><V66/><F66/><W8/><G121/><T30/><D63/><U75/><E75/><V123/><F118/><W59/><G98/><N who="0" m="57695" /><D31/><U20/><E20/><AGARI ba="1,0" hai="1,2,20,25,30,48,53,57,109,110,111" m="57695" machi="20" ten="30,2900,0" yaku="14,1,10,1" doraHai="126" who="0" fromWho="1" sc="275,32,245,-32,245,0,235,0" /><INIT seed="0,2,0,0,3,46" ten="307,213,245,235" oya="0" hai0="43,102,91,6,19,76,133,27,3,1,99,65,48" hai1="117,24,57,69,37,125,111,68,134,25,127,135,44" hai2="53,98,42,33,73,81,20,104,121,89,84,128,15" hai3="52,5,90,54,0,114,31,34,67,36,29,87,88"/><T123/><D123/><U110/><E117/><V39/><F33/><W12/><G114/><T83/><D65/><U78/><E78/><V49/><F121/><W112/><G112/><T77/><D133/><N who="1" m="50699" /><E57/><V120/><F120/><W101/><G36/><T38/><D38/><U47/><E25/><V35/><F35/><W96/><G0/><T4/><D1/><U32/><E32/><V122/><F128/><W8/><G67/><T97/><D3/><U21/><E21/><V79/><F122/><W92/><G34/><T61/><D61/><U17/><E17/><V124/><F124/><N who="1" m="47689" /><E24/><V108/><F39/><W7/><G7/><T2/><D2/><U55/><E55/><N who="3" m="21034" /><G101/><T119/><D102/><U126/><E126/><V103/><F42/><W85/><G96/><T118/><D43/><N who="1" m="22639" /><E47/><V22/><F15/><W13/><G13/><T70/><D27/><U66/><E66/><V115/><F115/><W63/><G63/><T75/><D4/><U18/><E18/><V59/><REACH who="2" step="1"/><F108/><AGARI ba="2,0" hai="68,69,108,110,111" m="22639,47689,50699" machi="108" ten="40,12000,2" yaku="14,1,20,1,18,1,23,1,34,2" doraHai="46" who="1" fromWho="2" sc="307,0,213,126,245,-126,235,0" /><INIT seed="1,0,0,3,5,100" ten="307,339,119,235" oya="1" hai0="97,107,8,112,51,17,79,36,6,89,54,78,60" hai1="135,33,102,128,61,94,50,64,111,58,67,28,34" hai2="66,110,134,101,126,38,130,133,70,20,45,125,96" hai3="48,76,119,19,0,123,131,85,104,42,31,65,14"/><U39/><E39/><V32/><F32/><W25/><G123/><T41/><D112/><U15/><E128/><V18/><F18/><W93/><G0/><T7/><D36/><U92/><E135/><N who="2" m="51723" /><F20/><W90/><G131/><T99/><D107/><U56/><E15/><V132/><N who="2" m="51731" /><V121/><DORA hai="73" /><F130/><W21/><G104/><T86/><D60/><U1/><E1/><V120/><F96/><N who="0" m="36938" /><D41/><U43/><E28/><V47/><F101/><W16/><G119/><T81/><D17/><U5/><E5/><N who="0" m="1545" /><D8/><U84/><E102/><V2/><F2/><W72/><G65/><T9/><D9/><U75/><E75/><V57/><F110/><W74/><G74/><T30/><D30/><U59/><E34/><V71/><F120/><W40/><G19/><T62/><D62/><U122/><E61/><N who="2" m="38191" /><F121/><W129/><G129/><T109/><D109/><U127/><E33/><V26/><F26/><W24/><G24/><T35/><D35/><U113/><E122/><V117/><F117/><W80/><REACH who="3" step="1"/><G48/><REACH who="3" ten="307,339,119,225" step="2"/><T22/><D22/><AGARI ba="0,1" hai="14,16,21,22,25,31,40,42,72,76,80,85,90,93" machi="22" ten="30,8000,1" yaku="1,1,2,1,7,1,52,1,54,1,53,0" doraHai="100,73" doraHaiUra="108,118" who="3" fromWho="0" sc="307,-80,339,0,119,0,225,90" /><INIT seed="2,0,0,0,0,37" ten="227,339,119,315" oya="2" hai0="77,22,85,127,91,84,38,43,15,68,2,54,50" hai1="71,89,131,30,41,23,106,27,10,49,110,117,70" hai2="107,76,44,109,126,51,72,93,35,133,82,11,32" hai3="114,86,19,125,61,53,128,79,42,122,73,88,101"/><V96/><F126/><W5/><G122/><T31/><D2/><U6/><E106/><V26/><F133/><W102/><G125/><T9/><D68/><U29/><E117/><V28/><F109/><W13/><G128/><T120/><D127/><U46/><E131/><V100/><F11/><W47/><G114/><T25/><D120/><U39/><E30/><V59/><F59/><W0/><G0/><T135/><D135/><U112/><E112/><V98/><F35/><W99/><G5/><T80/><D38/><U87/><E39/><V4/><F4/><W55/><G73/><T40/><D84/><U16/><E29/><V45/><REACH who="2" step="1"/><F51/><REACH who="2" ten="227,339,109,315" step="2"/><W123/><G123/><T94/><BYE who="3" /><D77/><U56/><E56/><V113/><F113/><W129/><G129/><T18/><D80/><UN n3="%E3%81%95%E3%81%8D%E3%81%9F%E3%81%BE%E6%9E%97%E6%AA%8E" /><U83/><E110/><V66/><F66/><W115/><G115/><T14/><D14/><AGARI ba="0,1" hai="6,10,14,16,23,27,41,46,49,70,71,83,87,89" machi="14" ten="30,3900,0" yaku="7,1,52,1,54,1" doraHai="37" who="1" fromWho="0" sc="227,-39,339,49,109,0,315,0" /><INIT seed="3,0,0,3,0,61" ten="188,388,109,315" oya="3" hai0="17,96,6,7,12,41,108,18,40,19,53,23,43" hai1="76,94,126,52,29,60,101,118,39,21,62,100,67" hai2="92,56,129,50,46,113,64,72,132,69,95,45,116" hai3="114,70,83,25,9,75,65,71,124,11,103,109,88"/><W87/><G114/><T10/><D108/><U3/><E3/><V36/><F72/><W111/><G124/><T34/><D34/><U44/><E76/><V57/><F95/><W128/><G128/><T135/><D135/><U91/><E39/><V47/><F92/><W134/><G134/><T8/><D96/><U51/><E118/><V27/><F27/><W15/><G103/><T133/><D133/><U104/><E104/><V1/><F1/><W85/><G75/><T123/><D123/><U31/><E62/><N who="2" m="40087" /><F132/><W121/><G121/><T112/><D112/><U32/><E32/><V110/><F113/><W59/><G87/><T120/><D120/><U131/><E131/><V0/><F0/><W93/><G93/><T106/><D106/><U80/><E80/><V42/><F129/><W98/><G98/><T48/><D10/><N who="3" m="3593" /><G15/><N who="0" m="9663" /><D18/><U102/><E21/><V28/><F28/><W5/><G5/><T130/><D130/><U74/><E126/><V55/><F116/><W86/><G86/><T58/><AGARI ba="0,0" hai="6,7,8,12,19,40,41,43,48,53,58" m="9663" machi="58" ten="30,1100,0" yaku="8,1" doraHai="61" who="0" fromWho="0" sc="188,11,388,-3,109,-3,315,-5" owari="199,-20.1,385,48.5,106,-39.4,310,11.0" /></mjloggm>