<mjloggm ver="2.3"><GO type="225" lobby="0"/><UN n0="%E3%81%95%E3%81%8D%E3%81%9F%E3%81%BE%E6%9E%97%E6%AA%8E" n1="%E3%83%81%E3%83%83%E3%82%BF%E3%82%BD%E3%83%BC" n2="%E3%81%BF%E3%81%BF%E3%81%9A" n3="%E3%81%AD%E3%82%80%E3%81%84%40%E9%9B%80%E9%B3%B4%E4%BC%9A" dan="16,17,17,16" rate="2096.62,2220.30,2225.45,2185.15" sx="M,F,M,F"/><TAIKYOKU oya="0"/><INIT seed="0,0,0,5,5,20" ten="250,250,250,250" oya="0" hai0="87,97,64,80,34,104,35,21,36,63,116,16,126" hai1="90,118,70,71,77,50,132,66,93,46,19,8,44" hai2="74,109,117,37,130,12,129,9,48,88,56,76,122" hai3="49,112,131,62,110,101,124,43,38,10,61,17,18"/><T15/><D116/><U7/><E118/><V103/><F117/><W91/><G112/><T125/><D36/><U2/><E132/><V75/><F37/><W51/><G101/><T41/><D41/><U114/><E114/><V119/><F119/><W59/><G110/><T94/><D104/><U25/><E77/><V5/><F122/><W4/><G131/><N who="2" m="50185" /><F103/><W23/><G18/><T42/><D42/><U106/><E106/><V99/><F76/><W107/><G107/><T121/><D121/><U26/><E44/><V95/><F109/><W86/><G124/><N who="0" m="47723" /><D94/><U14/><E66/><V67/><F48/><W39/><G39/><T102/><D102/><U113/><E113/><V6/><F6/><W58/><G38/><T128/><D97/><U57/><E57/><V79/><F79/><W53/><G43/><T30/><D30/><U68/><E50/><V31/><F31/><W85/><G51/><T40/><D40/><U27/><E46/><V135/><F135/><W22/><G49/><T134/><D134/><U55/><E55/><V32/><F32/><W127/><G127/><T120/><D120/><U96/><REACH who="1" step="1"/><E2/><REACH who="1" ten="250,240,250,250" step="2"/><V52/><F52/><W115/><G53/><T28/><D128/><U72/><E72/><V54/><F54/><W82/><G115/><T0/><D0/><U60/><E60/><AGARI ba="0,1" hai="5,9,12,56,60,67,74,75,88,95,99" m="50185" machi="60" ten="30,2000,0" yaku="19,1,54,1" doraHai="20" who="2" fromWho="1" sc="250,0,240,-20,250,30,250,0" /><INIT seed="1,0,0,0,0,100" ten="250,220,280,250" oya="1" hai0="43,130,135,129,31,107,110,122,9,87,65,26,84" hai1="97,81,59,134,21,80,111,99,37,121,34,133,116" hai2="56,14,125,88,68,102,76,132,79,66,86,96,29" hai3="94,83,20,69,61,54,62,27,19,119,93,105,101"/><U92/><E116/><V55/><F125/><W89/><G119/><T108/><D43/><U118/><E118/><V10/><F132/><N who="1" m="50793" /><E34/><V17/><F68/><W98/><G69/><T77/><D135/><U32/><E32/><V75/><F66/><W39/><G39/><T103/><D122/><U95/><E37/><V49/><F75/><W44/><G83/><N who="1" m="31818" /><E21/><V41/><F29/><W33/><G33/><N who="0" m="20727" /><D65/><U126/><E59/><V53/><F41/><W36/><G94/><N who="1" m="35882" /><E121/><V23/><F102/><W0/><G0/><T127/><D127/><U8/><E8/><V13/><F96/><N who="1" m="36937" /><E111/><N who="0" m="42537" /><D9/><U24/><E24/><V2/><F2/><W128/><G36/><T73/><D73/><U114/><E114/><V6/><F55/><W120/><G120/><T82/><D87/><U42/><E42/><V51/><F51/><W25/><G25/><T3/><D3/><U64/><E64/><V15/><F14/><W50/><G50/><T4/><D4/><U78/><E78/><V40/><F40/><W113/><G113/><T1/><D1/><U71/><E71/><V52/><F53/><W30/><G54/><T11/><D11/><U112/><E112/><V63/><F49/><W104/><G44/><T117/><D117/><U109/><E109/><V5/><F5/><W7/><G7/><T16/><D16/><U123/><E123/><V106/><F79/><W28/><G19/><T48/><D48/><U57/><E57/><V131/><F76/><W70/><G70/><T90/><D77/><U58/><E58/><V38/><F38/><W18/><G18/><T22/><D22/><RYUUKYOKU ba="0,0" sc="250,15,220,15,280,-15,250,-15" hai0="82,84,90,103,107,129,130" hai1="126" /><INIT seed="1,1,0,3,5,5" ten="265,235,265,235" oya="1" hai0="73,90,69,9,131,38,15,114,19,91,32,96,8" hai1="65,103,72,115,78,37,112,88,64,40,99,76,111" hai2="61,4,101,121,68,51,39,36,3,125,49,60,50" hai3="81,47,79,117,1,56,21,98,44,29,41,97,80"/><U128/><E128/><V92/><F101/><W118/><G1/><T120/><D114/><U12/><E111/><V122/><F92/><W134/><G56/><T119/><D119/><N who="3" m="45577" /><G134/><T116/><D116/><U42/><E12/><V130/><F4/><W83/><G79/><T59/><D69/><U2/><E2/><V11/><F11/><W54/><G54/><T93/><D32/><U10/><E99/><N who="3" m="37898" /><G41/><T63/><D73/><U28/><E28/><V82/><F3/><W14/><G14/><N who="0" m="7623" /><D131/><U135/><E72/><V7/><F7/><W52/><G52/><N who="0" m="34279" /><D120/><U57/><E10/><V22/><F130/><W27/><AGARI ba="1,0" hai="21,27,29,44,47,80,81,83" m="37898,45577" machi="27" ten="40,1500,0" yaku="12,1" doraHai="5" who="3" fromWho="3" sc="265,-5,235,-8,265,-5,235,18" /><INIT seed="2,0,0,1,2,94" ten="260,227,260,253" oya="2" hai0="6,91,104,1,46,119,24,27,111,99,30,22,117" hai1="51,19,7,40,90,63,23,78,114,49,25,9,113" hai2="102,68,125,88,105,5,44,83,15,14,116,127,54" hai3="35,70,96,43,73,59,61,38,109,101,112,33,32"/><V120/><F116/><N who="0" m="44618" /><D111/><U45/><E78/><V66/><F120/><W85/><G73/><T47/><D1/><U82/><E63/><V130/><F68/><W41/><G70/><T3/><D3/><U123/><E123/><V129/><F66/><W75/><G75/><T79/><D79/><U64/><E64/><V128/><F44/><W34/><G112/><T57/><D6/><U108/><E108/><V135/><F54/><W124/><G124/><N who="2" m="47689" /><F5/><W86/><N who="3" m="8192" /><DORA hai="122" /><W133/><G133/><T74/><D74/><U12/><E51/><V107/><F135/><W56/><G109/><T77/><D77/><U18/><E18/><V62/><F62/><W8/><G8/><T36/><D27/><U103/><E103/><V69/><F69/><W2/><G2/><T89/><D57/><U29/><REACH who="1" step="1"/><E7/><REACH who="1" ten="260,217,260,253" step="2"/><V37/><F37/><W31/><G38/><T50/><D50/><U65/><E65/><V121/><F121/><W92/><G61/><T42/><D46/><U16/><E16/><V110/><F110/><W39/><G39/><T55/><D55/><U115/><E115/><V97/><F107/><W11/><G56/><T106/><D106/><U76/><E76/><V71/><F71/><W60/><G59/><T100/><AGARI ba="0,1" hai="22,24,30,36,42,47,89,91,99,100,104" m="44618" machi="100" ten="30,2000,0" yaku="12,1,52,1" doraHai="94,122" who="0" fromWho="0" sc="260,30,217,-5,260,-10,253,-5" /><INIT seed="3,0,0,3,2,19" ten="290,212,250,248" oya="3" hai0="8,101,58,86,20,111,83,95,40,97,102,123,117" hai1="71,59,89,74,121,84,18,77,109,69,24,27,119" hai2="44,100,7,36,110,73,78,38,81,68,13,106,54" hai3="96,6,60,66,43,65,107,17,105,87,122,23,90"/><W5/><G122/><T29/><D123/><U34/><E121/><V135/><F54/><W104/><G43/><T2/><D117/><U21/><E119/><V63/><F13/><W15/><G96/><T72/><D72/><U9/><E109/><V93/><F44/><W42/><G42/><T52/><D111/><U32/><E9/><V26/><F110/><W1/><G1/><T132/><D132/><U12/><E77/><V82/><F82/><W127/><G127/><T79/><D40/><U103/><E74/><V126/><F126/><W14/><G14/><T115/><D115/><U129/><E129/><V88/><F7/><W0/><G0/><T108/><D108/><U114/><E114/><V39/><F135/><W85/><G85/><T35/><D35/><U3/><E3/><V33/><F63/><W62/><G60/><N who="0" m="35911" /><D8/><U50/><E103/><V120/><F68/><W10/><G10/><T131/><D131/><U64/><E34/><V57/><F120/><W67/><REACH who="3" step="1"/><G62/><REACH who="3" ten="290,212,250,238" step="2"/><T91/><D2/><U118/><E118/><V76/><F73/><W113/><G113/><T116/><D116/><U133/><E133/><V25/><F38/><W53/><G53/><T47/><D47/><U28/><E12/><V112/><F36/><W11/><G11/><T56/><D56/><U61/><REACH who="1" step="1"/><E50/><REACH who="1" ten="290,202,250,238" step="2"/><V98/><F39/><W30/><G30/><T45/><D45/><U22/><E22/><V51/><F112/><W31/><G31/><T37/><D37/><U46/><E46/><V92/><F33/><W48/><G48/><T49/><D49/><U134/><E134/><RYUUKYOKU ba="0,2" sc="290,10,202,10,250,-30,238,10" hai0="20,29,79,83,86,91,95,97,101,102" hai1="18,21,24,27,28,32,59,61,64,69,71,84,89" hai3="5,6,15,17,23,65,66,67,87,90,104,105,107" /><INIT seed="3,1,2,5,2,101" ten="300,212,220,248" oya="3" hai0="42,21,16,10,114,130,36,95,122,62,100,43,106" hai1="127,15,76,68,3,32,85,126,82,99,97,115,77" hai2="81,26,34,20,31,111,132,7,107,70,78,105,108" hai3="133,40,131,123,119,14,91,37,118,87,60,98,39"/><W48/><G123/><T94/><D106/><N who="2" m="40458" /><F70/><W0/><G0/><T79/><D122/><U38/><E3/><V53/><F53/><W71/><G131/><T55/><D130/><U116/><E32/><V59/><F7/><W103/><G133/><T56/><D36/><U86/><E115/><V65/><F59/><W51/><G14/><N who="0" m="7255" /><D114/><U28/><E28/><V121/><F65/><W61/><G91/><T110/><D110/><N who="2" m="42026" /><F121/><W24/><G71/><T5/><D5/><U69/><E38/><V49/><F49/><W67/><G67/><T25/><D79/><U4/><E116/><V22/><F132/><W117/><G51/><T93/><D100/><U92/><E4/><V134/><F134/><W1/><G48/><T84/><D84/><AGARI ba="1,2" hai="20,22,26,31,34,78,81,84" m="42026,40458" machi="84" ten="30,7700,0" yaku="14,1,52,3" doraHai="101" who="2" fromWho="0" sc="300,-80,212,0,220,100,248,0" owari="220,-18.0,212,-28.8,320,42.0,248,4.8" /></mjloggm>