<mjloggm ver="2.3"><GO type="225" lobby="0"/><UN n0="%E3%83%96%E3%83%83%E3%83%91%E3%82%AA%E3%83%96%E3%83%81%E3%82%AD%E3%83%B3" n1="%72%69%6F%75%63%68%61%6E" n2="%E7%B4%94%E6%BD%94%E3%83%94%E3%83%A9%E3%83%8B%E3%82%A2" n3="%E3%81%82%E3%81%84%E3%81%82%E3%81%8A%E3%81%84" dan="16,16,17,18" rate="2226.01,2088.69,2236.47,2189.88" sx="M,M,M,M"/><TAIKYOKU oya="0"/><INIT seed="0,0,0,0,0,134" ten="250,250,250,250" oya="0" hai0="95,80,33,81,3,87,58,49,61,98,103,135,91" hai1="14,96,124,113,34,83,47,122,130,62,0,5,46" hai2="35,77,131,78,23,72,70,66,132,76,16,36,25" hai3="93,40,60,121,107,28,117,106,88,100,86,116,64"/><T115/><D135/><U6/><E122/><V32/><F132/><W112/><G112/><T108/><D115/><U53/><E113/><V109/><F109/><W118/><G121/><T126/><D108/><U2/><E34/><V75/><F36/><W18/><G28/><T17/><D33/><U12/><E130/><V101/><F131/><W65/><G40/><T105/><D3/><U9/><E83/><V110/><F110/><W111/><G111/><T42/><D126/><U20/><E96/><V52/><F101/><W50/><G50/><T90/><D90/><U55/><E62/><V74/><REACH who="2" step="1"/><F52/><REACH who="2" ten="250,250,240,250" step="2"/><W43/><G43/><T63/><D42/><U119/><E119/><V41/><F41/><W125/><G100/><T11/><D49/><U24/><E55/><V8/><F8/><W79/><G117/><T15/><REACH who="0" step="1"/><D63/><AGARI ba="0,1" hai="16,23,25,32,35,63,66,70,72,74,75,76,77,78" machi="63" ten="50,3200,0" yaku="1,1,54,1,53,0" doraHai="134" doraHaiUra="127" who="2" fromWho="0" sc="250,-32,250,0,240,42,250,0" /><INIT seed="1,0,0,0,0,21" ten="218,250,282,250" oya="1" hai0="48,2,35,3,58,6,81,97,130,13,94,22,67" hai1="39,45,93,46,104,60,50,102,41,14,80,107,84" hai2="115,26,72,75,125,73,7,25,106,71,69,63,132" hai3="0,121,8,86,57,134,17,30,103,95,110,15,20"/><U122/><E122/><V112/><F106/><W55/><G121/><T47/><D35/><U79/><E60/><V24/><F125/><W27/><G110/><T105/><D105/><U49/><E39/><V33/><F33/><W38/><G38/><T131/><D81/><U135/><E135/><V19/><F132/><W77/><G134/><T16/><D58/><U70/><E70/><V65/><F7/><W99/><G0/><T61/><D6/><U129/><E129/><N who="0" m="49161" /><D67/><U34/><E34/><V118/><F118/><W31/><G86/><T113/><D113/><N who="2" m="43594" /><F19/><W18/><REACH who="3" step="1"/><G77/><REACH who="3" ten="218,250,282,240" step="2"/><T68/><D68/><AGARI ba="0,1" hai="24,25,26,63,65,68,69,71,72,73,75" m="43594" machi="68" ten="40,8000,1" yaku="11,1,52,3" doraHai="21" who="2" fromWho="0" sc="218,-80,250,0,282,90,240,0" /><INIT seed="2,0,0,3,3,132" ten="138,250,372,240" oya="2" hai0="120,67,87,0,31,75,90,72,17,111,19,32,18" hai1="102,106,65,73,92,54,33,66,62,77,70,109,135" hai2="118,7,43,105,11,128,121,63,108,4,113,61,49" hai3="29,20,55,42,30,37,36,91,89,34,5,15,96"/><V95/><F105/><W22/><G34/><T123/><D0/><U99/><E135/><V44/><F113/><W117/><G117/><T69/><D111/><U119/><E119/><V112/><F112/><W131/><G42/><T82/><D69/><U41/><E109/><V12/><F121/><W16/><G5/><T8/><D8/><U100/><E41/><V59/><F128/><W101/><G131/><T86/><D67/><U107/><E54/><V78/><F7/><W28/><G22/><T129/><D129/><U26/><E65/><V74/><F118/><W71/><G71/><T94/><D31/><N who="1" m="19703" /><E92/><V58/><F74/><W25/><G15/><T6/><D6/><U24/><E24/><V1/><F1/><W9/><G9/><T133/><D32/><U47/><E47/><V46/><F46/><W98/><G55/><T40/><D40/><U51/><E51/><V38/><F78/><W81/><G98/><T93/><D133/><U103/><E106/><V56/><F38/><W97/><G97/><T114/><D114/><U10/><E10/><V88/><F108/><W14/><G25/><T126/><D126/><U116/><E116/><V104/><F104/><W110/><G110/><T50/><D50/><U115/><E115/><V68/><F68/><W80/><G37/><T3/><D3/><U84/><E73/><N who="0" m="28233" /><D94/><U23/><E23/><V53/><F61/><W130/><G36/><T127/><D127/><U21/><E21/><V27/><F27/><W124/><G124/><T60/><D60/><U83/><AGARI ba="0,0" hai="62,66,70,77,83,84,99,100,102,103,107" m="19703" machi="83" ten="30,1100,0" yaku="25,1" doraHai="132" who="1" fromWho="1" sc="138,-3,250,11,372,-5,240,-3" /><INIT seed="3,0,0,3,4,29" ten="135,261,367,237" oya="3" hai0="19,42,69,58,123,37,34,18,75,2,16,38,31" hai1="65,9,90,97,7,81,49,6,53,128,56,133,17" hai2="21,22,84,115,28,132,64,76,57,13,26,77,107" hai3="80,12,36,118,0,111,87,135,27,82,122,96,3"/><W95/><G36/><T59/><D123/><U114/><E114/><V5/><F107/><W30/><G118/><T45/><D69/><U106/><E106/><V10/><F115/><W103/><G122/><T43/><D75/><U109/><E109/><V78/><F132/><W85/><G135/><T47/><REACH who="0" step="1"/><D2/><REACH who="0" ten="125,261,367,237" step="2"/><U70/><E70/><V102/><F102/><W73/><G73/><T68/><D68/><U11/><E133/><V67/><F22/><W62/><G0/><T32/><D32/><U74/><E74/><V93/><F57/><W134/><G3/><T40/><D40/><U35/><E56/><V24/><F24/><AGARI ba="0,1" hai="16,18,19,24,31,34,37,38,42,43,45,47,58,59" machi="24" ten="40,8000,1" yaku="1,1,9,1,52,1,54,1,53,0" doraHai="29" doraHaiUra="121" who="0" fromWho="2" sc="125,90,261,0,367,-80,237,0" /><INIT seed="4,0,0,4,5,115" ten="215,261,287,237" oya="0" hai0="97,61,26,127,129,58,76,41,50,15,87,11,9" hai1="23,128,132,121,40,119,100,57,66,89,78,116,53" hai2="72,85,62,65,42,7,108,59,68,77,75,133,99" hai3="24,14,92,107,82,19,113,39,30,46,47,118,91"/><T93/><D127/><U20/><E121/><V117/><F108/><W43/><G107/><T52/><D129/><U34/><E34/><V79/><F133/><W6/><G113/><T35/><D35/><U25/><E20/><V94/><F7/><W110/><G110/><T48/><D26/><U120/><E120/><V83/><F117/><W95/><G6/><T49/><D41/><U31/><E78/><V69/><F42/><W124/><G118/><T67/><D67/><U13/><E40/><V63/><F77/><W18/><G47/><T1/><D1/><U29/><E29/><V80/><F83/><W2/><G19/><T109/><D109/><U28/><E28/><V55/><REACH who="2" step="1"/><F68/><REACH who="2" ten="215,261,277,237" step="2"/><W64/><G82/><N who="0" m="47559" /><D15/><U103/><E13/><V106/><F106/><W5/><G14/><T131/><D131/><U86/><E128/><V112/><F112/><W4/><G2/><T111/><D111/><U134/><E119/><V70/><F70/><W33/><G43/><T32/><D32/><U84/><E116/><V126/><F126/><W8/><G124/><T0/><D0/><U104/><E104/><V135/><F135/><W12/><G12/><T54/><D54/><U88/><E134/><V102/><AGARI ba="0,1" hai="55,59,62,63,65,69,72,75,79,80,85,94,99,102" machi="102" ten="20,2700,0" yaku="1,1,0,1,7,1,53,0" doraHai="115" doraHaiUra="3" who="2" fromWho="2" sc="215,-13,261,-7,277,37,237,-7" owari="202,-29.8,254,5.4,314,41.4,230,-17.0" /></mjloggm>