<mjloggm ver="2.3"><GO type="225" lobby="0"/><UN n0="%E3%81%BF%E3%81%BF%E3%81%9A" n1="%E3%82%B7%E3%83%B3%E5%A4%AA%E6%9C%97" n2="%E7%AB%8B%E7%9B%B4%E5%A5%BD%E6%A3%92%40%E5%BF%98" n3="%E6%A1%9C%E8%8A%B1%E9%96%83%E3%80%85" dan="17,16,17,16" rate="2172.68,2129.86,2150.29,2132.77" sx="M,M,M,M"/><TAIKYOKU oya="0"/><INIT seed="0,0,0,2,0,124" ten="250,250,250,250" oya="0" hai0="106,32,101,78,99,51,1,27,61,82,76,40,75" hai1="122,24,103,121,131,52,3,125,102,79,10,92,22" hai2="39,41,17,44,46,98,49,42,71,83,47,64,127" hai3="50,57,80,128,135,58,29,12,74,19,7,13,67"/><T116/><D116/><U90/><E125/><V100/><F17/><W91/><G135/><T43/><D1/><U48/><E131/><V54/><F127/><W5/><G29/><T84/><D51/><U114/><E79/><V105/><F83/><W25/><G25/><T94/><D76/><U18/><E114/><V107/><F71/><W118/><G118/><T60/><D60/><U123/><E10/><V37/><REACH who="2" step="1"/><F64/><REACH who="2" ten="250,250,240,250" step="2"/><W4/><G19/><T26/><D26/><U21/><E123/><V28/><F28/><W70/><G70/><T120/><D120/><U36/><E122/><V104/><AGARI ba="0,1" hai="37,39,41,42,44,46,47,49,54,98,100,104,105,107" machi="104" ten="20,12000,2" yaku="1,1,0,1,7,1,9,1,53,2" doraHai="124" doraHaiUra="38" who="2" fromWho="2" sc="250,-60,250,-30,240,130,250,-30" /><INIT seed="1,0,0,4,4,34" ten="190,220,370,220" oya="1" hai0="41,79,86,62,26,17,73,126,114,84,38,58,97" hai1="76,19,61,56,115,39,40,123,125,53,35,107,110" hai2="121,108,129,109,64,8,95,47,104,81,63,68,101" hai3="7,27,132,6,18,4,69,130,102,94,80,46,128"/><U124/><E123/><V9/><F121/><W49/><G69/><T15/><D114/><U135/><E107/><V44/><F104/><W112/><G112/><T23/><D126/><N who="1" m="48747" /><E35/><V25/><F25/><W32/><G80/><T14/><D73/><U74/><E115/><V67/><F81/><W0/><G94/><T20/><D79/><U54/><E76/><V36/><F129/><N who="3" m="49771" /><G102/><T2/><D2/><U11/><E74/><V10/><F36/><W33/><G132/><T87/><D97/><U88/><E135/><V99/><REACH who="2" step="1"/><F67/><REACH who="2" ten="190,220,360,220" step="2"/><W31/><G33/><T52/><D38/><U37/><E39/><V106/><F106/><W5/><G0/><T100/><D41/><U116/><E40/><V131/><F131/><W96/><G32/><T119/><D119/><U91/><E37/><V42/><F42/><W45/><G27/><N who="0" m="14735" /><D100/><U134/><E134/><V16/><F16/><AGARI ba="0,1" hai="14,15,16,23,26,52,58,62,84,86,87" m="14735" machi="16" ten="30,3900,0" yaku="8,1,54,2" doraHai="34" who="0" fromWho="2" sc="190,49,220,0,360,-39,220,0" /><INIT seed="2,0,0,4,2,124" ten="239,220,321,220" oya="2" hai0="117,97,116,71,14,32,123,120,40,102,12,133,1" hai1="62,63,46,49,93,34,118,72,119,0,41,107,80" hai2="10,103,129,106,48,18,3,51,4,85,114,101,52" hai3="95,132,30,25,89,19,84,121,50,104,31,7,90"/><V127/><F129/><W39/><G121/><T35/><D40/><U6/><E107/><V27/><F114/><W91/><G39/><T76/><D76/><U33/><E118/><N who="0" m="45673" /><D1/><U94/><E119/><V82/><F127/><W61/><G104/><N who="0" m="63567" /><D71/><U134/><E134/><V11/><F51/><W2/><G2/><T5/><D133/><U65/><E63/><V44/><F106/><W126/><G7/><T28/><D28/><U78/><E93/><V70/><F70/><W23/><G132/><T17/><D12/><U79/><E79/><V96/><F96/><W24/><G126/><T58/><D58/><U77/><E77/><V105/><F105/><W36/><G36/><T15/><D15/><U13/><E0/><V75/><F75/><W66/><G50/><T45/><D45/><U26/><E26/><V56/><F56/><N who="3" m="37159" /><G25/><T130/><D5/><U8/><REACH who="1" step="1"/><E94/><REACH who="1" ten="239,210,321,220" step="2"/><V110/><F27/><W9/><G31/><T42/><D123/><U55/><E55/><V21/><F3/><W64/><G64/><T108/><D120/><U88/><E88/><V68/><F52/><W83/><G95/><T59/><D14/><AGARI ba="0,1" hai="9,14,19,23,24,30,83,84,89,90,91" m="37159" machi="14" ten="30,1000,0" yaku="8,1" doraHai="124" who="3" fromWho="0" sc="239,-10,210,0,321,0,220,20" /><INIT seed="3,0,0,2,2,15" ten="229,210,321,240" oya="3" hai0="17,65,97,113,72,123,43,10,34,53,107,42,1" hai1="23,115,24,77,44,112,76,29,102,126,130,87,9" hai2="88,105,95,124,104,122,92,45,48,52,85,116,31" hai3="18,69,3,135,68,93,99,86,66,91,109,120,127"/><W20/><G120/><T0/><D123/><U40/><E130/><V110/><F116/><W89/><G127/><T133/><D72/><U7/><E126/><V114/><F114/><W26/><G135/><T6/><D65/><U75/><E102/><V83/><F124/><W13/><G3/><T74/><D74/><U70/><E70/><V64/><F122/><W57/><G109/><T37/><D34/><U54/><E77/><V121/><F121/><W56/><G68/><T55/><D113/><U22/><E54/><V81/><F64/><W67/><G67/><T51/><D37/><U25/><E75/><V35/><F110/><W132/><G132/><T16/><D133/><U21/><E87/><V82/><F92/><W14/><G69/><T4/><D97/><U117/><E76/><V108/><F108/><W41/><G41/><T58/><D107/><U96/><E96/><V100/><F100/><W63/><REACH who="3" step="1"/><G57/><REACH who="3" ten="229,210,321,230" step="2"/><T129/><D129/><U71/><E71/><V106/><F106/><W36/><G36/><T125/><D125/><U12/><E117/><V62/><F105/><W49/><G49/><T103/><D103/><U39/><REACH who="1" step="1"/><E23/><REACH who="1" ten="229,200,321,230" step="2"/><V131/><F131/><W80/><AGARI ba="0,2" hai="13,14,18,20,26,56,63,66,80,86,89,91,93,99" machi="80" ten="20,18000,2" yaku="1,1,0,1,7,1,8,1,52,1,53,1" doraHai="15" doraHaiUra="19" who="3" fromWho="3" sc="229,-60,200,-60,321,-60,230,200" owari="169,-23.1,140,-36.0,261,6.1,430,53.0" /></mjloggm>