<mjloggm ver="2.3"><GO type="225" lobby="0"/><UN n0="%E6%B4%BE%E9%81%A3%E3%81%AE%E3%82%B8%E3%83%A3%E3%83%83%E3%82%AF" n1="%E3%83%96%E3%83%83%E3%83%91%E3%82%AA%E3%83%96%E3%83%81%E3%82%AD%E3%83%B3" n2="%E7%99%BD%E5%80%89%E5%AF%9B%E4%B9%8B" n3="%E3%83%A9%E3%83%BC%E3%83%A1%E3%83%B3%E4%BA%94%E9%83%8E" dan="17,17,16,16" rate="2183.79,2191.55,2151.15,2159.25" sx="M,M,M,M"/><TAIKYOKU oya="0"/><INIT seed="0,0,0,5,2,112" ten="250,250,250,250" oya="0" hai0="4,23,7,21,37,103,19,89,28,31,131,129,64" hai1="56,6,1,134,97,102,51,125,38,12,11,133,32" hai2="78,90,92,35,3,108,93,119,41,74,61,58,109" hai3="45,24,55,120,26,2,39,84,27,87,104,99,15"/><T34/><D37/><U111/><E38/><V8/><F35/><W81/><G2/><T135/><D64/><U118/><E32/><V17/><F41/><W122/><G39/><T91/><D103/><U14/><E111/><N who="2" m="42571" /><F78/><W77/><G15/><T106/><D34/><U65/><E125/><V30/><F74/><W100/><REACH who="3" step="1"/><G87/><REACH who="3" ten="250,250,250,240" step="2"/><T54/><D131/><U127/><E127/><V110/><F3/><W124/><G124/><T69/><D129/><U47/><E14/><V107/><F110/><W82/><G82/><T83/><D83/><U73/><E73/><V44/><F8/><W76/><G76/><T126/><D126/><U94/><E1/><V123/><F123/><W49/><AGARI ba="0,1" hai="24,26,27,45,49,55,77,81,84,99,100,104,120,122" machi="49" ten="30,4000,0" yaku="1,1,0,1,53,1" doraHai="112" doraHaiUra="48" who="3" fromWho="3" sc="250,-20,250,-10,250,-10,240,50" /><INIT seed="1,0,0,1,5,25" ten="230,240,240,290" oya="1" hai0="35,133,89,112,76,48,2,113,61,108,60,8,15" hai1="118,3,119,120,43,93,83,54,9,56,123,116,22" hai2="21,17,57,62,130,107,41,67,69,84,104,53,37" hai3="26,18,87,132,19,74,30,129,24,110,46,92,82"/><U51/><E43/><V79/><F130/><W71/><G129/><T40/><D2/><U127/><E127/><V125/><F125/><W98/><G71/><T70/><D76/><U20/><E93/><V124/><F124/><W122/><G122/><T111/><D89/><U4/><REACH who="1" step="1"/><E83/><REACH who="1" ten="230,230,240,290" step="2"/><V85/><F41/><W1/><G92/><T86/><D40/><U32/><E32/><V12/><F37/><W36/><G82/><T27/><D35/><U7/><E7/><V28/><F104/><W55/><G36/><T49/><D112/><U16/><E16/><V38/><F107/><W135/><G19/><T105/><D105/><U23/><AGARI ba="0,1" hai="3,4,9,20,22,23,51,54,56,116,118,119,120,123" machi="23" ten="40,3900,0" yaku="1,1,0,1,53,0" doraHai="25" doraHaiUra="59" who="1" fromWho="1" sc="230,-13,230,49,240,-13,290,-13" /><INIT seed="1,1,0,4,0,89" ten="217,279,227,277" oya="1" hai0="122,103,12,44,111,26,92,119,30,101,11,64,118" hai1="18,88,76,105,57,1,54,25,41,19,69,115,81" hai2="94,126,39,35,106,17,31,42,83,97,120,133,132" hai3="87,50,123,113,128,43,77,34,71,75,23,47,102"/><U22/><E115/><V70/><F70/><W13/><G123/><T93/><D111/><U134/><E134/><V58/><F120/><W27/><G113/><T95/><D122/><U56/><E69/><V116/><F106/><W15/><G71/><T96/><D64/><U90/><E1/><V28/><F116/><W52/><G34/><T110/><D110/><U10/><E105/><V8/><F126/><W60/><G75/><T99/><D44/><U85/><E41/><V5/><F17/><W100/><G128/><T16/><D95/><U104/><E104/><V2/><F35/><AGARI ba="1,0" hai="11,12,16,26,30,35,92,93,96,99,101,103,118,119" machi="35" ten="30,8000,1" yaku="7,1,9,1,52,2,54,1" doraHai="89" who="0" fromWho="2" sc="217,83,279,0,227,-83,277,0" /><INIT seed="2,0,0,4,3,104" ten="300,279,144,277" oya="2" hai0="85,131,74,39,52,80,12,67,42,129,92,57,13" hai1="1,24,36,97,35,11,113,58,49,134,51,21,76" hai2="132,48,72,86,83,29,53,89,54,30,47,18,63" hai3="91,135,79,68,46,62,0,133,109,33,3,124,22"/><V101/><F132/><N who="3" m="50763" /><G33/><T77/><D67/><U81/><E113/><V70/><F101/><W28/><G109/><T71/><D71/><U127/><E134/><V31/><F18/><W7/><G124/><T95/><D42/><U120/><E127/><V34/><F34/><W106/><G106/><T108/><D39/><U100/><E120/><V6/><F6/><W26/><G79/><T25/><D25/><U64/><E35/><V43/><F70/><W128/><G128/><N who="0" m="49227" /><D108/><U32/><E32/><V27/><F27/><W61/><G91/><N who="0" m="53359" /><D95/><U117/><E36/><V82/><REACH who="2" step="1"/><F63/><AGARI ba="0,0" hai="12,13,52,57,63,74,77,80" m="53359,49227" machi="63" ten="30,3900,0" yaku="19,1,52,1,54,1" doraHai="104" who="0" fromWho="2" sc="300,39,279,0,144,-39,277,0" /><INIT seed="3,0,0,0,5,107" ten="339,279,105,277" oya="3" hai0="116,13,39,120,19,22,126,71,80,12,2,66,70" hai1="128,90,11,108,1,16,119,46,34,89,84,101,131" hai2="82,96,40,32,111,79,99,42,105,44,33,87,112" hai3="73,133,61,3,56,38,100,31,45,9,62,98,95"/><W102/><G133/><T135/><D2/><U14/><E108/><V113/><F111/><W94/><G31/><T52/><D39/><U24/><E119/><V0/><F0/><W118/><G118/><T103/><D103/><U88/><E101/><V23/><F105/><W85/><G73/><T93/><D93/><U106/><E106/><V130/><F23/><W49/><G38/><T25/><D120/><U110/><E110/><V18/><F18/><W20/><G3/><T10/><D80/><U41/><E1/><V60/><F82/><W5/><G20/><T81/><D81/><U124/><E124/><V58/><F87/><W37/><G37/><T4/><D13/><U36/><REACH who="1" step="1"/><E84/><REACH who="1" ten="339,269,105,277" step="2"/><V125/><F125/><W114/><G114/><T48/><D126/><U28/><AGARI ba="0,1" hai="11,14,16,24,28,34,36,41,46,88,89,90,128,131" machi="28" ten="30,8000,1" yaku="1,1,2,1,0,1,54,2,53,0" doraHai="107" doraHaiUra="92" who="1" fromWho="1" sc="339,-20,269,90,105,-20,277,-40" owari="319,11.9,359,45.9,85,-41.5,237,-16.3" /></mjloggm>