<mjloggm ver="2.3"><GO type="225" lobby="0"/><UN n0="%E9%80%86%E9%80%A3%E5%B8%AF%E3%81%AE%E9%AC%BC" n1="%E6%A1%9C%E8%8A%B1%E9%96%83%E3%80%85" n2="%E3%82%8F%E3%81%8B%E3%81%B0%2A%E3%82%AC%E3%83%BC%E3%83%AB" n3="%E3%81%BF%E3%81%BF%E3%81%9A" dan="16,17,16,17" rate="2054.32,2172.28,2102.37,2237.13" sx="M,M,M,M"/><TAIKYOKU oya="0"/><INIT seed="0,0,0,2,5,126" ten="250,250,250,250" oya="0" hai0="10,88,113,4,39,52,102,12,30,135,63,71,7" hai1="34,55,29,62,82,8,18,17,5,96,134,91,9" hai2="109,80,45,36,6,107,21,22,77,124,58,122,104" hai3="60,51,72,85,86,130,112,121,61,101,65,26,103"/><T57/><D113/><U105/><E134/><V54/><F122/><W64/><G72/><T97/><D135/><U27/><E82/><V49/><F124/><W114/><G51/><T119/><D119/><U48/><E62/><V79/><F109/><W66/><G26/><T128/><D39/><U118/><E118/><V23/><F6/><W125/><G125/><T76/><D71/><U14/><E9/><V37/><F79/><W110/><G65/><T132/><D76/><U56/><REACH who="1" step="1"/><E91/><REACH who="1" ten="250,240,250,250" step="2"/><V89/><F89/><W117/><G117/><T83/><D132/><U127/><E127/><V19/><F80/><W16/><G121/><T115/><D115/><U78/><E78/><V67/><F77/><W133/><G133/><T100/><D83/><U41/><E41/><V93/><F67/><W98/><G110/><T31/><D4/><U120/><E120/><V123/><F123/><W1/><G1/><T3/><D3/><U32/><E32/><V129/><F22/><W87/><G112/><T68/><D68/><U90/><E90/><V20/><F23/><W11/><G114/><T131/><D88/><U25/><E25/><V35/><F21/><W99/><G64/><T2/><D2/><U46/><E46/><V38/><F35/><W95/><G66/><T33/><D33/><U15/><E15/><V116/><F116/><W73/><G73/><T13/><D13/><U81/><E81/><V74/><F74/><W84/><N who="3" m="21504" /><DORA hai="75" /><W42/><G42/><T44/><D44/><U43/><E43/><V69/><F45/><W94/><G130/><N who="0" m="49707" /><D102/><AGARI ba="0,1" hai="5,8,14,17,18,27,29,34,48,55,56,96,102,105" machi="102" ten="40,5200,0" yaku="1,1,53,2" doraHai="126,75" doraHaiUra="0,28" who="1" fromWho="0" sc="250,-52,240,62,250,0,250,0" /><INIT seed="1,0,0,4,5,20" ten="198,302,250,250" oya="1" hai0="92,53,26,94,102,58,76,47,54,120,55,75,64" hai1="78,17,6,24,130,39,66,109,21,65,97,7,124" hai2="51,29,86,122,81,84,127,23,37,10,72,4,30" hai3="57,52,56,45,98,40,8,100,128,90,77,59,73"/><U110/><E39/><V131/><F122/><W1/><G128/><T107/><D120/><U12/><E130/><V50/><F37/><W13/><G1/><T88/><D107/><U5/><E124/><V126/><F131/><W89/><G77/><T32/><D102/><U133/><E133/><V48/><F72/><W14/><G73/><T28/><D47/><U119/><E119/><V125/><F23/><W79/><G79/><T44/><D44/><U132/><E132/><V123/><F123/><W70/><G70/><T41/><D41/><U62/><E78/><V60/><F60/><W19/><G14/><T116/><D116/><U101/><E12/><N who="2" m="5191" /><F86/><W3/><G3/><T105/><D105/><U38/><E38/><V25/><F25/><W22/><G8/><T82/><REACH who="0" step="1"/><D88/><AGARI ba="0,0" hai="29,30,48,50,51,81,84,88,125,126,127" m="5191" machi="88" ten="40,2600,0" yaku="18,1,54,1" doraHai="20" who="2" fromWho="0" sc="198,-26,302,0,250,26,250,0" /><INIT seed="2,0,0,3,1,118" ten="172,302,276,250" oya="2" hai0="88,26,33,82,61,41,74,43,114,54,115,44,11" hai1="14,103,113,97,132,0,84,73,7,127,72,105,102" hai2="106,18,37,80,91,86,23,46,83,57,100,20,112" hai3="34,95,90,89,79,64,108,107,119,6,10,24,2"/><V58/><F112/><W59/><G119/><T47/><D74/><U25/><E0/><V8/><F106/><W131/><G107/><T68/><D68/><U125/><E113/><V53/><F100/><W40/><G79/><T71/><D71/><U78/><E132/><V111/><F111/><W67/><G108/><T17/><D33/><U19/><E103/><V15/><F80/><W55/><G131/><T63/><D115/><U49/><E7/><V39/><F58/><W45/><G34/><T60/><D114/><U98/><E25/><V123/><F123/><W50/><G24/><T16/><D11/><N who="1" m="6623" /><E98/><V65/><F37/><W133/><G133/><T135/><D135/><U56/><E84/><V96/><F96/><W77/><G77/><T109/><D109/><U81/><E72/><V51/><F39/><W124/><G124/><N who="1" m="47690" /><E56/><V31/><F31/><W9/><G9/><T129/><D129/><U4/><E4/><V1/><F1/><W21/><G21/><T5/><D5/><U29/><E49/><V87/><F87/><W76/><G76/><T62/><D26/><U36/><E36/><V12/><F12/><W126/><G126/><T117/><D117/><U70/><E70/><V27/><F27/><W121/><G121/><T13/><D47/><U30/><AGARI ba="0,0" hai="29,30,73,78,81,97,102,105" m="47690,6623" machi="30" ten="30,1100,0" yaku="18,1" doraHai="118" who="1" fromWho="1" sc="172,-3,302,11,276,-5,250,-3" /><INIT seed="3,0,0,5,4,53" ten="169,313,271,247" oya="3" hai0="15,43,109,5,7,132,131,73,112,31,82,37,52" hai1="87,38,59,63,51,57,70,40,98,29,9,128,39" hai2="92,50,124,83,45,135,110,21,97,54,14,95,18" hai3="117,55,30,26,24,78,41,106,68,96,69,65,113"/><W0/><G113/><T35/><D132/><U114/><E114/><V34/><F135/><W47/><G117/><T94/><D112/><U133/><E133/><V80/><F110/><W77/><G0/><T11/><D131/><U33/><E87/><V111/><F111/><W22/><G55/><T81/><D109/><U3/><E98/><V1/><F1/><W71/><G65/><T90/><D73/><U4/><E70/><V16/><F34/><W125/><G125/><T123/><D123/><U60/><E51/><V86/><F124/><W120/><G120/><T61/><D5/><U134/><E40/><V46/><F46/><W88/><G26/><T99/><D31/><U122/><E128/><V2/><F2/><W20/><G22/><T103/><D35/><U67/><E122/><V19/><F83/><W84/><G96/><T75/><D75/><U130/><E130/><V126/><F95/><W8/><G8/><T62/><D62/><U6/><E6/><V76/><REACH who="2" step="1"/><F126/><REACH who="2" ten="169,313,261,247" step="2"/><W48/><REACH who="3" step="1"/><G106/><REACH who="3" ten="169,313,261,237" step="2"/><T25/><D103/><AGARI ba="0,2" hai="14,16,18,19,21,45,50,54,76,80,86,92,97,103" machi="103" ten="30,12000,2" yaku="1,1,2,1,7,1,8,1,54,1,53,1" doraHai="53" doraHaiUra="79" who="2" fromWho="0" sc="169,-120,313,0,261,140,237,0" owari="49,-45.1,313,11.3,401,50.1,237,-16.3" /></mjloggm>