<mjloggm ver="2.3"><GO type="225" lobby="0"/><UN n0="%E6%98%93%E5%88%A9%E8%96%A9%E4%BC%AF" n1="%33%74%72%65%65" n2="%72%61%6B%33" n3="%E7%B4%94%E6%BD%94%E3%83%94%E3%83%A9%E3%83%8B%E3%82%A2" dan="17,17,16,16" rate="2174.07,2173.98,2089.43,2149.18" sx="F,F,M,M"/><TAIKYOKU oya="0"/><INIT seed="0,0,0,4,0,124" ten="250,250,250,250" oya="0" hai0="16,58,73,2,129,83,17,35,71,52,89,45,125" hai1="37,10,108,115,7,39,44,126,42,104,62,54,59" hai2="127,34,61,38,24,131,85,88,74,130,28,13,70" hai3="48,20,46,78,101,68,40,12,67,30,107,94,51"/><T0/><D71/><U36/><E126/><V92/><F127/><W110/><G110/><T1/><D125/><U134/><E108/><V105/><F74/><W66/><G107/><T32/><D129/><N who="2" m="49162" /><F105/><W11/><G78/><T31/><D45/><U79/><E104/><V80/><F38/><W81/><G81/><T55/><D55/><U6/><E134/><V113/><F113/><W65/><G51/><T99/><D73/><U33/><E115/><V135/><F135/><W3/><G3/><T121/><D121/><U23/><E33/><V57/><F13/><W49/><G49/><T120/><D120/><U98/><E79/><N who="2" m="46239" /><F70/><W15/><G68/><T90/><D90/><U102/><E39/><V75/><F75/><W103/><G12/><T64/><D64/><U109/><E37/><V114/><F114/><W22/><G67/><T27/><D35/><U5/><E109/><V4/><F4/><W93/><G66/><T56/><D56/><U84/><E5/><V117/><F117/><W95/><G65/><T25/><D25/><U69/><E6/><V29/><F29/><W76/><G76/><T128/><D128/><U72/><E72/><V8/><F8/><W87/><G30/><T132/><D132/><U19/><E69/><V123/><F123/><W21/><G87/><T118/><D118/><U97/><E10/><V82/><F82/><W47/><G11/><T116/><D116/><U111/><E7/><V18/><F18/><W77/><G77/><T43/><D83/><U86/><E111/><V60/><F57/><W91/><G15/><T50/><D43/><RYUUKYOKU ba="0,0" sc="250,15,250,-15,250,15,250,-15" hai0="0,1,2,16,17,27,31,32,50,52,58,89,99" hai2="24,28,34,60,61,88,92" /><INIT seed="0,1,0,1,5,129" ten="265,235,265,235" oya="0" hai0="115,70,66,113,83,58,87,93,109,69,40,27,95" hai1="37,6,119,125,104,34,42,131,0,55,14,47,96" hai2="134,62,89,59,64,127,12,52,112,88,32,15,65" hai3="101,108,135,74,18,100,3,48,16,81,11,98,24"/><T90/><D109/><U19/><E119/><V30/><F112/><W21/><G108/><T120/><D120/><U92/><E131/><V2/><F2/><W23/><G135/><T43/><D58/><U57/><E125/><V17/><F134/><W80/><G74/><T86/><D27/><U51/><E34/><V123/><F123/><W118/><G118/><T44/><D66/><U124/><E124/><V31/><F127/><W26/><G48/><T72/><D72/><U29/><E29/><N who="2" m="10763" /><F32/><W97/><G3/><T25/><D25/><U85/><E104/><V33/><F33/><W7/><G11/><T76/><D95/><U63/><E0/><V13/><F17/><W38/><G38/><T73/><D73/><U105/><E105/><V133/><F133/><W102/><G7/><T41/><REACH who="0" step="1"/><D44/><REACH who="0" ten="255,235,265,235" step="2"/><U99/><E63/><V22/><F22/><W36/><G36/><T68/><AGARI ba="1,1" hai="40,41,43,68,69,70,76,83,86,87,90,93,113,115" machi="68" ten="40,7800,0" yaku="1,1,2,1,0,1,53,0" doraHai="129" doraHaiUra="61" who="0" fromWho="0" sc="255,91,235,-27,265,-27,235,-27" /><INIT seed="0,2,0,1,1,97" ten="346,208,238,208" oya="0" hai0="39,51,73,26,79,5,55,133,126,125,81,47,6" hai1="120,72,0,9,75,108,109,69,22,48,23,70,100" hai2="1,88,82,112,96,10,134,105,84,52,13,121,98" hai3="80,67,89,103,90,43,65,107,57,122,135,74,56"/><T131/><D131/><U104/><E48/><V64/><F121/><W45/><G122/><T7/><D133/><U114/><E120/><V2/><F134/><W11/><G135/><T119/><D119/><U106/><E9/><V15/><F112/><W118/><G118/><T29/><REACH who="0" step="1"/><D39/><REACH who="0" ten="336,208,238,208" step="2"/><U18/><E114/><V3/><F64/><W46/><G65/><T128/><D128/><U61/><E109/><V110/><F110/><W34/><G67/><T27/><D27/><U71/><E108/><V17/><F105/><W124/><G107/><T31/><D31/><U115/><E106/><V102/><F102/><W99/><G103/><T50/><D50/><U111/><E100/><V95/><F82/><W129/><G80/><T91/><D91/><U117/><E104/><V20/><REACH who="2" step="1"/><F52/><REACH who="2" ten="336,208,228,208" step="2"/><W85/><G129/><T101/><D101/><U8/><E111/><V42/><F42/><W87/><G43/><T123/><D123/><U59/><E115/><V28/><F28/><W92/><G92/><T44/><D44/><U86/><E117/><V49/><F49/><W40/><G40/><T127/><D127/><U94/><E69/><V16/><AGARI ba="2,2" hai="1,2,3,10,13,15,16,17,20,84,88,95,96,98" machi="16" ten="40,8000,1" yaku="1,1,0,1,54,2,53,0" doraHai="97" doraHaiUra="76" who="2" fromWho="2" sc="336,-42,208,-22,228,106,208,-22" /><INIT seed="1,0,0,4,3,45" ten="294,186,334,186" oya="1" hai0="93,74,119,106,12,17,88,67,63,55,78,35,90" hai1="6,130,89,113,69,114,117,61,47,94,48,135,10" hai2="112,107,92,19,132,3,84,14,99,40,87,7,98" hai3="120,72,81,102,25,8,30,43,26,77,100,103,96"/><U18/><E117/><V86/><F132/><W131/><G120/><T116/><D106/><U101/><E135/><V125/><F125/><W126/><G126/><T80/><D35/><U60/><E130/><V82/><F3/><W2/><G131/><T37/><D37/><U97/><E18/><V0/><F0/><W83/><G83/><T28/><D28/><U53/><E69/><V129/><F7/><W64/><G64/><T85/><D90/><U127/><E127/><V128/><F40/><W123/><G123/><T11/><REACH who="0" step="1"/><D55/><REACH who="0" ten="284,186,334,186" step="2"/><U1/><REACH who="1" step="1"/><E89/><REACH who="1" ten="284,176,334,186" step="2"/><V46/><F128/><W91/><G91/><T39/><D39/><U38/><E38/><V56/><F129/><W15/><G30/><T59/><AGARI ba="0,2" hai="11,12,17,59,63,67,74,78,80,85,88,93,116,119" machi="59" ten="20,12000,2" yaku="1,1,0,1,7,1,54,1,53,2" doraHai="45" doraHaiUra="115" who="0" fromWho="0" sc="284,140,176,-60,334,-30,186,-30" /><INIT seed="2,0,0,5,0,27" ten="424,116,304,156" oya="2" hai0="125,129,88,122,18,58,82,16,55,84,115,99,110" hai1="9,57,91,96,38,56,128,51,90,46,65,120,116" hai2="79,68,22,126,39,89,7,20,15,24,107,86,69" hai3="4,132,109,61,6,98,135,63,85,11,117,111,32"/><V3/><F39/><W112/><G32/><T100/><D115/><U134/><E116/><V64/><F107/><W42/><G117/><T121/><D110/><N who="3" m="41993" /><G112/><T93/><D129/><U75/><E128/><V14/><F3/><W25/><G42/><T36/><D36/><U71/><E75/><V83/><F126/><W12/><G25/><T113/><D113/><U92/><E120/><V77/><F20/><W8/><G85/><T19/><REACH who="0" step="1"/><D125/><REACH who="0" ten="414,116,304,156" step="2"/><U108/><E38/><V21/><F68/><W2/><G98/><T52/><D52/><U130/><E96/><V26/><F69/><W48/><G48/><AGARI ba="0,1" hai="16,18,19,48,55,58,82,84,88,93,99,100,121,122" machi="48" ten="40,5200,0" yaku="1,1,54,2,53,0" doraHai="27" doraHaiUra="74" who="0" fromWho="3" sc="414,62,116,0,304,0,156,-52" /><INIT seed="3,0,0,1,0,117" ten="476,116,304,104" oya="3" hai0="49,128,110,98,59,32,58,4,118,43,106,52,121" hai1="5,126,94,23,27,51,111,29,76,70,3,81,45" hai2="122,18,105,38,124,115,15,48,80,97,6,134,73" hai3="36,33,86,46,22,7,64,85,21,17,10,63,104"/><W87/><G104/><T103/><D118/><U19/><E111/><V90/><F38/><W34/><G46/><T75/><D121/><U68/><E126/><V100/><F124/><W102/><G102/><T116/><D110/><U91/><E3/><V41/><F134/><W60/><G36/><T133/><D128/><U44/><E5/><V61/><F61/><W113/><G113/><T11/><D32/><U112/><E112/><V114/><F6/><W67/><G10/><T71/><D71/><U132/><E132/><V77/><F122/><W82/><G7/><T66/><D75/><U2/><E2/><V1/><F1/><W65/><G82/><T9/><D43/><U13/><E76/><V72/><F72/><W12/><REACH who="3" step="1"/><G21/><REACH who="3" ten="476,116,304,94" step="2"/><T127/><D133/><U99/><E81/><N who="2" m="45231" /><F105/><W88/><G88/><T119/><D127/><U69/><REACH who="1" step="1"/><E51/><REACH who="1" ten="476,106,304,94" step="2"/><V56/><F48/><W35/><AGARI ba="0,2" hai="12,17,22,33,34,35,60,63,64,65,67,85,86,87" machi="35" ten="40,12000,1" yaku="1,1,0,1,29,2,53,0" doraHai="117" doraHaiUra="40" who="3" fromWho="3" sc="476,-40,106,-40,304,-40,94,140" /><INIT seed="3,1,0,1,1,53" ten="436,66,264,234" oya="3" hai0="46,103,86,92,31,113,121,128,48,12,99,96,29" hai1="43,0,132,124,1,59,56,68,84,90,22,125,133" hai2="75,115,3,57,91,55,26,122,134,104,42,13,118" hai3="28,135,79,129,30,6,71,108,25,64,110,19,15"/><W76/><G6/><T58/><D121/><U44/><E22/><V40/><F115/><W95/><G135/><N who="1" m="51786" /><E84/><V126/><F126/><N who="1" m="48745" /><E90/><V120/><F3/><W105/><G105/><T93/><D58/><N who="1" m="22059" /><E1/><V117/><F91/><W17/><G95/><T34/><D34/><U47/><E0/><V35/><F104/><W32/><G15/><T119/><D46/><N who="1" m="17451" /><E43/><V82/><F40/><W63/><G28/><T10/><D48/><U52/><E52/><V74/><F55/><W78/><REACH who="3" step="1"/><G129/><REACH who="3" ten="436,66,264,224" step="2"/><T70/><D128/><U65/><E65/><V61/><F13/><W45/><G45/><T102/><D93/><U2/><E2/><V37/><F42/><W33/><G33/><T54/><D92/><U72/><E72/><V94/><F74/><W97/><G97/><T116/><D99/><U80/><E80/><V77/><F82/><W36/><G36/><T107/><D96/><U50/><E50/><V123/><F37/><W51/><G51/><T114/><D12/><U85/><E85/><V49/><F94/><W24/><G24/><T8/><D86/><U39/><E39/><V7/><F49/><W112/><G112/><T62/><D107/><U41/><E41/><V89/><F134/><W66/><G66/><T131/><D113/><U23/><E23/><V130/><F122/><W38/><G38/><T21/><D131/><U88/><E88/><V20/><F123/><W98/><G98/><T81/><D31/><U14/><E14/><V4/><F120/><W127/><G127/><T9/><D114/><U18/><E18/><AGARI ba="1,1" hai="17,18,19,25,30,32,63,64,71,76,78,79,108,110" machi="18" ten="40,2000,0" yaku="1,1,53,0" doraHai="53" doraHaiUra="106" who="3" fromWho="1" sc="436,0,66,-23,264,0,224,33" /><INIT seed="3,2,0,1,3,16" ten="436,43,264,257" oya="3" hai0="133,97,88,42,94,58,113,63,134,108,93,126,110" hai1="125,73,54,50,86,106,135,45,35,123,48,44,56" hai2="76,1,74,36,21,18,37,20,12,33,114,82,101" hai3="26,89,98,22,0,103,111,30,8,38,120,92,24"/><W116/><G120/><T130/><D126/><U96/><E123/><V31/><F114/><W129/><G116/><T115/><D130/><U71/><E73/><V14/><F1/><W59/><G129/><T121/><D121/><U62/><E35/><V119/><F119/><W32/><G38/><T15/><D42/><U17/><E86/><V55/><F33/><W25/><G111/><N who="0" m="42539" /><D15/><U65/><E125/><V112/><F112/><N who="0" m="43082" /><D94/><U66/><E17/><V47/><F12/><W53/><G32/><T90/><D90/><U40/><E96/><V6/><F14/><W72/><G72/><T41/><D41/><U83/><E83/><V69/><F82/><W13/><G0/><T127/><D127/><U28/><E28/><V104/><F31/><W23/><G30/><T61/><D61/><U67/><E106/><V11/><F104/><W34/><G34/><T57/><D57/><U10/><E10/><V9/><F11/><W68/><G89/><T7/><D7/><U87/><E87/><V105/><F6/><N who="3" m="3223" /><G68/><T84/><D84/><U43/><E135/><V19/><F9/><W85/><G85/><T29/><D29/><U75/><E75/><V124/><F74/><W100/><G100/><T81/><D81/><U64/><E64/><AGARI ba="2,0" hai="58,63,64,88,93,97,133,134" m="43082,42539" machi="64" ten="30,3900,0" yaku="14,1,11,1,54,1" doraHai="16" who="0" fromWho="1" sc="436,45,43,-45,264,0,257,0" owari="481,58.1,-2,-50.2,264,6.4,257,-14.3" /></mjloggm>