<mjloggm ver="2.3"><GO type="225" lobby="0"/><UN n0="%72%65%6E%6B%75%6E" n1="%E3%83%81%E3%83%83%E3%82%BF%E3%82%BD%E3%83%BC" n2="%4C%4F%4C%49%54%41" n3="%6C%61%6D%62" dan="17,16,16,16" rate="2242.85,2094.24,2210.59,2232.46" sx="M,F,F,M"/><TAIKYOKU oya="0"/><INIT seed="0,0,0,0,2,1" ten="250,250,250,250" oya="0" hai0="43,45,89,46,84,98,127,104,18,15,95,71,25" hai1="26,83,119,122,33,69,56,10,113,39,66,35,118" hai2="101,57,40,74,80,9,38,8,96,64,94,60,73" hai3="11,0,90,67,27,47,13,77,125,79,19,102,36"/><T21/><D127/><U22/><E39/><V135/><F135/><W2/><G125/><T63/><D71/><U88/><E122/><V58/><F58/><W116/><G116/><T30/><D63/><U12/><E69/><V65/><F65/><W28/><G102/><T49/><D46/><U54/><E66/><V93/><F93/><W52/><G67/><T23/><REACH who="0" step="1"/><D104/><REACH who="0" ten="240,250,250,250" step="2"/><U133/><E133/><V107/><F107/><W86/><G47/><T111/><D111/><U78/><E113/><V14/><F60/><W126/><G126/><T82/><D82/><U100/><E118/><V48/><F80/><W128/><G36/><T51/><D51/><U37/><E37/><V61/><F38/><W68/><G68/><T106/><D106/><U117/><E119/><V41/><F48/><W70/><G70/><T55/><D55/><U81/><E54/><V91/><F64/><W75/><G52/><T31/><D31/><U59/><E117/><V108/><F108/><W85/><G28/><T99/><AGARI ba="0,1" hai="15,18,21,23,25,30,43,45,49,84,89,95,98,99" machi="99" ten="30,6000,0" yaku="1,1,0,1,8,1,53,0" doraHai="1" doraHaiUra="129" who="0" fromWho="0" sc="240,70,250,-20,250,-20,250,-20" /><INIT seed="0,1,0,4,4,41" ten="310,230,230,230" oya="0" hai0="34,21,99,103,26,113,76,58,55,40,61,80,107" hai1="98,25,77,30,124,78,68,13,14,121,39,11,133" hai2="116,88,49,112,54,119,129,33,114,79,18,6,90" hai3="74,101,17,91,45,104,69,31,48,63,94,62,128"/><T106/><D113/><U132/><E121/><V8/><F33/><W66/><G128/><T126/><D126/><U130/><E68/><V65/><F65/><W3/><G3/><T73/><D40/><U110/><E110/><V15/><F79/><W120/><G120/><T115/><D115/><N who="2" m="44074" /><F6/><W108/><G74/><T51/><D34/><U111/><E111/><V84/><F129/><W67/><G31/><T117/><D117/><N who="2" m="45130" /><F84/><W22/><G101/><T95/><REACH who="0" step="1"/><D61/><REACH who="0" ten="300,230,230,230" step="2"/><U60/><E60/><N who="3" m="23082" /><G69/><T1/><D1/><U97/><E124/><V135/><F135/><W89/><G108/><T59/><D59/><AGARI ba="1,1" hai="8,15,18,49,54,59,88,90" m="45130,44074" machi="59" ten="30,2000,0" yaku="12,1,54,1" doraHai="41" who="2" fromWho="0" sc="300,-23,230,0,230,33,230,0" /><INIT seed="1,0,0,0,3,92" ten="277,230,263,230" oya="1" hai0="84,35,21,59,128,9,126,85,26,14,124,66,107" hai1="53,41,48,100,55,97,99,106,127,112,56,1,2" hai2="65,17,27,129,43,120,77,87,113,68,115,40,5" hai3="45,8,33,89,135,28,29,37,131,81,114,51,3"/><U22/><E127/><N who="0" m="48681" /><D107/><U125/><E125/><V20/><F120/><W38/><G114/><N who="2" m="43529" /><F129/><W6/><G131/><T134/><D35/><U19/><E112/><V31/><F5/><W110/><G110/><T63/><D128/><U132/><E132/><V130/><F130/><W64/><G135/><T73/><D73/><U42/><E2/><V57/><F68/><W72/><G64/><T91/><D91/><U98/><E1/><V47/><F47/><W109/><G109/><T61/><D61/><N who="1" m="35983" /><E100/><V12/><F57/><W50/><G50/><T25/><D134/><U46/><E106/><V103/><F103/><W88/><G72/><T58/><D58/><U79/><E79/><V117/><F65/><W119/><G119/><T76/><D76/><U94/><E94/><V4/><F4/><W36/><G33/><T133/><D133/><U123/><E123/><V90/><F77/><W75/><G75/><T60/><D60/><U82/><E82/><N who="2" m="49527" /><F117/><W111/><G111/><T116/><D116/><U44/><E44/><V11/><AGARI ba="0,0" hai="11,12,17,20,27,31,40,43" m="49527,43529" machi="11" ten="30,1100,0" yaku="11,1" doraHai="92" who="2" fromWho="2" sc="277,-3,230,-5,263,11,230,-3" /><INIT seed="2,0,0,3,0,106" ten="274,225,274,227" oya="2" hai0="117,43,85,2,58,21,80,120,75,33,89,17,76" hai1="66,99,23,54,36,45,116,111,74,13,92,63,112" hai2="0,132,119,28,35,1,122,81,27,126,129,24,77" hai3="10,115,5,127,4,55,60,64,37,128,31,123,53"/><V38/><F119/><W101/><G123/><T73/><D120/><U83/><E111/><V67/><F122/><W14/><G37/><T44/><D33/><U72/><E112/><V8/><F129/><W48/><G128/><T108/><D2/><U105/><E105/><V100/><F126/><W93/><G115/><T65/><D108/><U130/><E130/><V96/><F132/><W12/><G31/><T34/><D34/><U61/><E83/><V110/><F110/><W46/><G127/><T124/><D124/><U57/><E116/><V20/><F8/><N who="3" m="4367" /><G64/><T103/><D103/><U121/><E121/><V19/><F67/><W79/><G79/><T69/><D69/><U52/><E54/><V59/><F59/><N who="3" m="34943" /><G93/><T97/><D97/><U134/><E134/><V49/><F49/><W9/><G9/><T114/><D114/><U51/><E36/><V71/><F71/><W109/><G109/><T62/><D76/><U68/><E63/><V25/><F38/><W90/><G90/><T86/><D86/><U131/><E131/><V135/><F135/><W104/><G104/><T88/><D89/><U22/><E68/><V29/><F29/><W87/><G87/><T56/><D56/><U113/><E113/><V7/><F0/><W26/><G26/><N who="2" m="10345" /><F1/><W30/><G30/><T84/><D84/><U47/><E45/><V98/><F100/><AGARI ba="0,0" hai="4,10,12,46,48,53,100,101" m="34943,4367" machi="100" ten="30,1000,0" yaku="8,1" doraHai="106" who="3" fromWho="2" sc="274,0,225,0,274,-10,227,10" /><INIT seed="3,0,0,4,4,28" ten="274,225,264,237" oya="3" hai0="124,101,52,54,81,77,98,3,127,51,110,82,19" hai1="72,125,20,17,75,108,94,26,89,132,96,6,62" hai2="67,88,34,106,112,13,40,36,30,118,42,102,130" hai3="87,84,61,131,74,134,126,69,107,44,53,1,7"/><W64/><G74/><T15/><D3/><U8/><E108/><V121/><F118/><W29/><G107/><N who="0" m="63927" /><D110/><U71/><E125/><N who="0" m="48201" /><D51/><U12/><REACH who="1" step="1"/><E132/><REACH who="1" ten="274,215,264,237" step="2"/><V35/><F112/><W135/><G126/><T68/><D68/><U83/><E83/><N who="0" m="31753" /><D77/><U9/><E9/><AGARI ba="0,1" hai="9,15,19,52,54" m="31753,48201,63927" machi="9" ten="30,2000,0" yaku="18,1,54,1" doraHai="28" who="0" fromWho="1" sc="274,30,215,-20,264,0,237,0" owari="304,40.4,195,-30.5,264,6.4,237,-16.3" /></mjloggm>