<mjloggm ver="2.3"><GO type="225" lobby="0"/><UN n0="%E3%83%96%E3%83%83%E3%83%91%E3%82%AA%E3%83%96%E3%83%81%E3%82%AD%E3%83%B3" n1="%E3%81%A4%E3%81%A3%E3%81%B1%E3%82%8A%E3%83%9D%E3%83%BC%E3%83%AB" n2="%E6%9D%B1%E9%A2%A8%E3%81%AE%E3%81%8D%E3%82%83%E3%81%B7%E3%81%95%E3%82%93" n3="%E3%81%A4%E3%81%AE%E3%81%A0%E2%98%86%E3%81%B2%E3%82%8D" dan="16,17,16,16" rate="2162.14,2261.18,2148.30,2159.68" sx="M,M,M,M"/><TAIKYOKU oya="0"/><INIT seed="0,0,0,4,0,113" ten="250,250,250,250" oya="0" hai0="88,68,6,37,71,51,123,54,4,7,2,73,108" hai1="14,48,70,64,120,104,41,78,125,65,3,30,129" hai2="63,11,134,50,79,133,47,32,58,107,8,66,19" hai3="97,95,39,56,42,128,12,77,25,100,53,74,86"/><T9/><D123/><U103/><E3/><V17/><F107/><W112/><G112/><T1/><D73/><U109/><E120/><V99/><F99/><W76/><G128/><T59/><D37/><U34/><E78/><V122/><F79/><W60/><G74/><T119/><D108/><U38/><E48/><V131/><F32/><W98/><G86/><T90/><D119/><U80/><E80/><V43/><F122/><W130/><G130/><T10/><REACH who="0" step="1"/><D6/><REACH who="0" ten="240,250,250,250" step="2"/><U101/><E38/><V20/><F131/><W84/><G39/><T91/><AGARI ba="0,1" hai="1,2,4,7,9,10,51,54,59,68,71,88,90,91" machi="91" ten="30,12000,1" yaku="1,1,2,1,0,1,9,1,54,1,53,0" doraHai="113" doraHaiUra="75" who="0" fromWho="0" sc="240,130,250,-40,250,-40,250,-40" /><INIT seed="0,1,0,5,3,82" ten="370,210,210,210" oya="0" hai0="25,65,21,127,126,118,108,95,100,128,91,115,11" hai1="56,35,46,129,15,43,81,101,18,94,39,12,62" hai2="36,22,23,57,86,117,97,30,9,133,34,85,33" hai3="13,77,38,44,124,24,132,103,73,55,113,1,8"/><T76/><D115/><U67/><E129/><V26/><F36/><W29/><G113/><T41/><D118/><U28/><E35/><V45/><F117/><W96/><G132/><T3/><D65/><U58/><E28/><V80/><F133/><W72/><G124/><N who="0" m="47659" /><D128/><U93/><E101/><V5/><F34/><W123/><G123/><T105/><D41/><U52/><E81/><V64/><F45/><W7/><G77/><T83/><D108/><U4/><E4/><V98/><F33/><W50/><G1/><T17/><D100/><U75/><E75/><V37/><F37/><W60/><G60/><T51/><D51/><U20/><REACH who="1" step="1"/><E12/><REACH who="1" ten="370,200,210,210" step="2"/><N who="2" m="5167" /><F22/><W89/><G103/><T119/><D119/><U135/><E135/><V90/><F64/><W134/><G134/><T48/><D21/><U78/><E78/><N who="2" m="46231" /><F57/><W104/><G72/><T102/><D76/><U131/><E131/><V121/><F121/><W40/><G73/><T99/><D3/><U79/><E79/><V111/><F111/><W84/><G29/><T61/><D11/><U130/><E130/><V120/><F120/><W49/><G8/><T47/><D102/><U68/><E68/><V74/><F74/><W87/><G7/><T63/><D83/><AGARI ba="1,1" hai="23,26,30,83,86,90,97,98" m="46231,5167" machi="83" ten="30,3900,0" yaku="8,1,52,2" doraHai="82" who="2" fromWho="0" sc="370,-42,200,0,210,52,210,0" /><INIT seed="1,0,0,2,2,122" ten="328,200,262,210" oya="1" hai0="43,117,64,107,38,26,45,125,87,17,97,75,72" hai1="59,76,73,104,36,1,102,53,127,105,91,41,82" hai2="78,83,54,96,123,130,28,58,70,34,90,12,14" hai3="110,131,109,120,67,69,60,98,52,16,118,62,112"/><U92/><E127/><V24/><F70/><W114/><G120/><T85/><D117/><U4/><E102/><V23/><F123/><W25/><G118/><T84/><D125/><U50/><E4/><V63/><F130/><W89/><G131/><T13/><D26/><U19/><E1/><V7/><F34/><W51/><G62/><T129/><D129/><U111/><E111/><N who="3" m="42506" /><G89/><T37/><D37/><U11/><E41/><V77/><F7/><W132/><G132/><T48/><D64/><U106/><E36/><V40/><F40/><W3/><G98/><T2/><D2/><U20/><E11/><V21/><F21/><N who="3" m="13479" /><G3/><T100/><D38/><U18/><REACH who="1" step="1"/><E20/><REACH who="1" ten="328,190,262,210" step="2"/><V29/><F29/><W65/><G65/><T15/><D100/><U128/><E128/><V5/><F5/><W126/><G126/><T94/><D43/><U124/><E124/><V93/><REACH who="2" step="1"/><F77/><REACH who="2" ten="328,190,252,210" step="2"/><W116/><G116/><T55/><D17/><U121/><E121/><V0/><F0/><W56/><AGARI ba="0,2" hai="51,52,56,60,67,69,112,114" m="13479,42506" machi="56" ten="30,12000,2" yaku="14,1,52,3,54,2" doraHai="122" who="3" fromWho="3" sc="328,-30,190,-60,252,-30,210,140" /><INIT seed="2,0,0,3,0,124" ten="298,130,222,350" oya="2" hai0="35,34,64,26,120,61,8,76,125,97,47,71,7" hai1="16,107,106,101,110,21,39,53,83,59,22,43,33" hai2="93,82,20,132,10,119,11,131,92,45,70,5,32" hai3="36,81,87,9,118,25,114,14,57,130,74,95,17"/><V80/><F70/><W56/><G36/><T102/><D125/><U122/><E33/><V78/><F32/><W85/><G118/><T38/><D120/><U15/><E122/><V117/><F45/><W89/><G114/><T77/><D77/><U121/><E121/><V112/><F20/><N who="3" m="13455" /><G130/><T126/><D126/><U108/><E83/><V27/><F27/><W6/><G74/><T84/><D84/><U103/><E43/><V60/><F60/><W129/><G129/><T86/><D86/><U31/><E39/><V46/><F46/><W2/><G2/><N who="0" m="119" /><D76/><AGARI ba="0,0" hai="6,9,14,56,57,76,81,85,87,89,95" m="13455" machi="76" ten="30,1000,0" yaku="8,1" doraHai="124" who="3" fromWho="0" sc="298,-10,130,0,222,0,350,10" /><INIT seed="3,0,0,2,0,85" ten="288,130,222,360" oya="3" hai0="75,34,2,13,129,70,58,48,97,81,44,37,72" hai1="47,53,80,69,14,43,120,67,4,114,52,23,76" hai2="8,105,50,39,35,73,100,56,91,68,90,71,5" hai3="30,10,117,98,40,26,54,131,38,115,0,31,102"/><W21/><G115/><T93/><D2/><U1/><E120/><V119/><F35/><W118/><G31/><T128/><D34/><U125/><E125/><V89/><F73/><W6/><G131/><N who="0" m="50251" /><D70/><U77/><E114/><V95/><F39/><W65/><G65/><T83/><D37/><U63/><E1/><V104/><F119/><W107/><G54/><N who="0" m="29959" /><D13/><U41/><E41/><V60/><F50/><W101/><G101/><N who="0" m="60591" /><D58/><U25/><E14/><V62/><F95/><W111/><G111/><T87/><D83/><U59/><E4/><V32/><F32/><W94/><G107/><T22/><D22/><U49/><E80/><V106/><F100/><W19/><G30/><T96/><D96/><U57/><E57/><V132/><F132/><W66/><G66/><T3/><D3/><U134/><E134/><V92/><F92/><W24/><G24/><T27/><D27/><U42/><E53/><V127/><F127/><W51/><G38/><T11/><D11/><U133/><E133/><V12/><REACH who="2" step="1"/><F56/><REACH who="2" ten="288,130,212,360" step="2"/><W29/><G117/><T7/><D7/><U79/><REACH who="1" step="1"/><E69/><AGARI ba="0,1" hai="5,8,12,60,62,68,69,71,89,90,91,104,105,106" machi="69" ten="50,8000,1" yaku="1,1,2,1,52,3,53,0" doraHai="85" doraHaiUra="18" who="2" fromWho="1" sc="288,0,130,-80,212,90,360,0" owari="288,-11.2,50,-45.0,302,10.2,360,46.0" /></mjloggm>