<mjloggm ver="2.3"><GO type="225" lobby="0"/><UN n0="%6D%61%74%69%67%75%73%61" n1="%E3%83%B4%E3%82%A3%E3%83%AF%E3%82%B3%E3%82%B0%E3%83%8B" n2="%E6%98%93%E5%88%A9%E8%96%A9%E4%BC%AF" n3="%E3%83%A9%E3%82%A4%E3%83%B3%E3%81%AE%E8%99%8E" dan="16,16,16,16" rate="2117.01,2223.19,2133.79,2154.35" sx="M,M,F,M"/><TAIKYOKU oya="0"/><INIT seed="0,0,0,4,1,110" ten="250,250,250,250" oya="0" hai0="64,89,82,108,83,125,79,78,11,3,72,133,23" hai1="48,0,88,107,21,126,31,18,91,69,29,129,81" hai2="39,128,38,98,70,114,87,93,106,1,115,43,75" hai3="117,7,47,17,116,53,123,135,63,41,35,5,124"/><T37/><D37/><N who="2" m="13834" /><F93/><W13/><G35/><T8/><D64/><U80/><E129/><V51/><F87/><W45/><G124/><T61/><D133/><U20/><E126/><V59/><F59/><N who="3" m="35311" /><G117/><T62/><D108/><U36/><E36/><V99/><F51/><N who="3" m="27055" /><G116/><T85/><D125/><U105/><E0/><V121/><F43/><W127/><G135/><T57/><D3/><U84/><E69/><V15/><F15/><W132/><G132/><T67/><D61/><U30/><E48/><V4/><F99/><W65/><G65/><T42/><D42/><U120/><E120/><V32/><F121/><W26/><G127/><T55/><D67/><U96/><E20/><V101/><F70/><W100/><G47/><T77/><D72/><U44/><E44/><V16/><F16/><W68/><G68/><T134/><D134/><U6/><E6/><V27/><F128/><W95/><G26/><T34/><D34/><U109/><E109/><V71/><F71/><W33/><G33/><T113/><D62/><U49/><E49/><V122/><F75/><W102/><G123/><T22/><D57/><U14/><E96/><V46/><F46/><W54/><G54/><T58/><D55/><U112/><E112/><N who="2" m="43051" /><F122/><W28/><G28/><T118/><D113/><U103/><E103/><N who="3" m="39466" /><G95/><N who="0" m="54703" /><D118/><U12/><E12/><V130/><F130/><W104/><G5/><T24/><D58/><U9/><E21/><N who="0" m="7689" /><D24/><U76/><REACH who="1" step="1"/><E91/><REACH who="1" ten="250,240,250,250" step="2"/><V90/><F90/><W119/><G7/><T2/><D2/><U50/><E50/><V97/><F1/><W66/><G119/><T10/><AGARI ba="0,1" hai="8,10,11,77,78,79,82,83" m="7689,54703" machi="10" ten="40,3900,0" yaku="5,1,8,1" doraHai="110" who="0" fromWho="0" sc="250,49,240,-13,250,-13,250,-13" /><INIT seed="0,1,0,1,4,74" ten="299,227,237,237" oya="0" hai0="2,25,92,34,49,19,75,7,42,126,48,87,27" hai1="33,16,58,125,65,95,39,80,66,109,0,119,52" hai2="97,68,41,111,123,93,120,101,37,59,1,13,9" hai3="124,91,73,127,85,115,21,88,98,99,117,14,69"/><T102/><D75/><U112/><E119/><V132/><F111/><W50/><G69/><T32/><D102/><U77/><E109/><V105/><F132/><W108/><G73/><T6/><D92/><U83/><E33/><V86/><F68/><W129/><G108/><T121/><D87/><N who="1" m="48527" /><E0/><V43/><F1/><W60/><G117/><T24/><D2/><U79/><E39/><V72/><F72/><W76/><G115/><T11/><D42/><U118/><E118/><V8/><F8/><W103/><G129/><T47/><D47/><U17/><E112/><V104/><F59/><W12/><G60/><T82/><D82/><U134/><E134/><V54/><F54/><W71/><G71/><T5/><D126/><N who="3" m="48169" /><G50/><T81/><D81/><U38/><E38/><V29/><F29/><W113/><G113/><T106/><D106/><U35/><E35/><V20/><F104/><N who="3" m="63607" /><G21/><T45/><D45/><U70/><E70/><V67/><F20/><W90/><G99/><T131/><D48/><N who="1" m="30983" /><E95/><V53/><F37/><W22/><G22/><T10/><D49/><U116/><E116/><V15/><F93/><W84/><G76/><T44/><D44/><U114/><E114/><V64/><F105/><W57/><G57/><T56/><D56/><U4/><E125/><V3/><F123/><W30/><G30/><T100/><D32/><U28/><E28/><V130/><F120/><W61/><G61/><T46/><D121/><U78/><E78/><V40/><F130/><W51/><G51/><T62/><D34/><U133/><E133/><V23/><F41/><W122/><G122/><RYUUKYOKU ba="1,0" sc="299,-10,227,-10,237,-10,237,30" hai3="12,14,84,85,88,90,91" /><INIT seed="1,2,0,1,1,1" ten="289,217,227,267" oya="1" hai0="34,14,22,9,103,6,106,36,81,99,28,31,35" hai1="13,5,101,120,33,24,117,48,78,76,47,75,92" hai2="16,90,127,30,129,87,41,66,132,108,124,72,63" hai3="60,42,96,3,67,94,2,112,114,4,115,59,128"/><U50/><E117/><V79/><F108/><W19/><G128/><T12/><D36/><U17/><E120/><V0/><F30/><W126/><G126/><N who="2" m="48169" /><F41/><W113/><N who="3" m="28672" /><DORA hai="119" /><W43/><G19/><T54/><D54/><U131/><E131/><V82/><F132/><W58/><G58/><T39/><D39/><U65/><E65/><V74/><F0/><W25/><G25/><T15/><D81/><U134/><E134/><V62/><F129/><W38/><G4/><T57/><D57/><U111/><E111/><V122/><F122/><W27/><G27/><T26/><REACH who="0" step="1"/><D31/><REACH who="0" ten="279,217,227,267" step="2"/><U83/><E83/><N who="2" m="49535" /><F66/><W85/><G38/><T55/><D55/><U46/><E50/><V95/><F74/><W40/><REACH who="3" step="1"/><G85/><REACH who="3" ten="279,217,227,257" step="2"/><T29/><D29/><U64/><E75/><V104/><F72/><W61/><G61/><T80/><D80/><U125/><E125/><V88/><F63/><W20/><G20/><T21/><D21/><N who="1" m="13359" /><E48/><V73/><F62/><W109/><G109/><T10/><D10/><N who="1" m="4303" /><E64/><V8/><F8/><W135/><G135/><T7/><D7/><U93/><E33/><AGARI ba="2,2" hai="6,9,12,14,15,22,26,28,33,34,35,99,103,106" machi="33" ten="40,5200,0" yaku="1,1,52,1,53,1" doraHai="1,119" doraHaiUra="121,18" who="0" fromWho="1" sc="279,78,217,-58,227,0,257,0" /><INIT seed="2,0,0,5,1,48" ten="357,159,227,257" oya="2" hai0="20,85,26,122,30,77,65,82,101,129,104,128,86" hai1="76,24,59,42,23,33,18,108,40,39,111,8,21" hai2="113,107,87,32,13,98,9,61,52,96,29,110,68" hai3="54,94,19,112,12,31,60,71,117,2,11,92,99"/><V75/><F75/><W74/><G117/><T125/><D122/><U123/><E76/><V89/><F113/><W50/><G112/><T15/><D65/><U35/><E39/><V131/><F131/><N who="0" m="50250" /><D125/><U73/><E73/><V103/><F98/><W64/><G74/><N who="0" m="43319" /><D15/><U126/><E59/><V3/><F68/><W5/><G31/><T93/><D104/><U78/><E78/><V127/><F110/><N who="1" m="42025" /><E40/><V79/><F3/><W44/><REACH who="3" step="1"/><G99/><AGARI ba="0,0" hai="20,26,30,85,86,93,99,101" m="43319,50250" machi="99" ten="30,1000,0" yaku="19,1" doraHai="48" who="0" fromWho="3" sc="357,10,159,0,227,0,257,-10" /><INIT seed="3,0,0,2,4,43" ten="367,159,227,247" oya="3" hai0="95,13,52,127,37,84,0,30,16,22,129,119,134" hai1="66,14,51,27,60,49,55,104,38,102,18,9,120" hai2="36,62,4,6,31,3,117,45,72,122,39,61,100" hai3="21,56,94,86,126,48,32,40,89,42,23,1,123"/><W29/><G123/><T81/><D119/><U70/><E120/><V28/><F72/><W101/><G1/><T58/><D37/><U93/><E38/><V75/><F117/><W130/><G32/><T77/><D0/><U5/><E93/><V34/><F75/><W82/><G126/><T47/><D127/><U96/><E55/><V115/><F34/><W132/><G132/><T20/><D129/><U54/><E5/><N who="2" m="2155" /><F3/><W50/><G130/><T97/><D47/><U128/><E128/><V110/><F115/><W105/><G105/><T108/><D108/><U118/><E118/><V133/><F133/><W8/><G8/><N who="0" m="6183" /><D30/><U131/><E131/><V91/><F39/><W46/><G29/><N who="2" m="11337" /><F100/><W90/><G101/><N who="0" m="60607" /><D134/><U17/><E17/><V53/><F36/><W35/><G35/><T103/><D103/><U107/><E27/><V57/><F110/><W64/><G40/><T112/><D112/><U88/><E107/><V19/><F19/><W125/><G125/><T71/><D71/><U76/><E76/><V92/><F122/><W121/><G121/><T78/><D78/><U114/><E114/><V7/><F7/><W113/><G113/><T33/><D33/><U99/><REACH who="1" step="1"/><E54/><REACH who="1" ten="367,149,227,247" step="2"/><V106/><F53/><W63/><G50/><AGARI ba="0,1" hai="20,22,50,52,58,77,81,84" m="60607,6183" machi="50" ten="30,3900,0" yaku="8,1,54,2" doraHai="43" who="0" fromWho="3" sc="367,49,149,0,227,0,247,-39" owari="416,51.6,149,-35.1,227,2.7,208,-19.2" /></mjloggm>