<mjloggm ver="2.3"><GO type="225" lobby="0"/><UN n0="%E6%98%93%E5%88%A9%E8%96%A9%E4%BC%AF" n1="%E5%91%A8%E6%9D%B1" n2="%E3%83%96%E3%83%83%E3%83%91%E3%82%AA%E3%83%96%E3%83%81%E3%82%AD%E3%83%B3" n3="%72%61%6B%33" dan="17,16,16,16" rate="2168.19,2144.29,2159.28,2097.75" sx="F,M,M,M"/><TAIKYOKU oya="0"/><INIT seed="0,0,0,3,4,129" ten="250,250,250,250" oya="0" hai0="4,101,111,16,115,39,46,128,96,47,105,109,76" hai1="116,26,102,74,78,82,61,86,58,108,113,126,7" hai2="37,92,106,40,104,88,112,77,27,21,51,79,29" hai3="75,132,9,55,33,10,49,28,90,97,125,24,32"/><T14/><D115/><U3/><E113/><V69/><F112/><W130/><G130/><T89/><D128/><U124/><E116/><V34/><F69/><W133/><G75/><T23/><D76/><N who="2" m="29258" /><F37/><W114/><G114/><T62/><D4/><U18/><E108/><N who="0" m="41545" /><D39/><U19/><E102/><V103/><F34/><W93/><G33/><T72/><D72/><U64/><E74/><V122/><F106/><W42/><G42/><T57/><D89/><U35/><E7/><V71/><F71/><W15/><G125/><N who="1" m="48234" /><E3/><V56/><F122/><W53/><G53/><AGARI ba="0,0" hai="14,16,23,46,47,53,57,62,96,101,105" m="41545" machi="53" ten="30,5800,0" yaku="14,1,10,1,54,1" doraHai="129" who="0" fromWho="3" sc="250,58,250,0,250,0,250,-58" /><INIT seed="0,1,0,0,2,63" ten="308,250,250,192" oya="0" hai0="77,113,60,16,107,49,110,11,95,5,64,27,34" hai1="37,21,45,7,80,54,1,20,129,69,88,116,3" hai2="73,111,66,121,65,41,96,2,0,14,26,38,83" hai3="120,91,99,109,35,6,90,101,133,100,10,127,62"/><T84/><D113/><U79/><E116/><V33/><F121/><W17/><G120/><T50/><D107/><U29/><E129/><V31/><F14/><W128/><G109/><T105/><D105/><U15/><E69/><V32/><F96/><W106/><G128/><T82/><D110/><U72/><E29/><V119/><F111/><W85/><G127/><T48/><D95/><U46/><E3/><V61/><F119/><W112/><G133/><T51/><D51/><U98/><E15/><V123/><F33/><W97/><G35/><T44/><D34/><U76/><E76/><N who="2" m="44431" /><F66/><W43/><G17/><T130/><D130/><U22/><E54/><V53/><F53/><W13/><G112/><T25/><D44/><U56/><E56/><V132/><F132/><W114/><G114/><T115/><D115/><U125/><E125/><V71/><F123/><W8/><G8/><T42/><D42/><U89/><E98/><V52/><F52/><W94/><G43/><T36/><D36/><U78/><E78/><V47/><AGARI ba="1,0" hai="0,2,26,31,32,38,41,47,61,65,71" m="44431" machi="47" ten="30,4000,0" yaku="33,2,52,1" doraHai="63" who="2" fromWho="2" sc="308,-21,250,-11,250,43,192,-11" /><INIT seed="1,0,0,0,3,106" ten="287,239,293,181" oya="1" hai0="2,48,13,47,116,23,87,60,42,10,41,97,9" hai1="76,63,94,118,71,119,134,36,19,46,4,1,50" hai2="99,34,133,3,55,100,44,77,96,88,26,102,129" hai3="130,124,14,83,104,69,43,128,117,101,125,17,123"/><U30/><E30/><V52/><F3/><W53/><G69/><T75/><D75/><U8/><E134/><V95/><F133/><W132/><G123/><T54/><D116/><U126/><E126/><N who="3" m="48746" /><G43/><T70/><D97/><U82/><E94/><N who="2" m="56391" /><F34/><W112/><G112/><T111/><D111/><U20/><E63/><V73/><F73/><W91/><G53/><N who="2" m="20553" /><F129/><N who="3" m="49771" /><G117/><T37/><D2/><U22/><E71/><V92/><F77/><W72/><G101/><N who="2" m="39017" /><F99/><W89/><G104/><T115/><D115/><U66/><E36/><V25/><F44/><W84/><G132/><T11/><D87/><U38/><E38/><V62/><F62/><W51/><G51/><T64/><D37/><U65/><E119/><V49/><F49/><W74/><G89/><T108/><D108/><U90/><E90/><V68/><F68/><W113/><G113/><T109/><D109/><U29/><E118/><V7/><F7/><W40/><G40/><T21/><D42/><U79/><E50/><V15/><F15/><W114/><G114/><T57/><D13/><U58/><E1/><V80/><F80/><W56/><G56/><T110/><D110/><U93/><E58/><V31/><F31/><W98/><G98/><T107/><D107/><U27/><E82/><V16/><F26/><W131/><N who="3" m="49779" /><W35/><DORA hai="45" /><G35/><T105/><D105/><U24/><E46/><V121/><F121/><W18/><G18/><T32/><D32/><U33/><E33/><V12/><F25/><W59/><G59/><T61/><AGARI ba="0,0" hai="9,10,11,21,23,41,47,48,54,57,60,61,64,70" machi="61" ten="30,2000,0" yaku="0,1,52,1" doraHai="106,45" who="0" fromWho="0" sc="287,20,239,-10,293,-5,181,-5" /><INIT seed="2,0,0,2,3,74" ten="307,229,288,176" oya="2" hai0="38,81,117,39,105,88,6,115,130,131,29,61,22" hai1="95,86,103,123,11,108,30,8,60,97,26,98,101" hai2="50,64,12,125,3,43,52,14,111,35,84,27,85" hai3="118,120,32,110,106,2,57,33,63,16,109,82,4"/><V104/><F3/><W114/><G120/><T76/><D105/><U89/><E108/><V54/><F104/><W9/><G118/><T10/><D115/><U49/><E123/><V34/><F125/><W71/><G71/><T69/><D117/><U59/><E49/><V135/><F135/><W48/><G106/><T113/><D113/><U0/><E0/><V36/><F111/><N who="3" m="42507" /><G114/><T19/><D29/><U107/><E98/><V45/><F64/><N who="3" m="39023" /><G48/><T73/><D88/><U94/><E103/><V129/><F129/><N who="0" m="49162" /><D61/><U87/><E87/><N who="2" m="33355" /><F36/><W75/><G16/><T78/><D69/><U134/><E107/><V80/><F35/><W112/><G112/><T119/><D119/><U121/><E134/><V21/><F34/><W31/><G31/><T132/><D132/><U96/><E96/><V53/><F80/><W100/><G100/><T126/><D126/><U91/><E121/><V5/><F5/><W15/><G2/><N who="0" m="343" /><D81/><U7/><E91/><V79/><F79/><AGARI ba="0,0" hai="4,9,15,32,33,75,79,82" m="39023,42507" machi="79" ten="30,2000,0" yaku="14,1,52,1" doraHai="74" who="3" fromWho="2" sc="307,0,229,0,288,-20,176,20" /><INIT seed="3,0,0,3,4,29" ten="307,229,268,196" oya="3" hai0="83,134,129,76,59,82,119,8,81,64,98,34,44" hai1="77,92,67,13,104,73,135,31,5,133,101,53,10" hai2="43,57,125,123,26,69,99,20,103,0,61,109,15" hai3="75,128,72,70,50,120,2,105,95,49,12,113,19"/><W60/><G113/><T38/><D34/><U32/><E104/><V35/><F109/><W28/><G120/><T108/><D119/><U86/><E67/><V118/><F118/><W1/><G105/><T63/><D108/><U90/><E101/><V55/><F125/><W121/><G121/><T21/><D129/><U56/><E73/><V115/><F123/><W41/><G128/><T58/><D8/><U132/><E77/><V30/><F115/><W39/><G39/><T47/><D76/><U45/><E45/><N who="0" m="17481" /><D38/><U23/><E23/><V52/><F0/><W89/><G1/><T62/><D98/><U54/><REACH who="1" step="1"/><E56/><REACH who="1" ten="307,219,268,196" step="2"/><V4/><F69/><W46/><G75/><T37/><D21/><U33/><E33/><V130/><F130/><W68/><G72/><T87/><D59/><U85/><E85/><V40/><F55/><W84/><G70/><T6/><D87/><U78/><E78/><V74/><F74/><W3/><G68/><T97/><D58/><U110/><E110/><V16/><F4/><W127/><G127/><T42/><D6/><U80/><E80/><V24/><F24/><AGARI ba="0,1" hai="5,10,13,24,31,32,53,54,86,90,92,132,133,135" machi="24" ten="40,5200,0" yaku="1,1,20,1,52,1,53,0" doraHai="29" doraHaiUra="14" who="1" fromWho="2" sc="307,0,219,62,268,-52,196,0" owari="307,40.7,281,8.1,216,-18.4,196,-30.4" /></mjloggm>