<mjloggm ver="2.3"><GO type="225" lobby="0"/><UN n0="%E3%83%96%E3%83%83%E3%83%91%E3%82%AA%E3%83%96%E3%83%81%E3%82%AD%E3%83%B3" n1="%E6%81%A5%E6%99%92%E3%81%97" n2="%E3%81%95%E3%82%88%E3%81%AA%E3%82%89%E3%83%9A%E3%81%BA%E3%83%9A" n3="%E6%9D%B1%E9%A2%A8%E3%81%AE%E3%81%8D%E3%82%83%E3%81%B7%E3%81%95%E3%82%93" dan="16,16,16,16" rate="2211.03,2092.36,2133.83,2147.82" sx="M,M,F,M"/><TAIKYOKU oya="0"/><INIT seed="0,0,0,4,3,83" ten="250,250,250,250" oya="0" hai0="93,114,120,32,97,53,96,72,82,29,24,111,18" hai1="117,34,51,9,66,80,110,108,50,11,0,46,99" hai2="4,25,3,78,77,79,33,86,65,81,1,98,74" hai3="41,127,22,128,84,2,12,61,87,101,40,42,39"/><T15/><D114/><U17/><E117/><V89/><F65/><W16/><G39/><T44/><D120/><U112/><E34/><V28/><F74/><W129/><G2/><T116/><D116/><U135/><E112/><V64/><F64/><W113/><G113/><T130/><D130/><N who="3" m="50281" /><G127/><T75/><D111/><N who="1" m="42539" /><E135/><V62/><F62/><W125/><G125/><T115/><D115/><U54/><E66/><V132/><F132/><W52/><G101/><T88/><D97/><U94/><E17/><V47/><F4/><W102/><G102/><T92/><D92/><U26/><E26/><V31/><F31/><W27/><G27/><T107/><D107/><U58/><E80/><V55/><REACH who="2" step="1"/><F98/><REACH who="2" ten="250,250,240,250" step="2"/><W106/><G106/><T35/><D35/><U119/><E119/><V23/><F23/><W36/><G36/><T48/><REACH who="0" step="1"/><D82/><REACH who="0" ten="240,250,240,250" step="2"/><U121/><E99/><V56/><F56/><AGARI ba="0,2" hai="12,16,22,40,41,42,52,56,61,84,87" m="50281" machi="56" ten="30,8000,1" yaku="19,1,52,2,54,2" doraHai="83" who="3" fromWho="2" sc="240,0,250,0,240,-80,250,100" /><INIT seed="1,0,0,0,4,57" ten="240,250,160,350" oya="1" hai0="86,61,121,117,132,0,42,90,50,4,100,116,94" hai1="54,69,70,135,22,39,64,91,27,58,123,89,78" hai2="18,52,114,34,108,33,99,103,26,14,36,85,112" hai3="24,21,25,96,12,131,87,55,60,105,2,29,134"/><U30/><E123/><V83/><F36/><W49/><G134/><T23/><D132/><U44/><E135/><V28/><F108/><W113/><G131/><T124/><D124/><U47/><E78/><V63/><F33/><W106/><G113/><T81/><D121/><U67/><E39/><V10/><F85/><W125/><G2/><T43/><D0/><U127/><E127/><V79/><F79/><W74/><G74/><T68/><D4/><U126/><E126/><V75/><F75/><W104/><G125/><T20/><D117/><U77/><E77/><V120/><F83/><W130/><G130/><T92/><D116/><U15/><E15/><V13/><F13/><W82/><G12/><T6/><D6/><U51/><E69/><V19/><F120/><W109/><G25/><T9/><D9/><U17/><E30/><V110/><F110/><W97/><G60/><T59/><D68/><U73/><E73/><V7/><F112/><W56/><REACH who="3" step="1"/><G109/><REACH who="3" ten="240,250,160,340" step="2"/><T32/><D61/><U88/><E70/><V62/><F114/><W53/><G53/><T46/><D43/><U84/><E84/><V11/><F11/><W66/><G66/><AGARI ba="0,1" hai="17,22,27,44,47,51,54,58,64,66,67,88,89,91" machi="66" ten="40,3900,0" yaku="8,1,54,1" doraHai="57" who="1" fromWho="3" sc="240,0,250,49,160,0,340,-39" /><INIT seed="1,1,0,1,0,126" ten="240,299,160,301" oya="1" hai0="53,130,69,68,16,21,18,8,87,106,61,43,9" hai1="104,112,108,10,71,2,78,59,55,36,17,45,6" hai2="97,132,118,11,58,30,27,98,44,41,29,91,133" hai3="5,131,23,93,120,80,90,109,105,76,114,12,26"/><U73/><E112/><V38/><F118/><W28/><G105/><T31/><D106/><U121/><E121/><V34/><F29/><W83/><G120/><T92/><D43/><N who="1" m="22759" /><E71/><V79/><F79/><W19/><G109/><T74/><D74/><U94/><E104/><V32/><F32/><W81/><G114/><T54/><D31/><U123/><E123/><V124/><F124/><W7/><G131/><T63/><D92/><U25/><E94/><V129/><F129/><W35/><REACH who="3" step="1"/><G76/><REACH who="3" ten="240,299,160,291" step="2"/><T67/><D130/><U24/><E108/><V128/><F128/><W14/><G14/><T100/><D100/><U82/><E17/><V66/><F133/><W135/><G135/><T75/><D16/><U122/><E122/><V84/><F132/><W52/><G52/><T42/><D18/><U113/><E113/><V60/><REACH who="2" step="1"/><F11/><REACH who="2" ten="240,299,150,291" step="2"/><W13/><G13/><T134/><D9/><U119/><E119/><V49/><F49/><AGARI ba="1,2" hai="2,6,10,24,25,49,55,59,73,78,82" m="22759" machi="49" ten="30,1500,0" yaku="25,1" doraHai="126" who="1" fromWho="2" sc="240,0,299,38,150,-18,291,0" /><INIT seed="1,2,0,0,0,106" ten="240,337,132,291" oya="1" hai0="23,2,12,83,118,98,89,133,7,35,17,25,1" hai1="62,33,80,116,47,26,91,123,52,3,127,10,45" hai2="121,74,130,82,100,113,108,77,125,95,117,114,71" hai3="21,58,128,14,90,96,46,38,73,29,8,40,37"/><U126/><E116/><V86/><F71/><W115/><G115/><T93/><D118/><U63/><E123/><V94/><F117/><W13/><G37/><T135/><D83/><U103/><E103/><V76/><F121/><W99/><G128/><T34/><D2/><U85/><E33/><V11/><F11/><W87/><G58/><T0/><D1/><U69/><E26/><V28/><F28/><W22/><G73/><T75/><D75/><U124/><E69/><V60/><F60/><W31/><G31/><N who="0" m="19823" /><D35/><U18/><E18/><V42/><F42/><W39/><G39/><T122/><D122/><U20/><E20/><V81/><F130/><W48/><G38/><T104/><D104/><U57/><REACH who="1" step="1"/><E63/><REACH who="1" ten="240,327,132,291" step="2"/><V61/><F61/><W27/><G22/><T50/><D50/><U120/><E120/><V54/><F54/><W84/><G14/><T70/><D70/><U30/><E30/><V109/><F125/><W134/><G134/><T9/><AGARI ba="2,1" hai="0,7,9,12,17,23,89,93,98,133,135" m="19823" machi="9" ten="30,1100,0" yaku="24,1" doraHai="106" who="0" fromWho="0" sc="240,27,327,-7,132,-5,291,-5" /><INIT seed="2,0,0,3,4,40" ten="267,320,127,286" oya="2" hai0="73,36,108,51,133,53,132,27,83,120,23,110,99" hai1="57,39,55,109,105,66,49,90,135,6,98,81,29" hai2="119,34,42,37,21,8,116,61,63,76,80,131,117" hai3="126,106,65,101,70,17,22,64,32,14,97,58,50"/><V107/><F107/><W35/><G126/><T91/><D36/><U112/><E112/><V125/><F34/><W11/><G11/><T113/><D113/><U134/><E109/><N who="0" m="42089" /><D120/><U86/><E39/><V5/><F125/><W4/><G4/><T19/><D99/><U41/><E6/><V60/><F131/><W43/><G70/><T122/><D122/><U1/><E1/><V38/><F21/><W123/><G123/><T33/><D33/><U13/><E41/><V69/><F69/><W115/><G115/><T0/><D0/><U62/><E13/><V88/><F88/><W52/><G43/><T72/><D91/><U96/><E29/><V94/><F94/><W75/><G75/><N who="0" m="28747" /><D83/><U95/><E105/><V87/><REACH who="2" step="1"/><F42/><REACH who="2" ten="267,320,117,286" step="2"/><W20/><G20/><T59/><AGARI ba="0,1" hai="19,23,27,51,53,59,132,133" m="28747,42089" machi="59" ten="40,1500,0" yaku="14,1" doraHai="40" who="0" fromWho="0" sc="267,25,320,-4,117,-7,286,-4" /><INIT seed="3,0,0,4,3,124" ten="292,316,110,282" oya="3" hai0="132,4,42,45,127,121,105,134,69,13,68,23,33" hai1="20,17,119,102,91,58,61,77,81,9,52,84,46" hai2="116,65,24,37,73,32,111,11,86,97,31,88,128" hai3="35,99,71,12,41,112,22,101,104,129,40,117,55"/><W74/><G35/><T62/><D121/><U39/><E119/><V90/><F111/><W125/><G71/><T30/><D105/><U75/><E102/><V109/><F116/><W115/><G74/><T44/><D127/><U57/><E9/><V28/><F109/><W34/><G34/><T72/><D72/><U27/><E39/><V123/><F123/><W19/><G117/><T92/><D33/><U7/><E7/><V122/><F73/><W103/><G125/><T53/><D92/><U16/><E17/><V0/><F122/><W1/><G1/><T67/><D69/><U85/><E75/><V66/><F37/><W21/><G103/><T60/><D4/><U59/><E46/><V79/><F79/><W38/><G55/><T94/><D94/><AGARI ba="0,0" hai="16,20,27,52,57,58,59,61,77,81,84,85,91,94" machi="94" ten="30,7700,0" yaku="7,1,8,1,54,2" doraHai="124" who="1" fromWho="0" sc="292,-77,316,77,110,0,282,0" owari="215,-18.5,393,49.3,110,-39.0,282,8.2" /></mjloggm>