<mjloggm ver="2.3"><GO type="225" lobby="0"/><UN n0="%E7%99%BD%E5%80%89%E5%AF%9B%E4%B9%8B" n1="%E3%81%8B%E3%82%8F%E3%81%A1%E3%82%83%E3%82%93%35%38" n2="%E3%82%8F%E3%81%8B%E3%81%B0%2A%E3%82%AC%E3%83%BC%E3%83%AB" n3="%E5%B6%BA%E4%B8%8A%E5%92%B2" dan="16,16,16,16" rate="2131.07,2207.16,2090.05,2162.83" sx="M,M,M,F"/><TAIKYOKU oya="0"/><INIT seed="0,0,0,2,0,34" ten="250,250,250,250" oya="0" hai0="129,61,60,58,21,97,77,28,128,74,94,45,52" hai1="68,71,15,96,30,110,104,112,118,19,48,14,2" hai2="132,4,9,79,135,6,41,98,8,3,93,126,37" hai3="10,125,49,87,1,105,65,33,39,38,114,90,85"/><T31/><D74/><U55/><E118/><V24/><F126/><W99/><G114/><T123/><D77/><U131/><E30/><V81/><F24/><W36/><G125/><T32/><D123/><U5/><E14/><V26/><F26/><W107/><G33/><T46/><D32/><U12/><E12/><V57/><F57/><W22/><G65/><T20/><D61/><U100/><E110/><V67/><F67/><W122/><G22/><N who="0" m="8811" /><D31/><U84/><E131/><N who="0" m="50249" /><D28/><U102/><E112/><V7/><F7/><W62/><G122/><T76/><D76/><U115/><E115/><V72/><F41/><W17/><G62/><T63/><D63/><U56/><E102/><AGARI ba="0,0" hai="45,46,52,58,60,94,97,102" m="50249,8811" machi="102" ten="30,2900,0" yaku="19,1,54,1" doraHai="34" who="0" fromWho="1" sc="250,29,250,-29,250,0,250,0" /><INIT seed="0,1,0,1,4,121" ten="279,221,250,250" oya="0" hai0="130,116,94,95,23,42,32,110,10,127,122,111,30" hai1="72,115,84,39,114,5,64,11,93,15,26,103,131" hai2="54,128,1,106,36,13,80,38,57,83,104,119,69" hai3="112,91,17,76,31,58,21,124,52,43,117,44,61"/><T82/><D122/><U28/><E72/><V47/><F1/><W59/><G112/><N who="1" m="43050" /><E39/><V66/><F128/><W120/><G117/><T20/><D116/><U25/><E131/><V105/><F119/><W33/><G120/><T4/><D130/><U65/><E26/><V89/><F13/><W22/><G124/><T74/><D127/><U14/><E14/><V85/><F83/><W96/><G33/><T78/><D42/><U73/><E73/><V62/><REACH who="2" step="1"/><F47/><REACH who="2" ten="279,221,240,250" step="2"/><W98/><G44/><T79/><D79/><U49/><E15/><V88/><F88/><W67/><G91/><T16/><D32/><U53/><E5/><V99/><F99/><W102/><G76/><T48/><D23/><N who="1" m="15423" /><E11/><V9/><F9/><W86/><G22/><T7/><D30/><U126/><E126/><V46/><F46/><W51/><G31/><T12/><D48/><AGARI ba="1,1" hai="36,38,48,54,57,62,66,69,80,85,89,104,105,106" machi="48" ten="40,1300,0" yaku="1,1,53,0" doraHai="121" doraHaiUra="135" who="2" fromWho="0" sc="279,-16,221,0,240,26,250,0" /><INIT seed="1,0,0,0,0,72" ten="263,221,266,250" oya="1" hai0="50,80,132,2,90,35,54,41,110,61,87,131,37" hai1="5,9,7,24,40,22,6,119,27,19,103,67,102" hai2="99,38,65,46,93,88,25,11,4,129,79,126,23" hai3="13,75,56,94,59,57,20,106,109,114,128,100,21"/><U18/><E119/><V135/><F129/><W85/><G75/><T45/><D35/><U62/><E40/><V92/><F135/><W95/><G109/><T83/><D2/><U66/><E9/><V78/><F126/><W107/><G114/><T0/><D0/><U130/><E130/><V89/><F65/><N who="1" m="24585" /><E62/><V96/><F46/><W15/><G128/><T39/><D131/><U111/><E111/><V31/><F38/><W118/><G85/><T33/><D110/><U10/><E10/><V43/><F43/><W51/><G51/><T74/><D33/><U52/><E52/><V120/><F120/><W30/><G100/><N who="1" m="38442" /><E22/><N who="3" m="8810" /><G30/><T71/><D132/><U73/><E73/><V44/><F44/><W134/><G134/><T98/><D98/><U32/><E32/><V113/><F113/><W116/><G107/><T48/><D71/><U101/><N who="1" m="38450" /><U1/><DORA hai="17" /><E1/><AGARI ba="0,0" hai="1,4,11,23,25,31,78,79,88,89,92,93,96,99" machi="1" ten="30,12000,2" yaku="7,1,9,1,52,3,54,1" doraHai="72,17" who="2" fromWho="1" sc="263,0,221,-120,266,120,250,0" /><INIT seed="2,0,0,1,4,109" ten="263,101,386,250" oya="2" hai0="126,120,135,63,90,35,123,119,2,94,97,15,68" hai1="59,130,10,19,86,112,55,3,25,101,111,47,65" hai2="131,127,78,17,13,77,103,28,73,117,125,43,69" hai3="82,7,115,40,98,88,104,76,134,51,95,106,93"/><V27/><F117/><W50/><G134/><T128/><D2/><U21/><E111/><V31/><F131/><W14/><G115/><T116/><D35/><U11/><E130/><V53/><F69/><W71/><G71/><T8/><D128/><U20/><E3/><V105/><F43/><W100/><G7/><T85/><D135/><U66/><E101/><V84/><F73/><N who="3" m="43279" /><G14/><T62/><D126/><U32/><E32/><V30/><F27/><W129/><G50/><T83/><D68/><U121/><E121/><V67/><F67/><W34/><G34/><T114/><D114/><U72/><E72/><V91/><F53/><W4/><G4/><N who="0" m="3463" /><D63/><U45/><E86/><V89/><F17/><W60/><G60/><T18/><D62/><U80/><E80/><N who="2" m="47119" /><F78/><W48/><G129/><T64/><D18/><U102/><E102/><V113/><F13/><W81/><G40/><T22/><D64/><U12/><E12/><V5/><F5/><W54/><G54/><T39/><D39/><U9/><E112/><V107/><F113/><W58/><G51/><T52/><D52/><U29/><E66/><V1/><F1/><W42/><G42/><T118/><D22/><U132/><E65/><V79/><F79/><AGARI ba="0,0" hai="79,83,85,90,94,97,116,118,119,120,123" m="3463" machi="79" ten="30,1000,0" yaku="12,1" doraHai="109" who="0" fromWho="2" sc="263,10,101,0,386,-10,250,0" /><INIT seed="3,0,0,3,0,86" ten="273,101,376,250" oya="3" hai0="20,90,23,76,94,16,108,80,32,73,7,101,31" hai1="6,26,66,104,98,117,93,50,88,53,89,74,134" hai2="12,68,17,110,107,1,51,102,96,13,41,116,128" hai3="56,40,4,95,118,29,35,44,14,27,69,11,135"/><W78/><G118/><T75/><D108/><U61/><E134/><V133/><F116/><W47/><G69/><T58/><D101/><U120/><E120/><V123/><F1/><W65/><G135/><T5/><D75/><U25/><E117/><V49/><F133/><W59/><G47/><T3/><D32/><U10/><E74/><V114/><F114/><W22/><G65/><T63/><D31/><U46/><E104/><V81/><F68/><W42/><G42/><T33/><D23/><U92/><E66/><V8/><F123/><W37/><G95/><T115/><D33/><U64/><E64/><V52/><F110/><W119/><G119/><T71/><D71/><U124/><E124/><V67/><F67/><W111/><G78/><T21/><D21/><U113/><E113/><V70/><F128/><W121/><G111/><T112/><D3/><U132/><E61/><V60/><F70/><W43/><G43/><T85/><D115/><U34/><E34/><V99/><F99/><W77/><G77/><T0/><D0/><U130/><E130/><V9/><F81/><W28/><G121/><T84/><D73/><U83/><E83/><V15/><F41/><W55/><G55/><N who="0" m="34271" /><D112/><U97/><E132/><V30/><F30/><W131/><G131/><T105/><D105/><U79/><E79/><V82/><F8/><W72/><G72/><T125/><D125/><U36/><E36/><V122/><F122/><W103/><G103/><T87/><D87/><U48/><E48/><V100/><F100/><W2/><G29/><T127/><D127/><U39/><E39/><RYUUKYOKU ba="0,0" sc="273,10,101,10,376,-30,250,10" hai0="5,7,16,20,76,80,84,85,90,94" hai1="6,10,25,26,46,50,53,88,89,92,93,97,98" hai3="2,4,11,14,22,27,28,35,37,40,44,56,59" /><INIT seed="3,1,0,4,5,74" ten="283,111,346,260" oya="3" hai0="82,112,15,83,102,94,49,73,5,96,59,95,93" hai1="75,39,22,24,57,2,4,23,76,132,103,64,86" hai2="116,120,135,52,72,108,1,134,97,126,66,26,67" hai3="109,25,123,77,121,106,119,129,53,78,107,114,100"/><W133/><G25/><T91/><D112/><U69/><E132/><N who="2" m="50731" /><F116/><W87/><G53/><N who="0" m="32175" /><D73/><U46/><E69/><V125/><F108/><W7/><G7/><T62/><D62/><U33/><E86/><V37/><F120/><N who="3" m="46155" /><G114/><T12/><D94/><U18/><E103/><V47/><F1/><W21/><G21/><T89/><D102/><U41/><E57/><V85/><F72/><W118/><G109/><T90/><D90/><U71/><E64/><N who="2" m="24619" /><F26/><W31/><G31/><T63/><D63/><U61/><E61/><V42/><F85/><W29/><G29/><T17/><D5/><U56/><E56/><V128/><F128/><W48/><G48/><T80/><D17/><U127/><E127/><V111/><F111/><W20/><G20/><T30/><D30/><U117/><E117/><N who="3" m="44554" /><G133/><T14/><D14/><U81/><E71/><V105/><F52/><W27/><G129/><T68/><D68/><U28/><REACH who="1" step="1"/><E18/><REACH who="1" ten="283,101,346,260" step="2"/><V45/><F45/><W99/><G106/><T98/><AGARI ba="1,1" hai="12,15,80,82,83,89,91,93,95,96,98" m="32175" machi="98" ten="30,1100,0" yaku="8,1" doraHai="74" who="0" fromWho="0" sc="283,24,101,-4,346,-4,260,-6" owari="307,10.7,97,-40.3,342,44.2,254,-14.6" /></mjloggm>