<mjloggm ver="2.3"><GO type="225" lobby="0"/><UN n0="%E3%83%96%E3%83%83%E3%83%91%E3%82%AA%E3%83%96%E3%83%81%E3%82%AD%E3%83%B3" n1="%E3%83%81%E3%83%83%E3%82%BF%E3%82%BD%E3%83%BC" n2="%E3%82%8F%E3%81%8B%E3%81%B0%2A%E3%82%AC%E3%83%BC%E3%83%AB" n3="%E9%A6%AC%E5%BC%95%E7%81%AB%33" dan="16,16,16,16" rate="2181.18,2176.40,2093.82,2128.41" sx="M,F,M,M"/><TAIKYOKU oya="0"/><INIT seed="0,0,0,4,0,104" ten="250,250,250,250" oya="0" hai0="59,129,132,93,20,103,32,7,90,80,35,29,85" hai1="56,19,92,16,101,120,111,40,131,88,83,122,64" hai2="105,60,33,44,123,108,107,57,41,53,74,46,5" hai3="124,34,45,95,42,98,27,96,25,24,6,116,69"/><T54/><D129/><U86/><E111/><V91/><F123/><W3/><G116/><T10/><D132/><U87/><E131/><V102/><F108/><W67/><G34/><T73/><D29/><U66/><E40/><V94/><F33/><W68/><G124/><T30/><D20/><U113/><E113/><V118/><F118/><W71/><G67/><T17/><D17/><U58/><E101/><V15/><F74/><W26/><N who="3" m="6144" /><DORA hai="14" /><W55/><G55/><T28/><D28/><U126/><E126/><V13/><F46/><W1/><G6/><T109/><D30/><U82/><E92/><V11/><F15/><W128/><G128/><T65/><D65/><U50/><E50/><V61/><F102/><W125/><G125/><T31/><D31/><U106/><REACH who="1" step="1"/><E88/><REACH who="1" ten="250,240,250,250" step="2"/><V0/><F61/><W48/><G95/><T77/><D103/><U63/><E63/><V47/><F105/><AGARI ba="0,1" hai="16,19,56,58,64,66,82,83,86,87,105,106,120,122" machi="105" ten="25,12000,2" yaku="1,1,22,2,52,2,54,1,53,0" doraHai="104,14" doraHaiUra="99,89" who="1" fromWho="2" sc="250,0,240,130,250,-120,250,0" /><INIT seed="1,0,0,3,3,132" ten="250,370,130,250" oya="1" hai0="85,25,54,65,113,100,126,60,36,115,98,70,104" hai1="93,105,83,61,62,18,107,80,135,45,1,94,75" hai2="123,33,13,7,95,81,57,4,74,124,76,86,48" hai3="90,73,11,79,20,53,16,97,17,50,3,63,24"/><U89/><E135/><V49/><F123/><W110/><G110/><T114/><D36/><U99/><E1/><V59/><F33/><W82/><G63/><T30/><D54/><U42/><E18/><V117/><F117/><W12/><G3/><T101/><D101/><U72/><E89/><V92/><F74/><W31/><G17/><T29/><D126/><U102/><E99/><V56/><F124/><W71/><G71/><T52/><D85/><U10/><E45/><V2/><F2/><W116/><G116/><T26/><D52/><U66/><E42/><V22/><F22/><W23/><G23/><T6/><D6/><U108/><E10/><V27/><F27/><W103/><G90/><T34/><REACH who="0" step="1"/><D115/><REACH who="0" ten="240,370,130,250" step="2"/><U109/><REACH who="1" step="1"/><E66/><REACH who="1" ten="240,360,130,250" step="2"/><V41/><F41/><W55/><G55/><T111/><D111/><U122/><E122/><V35/><F4/><W47/><G97/><T28/><D28/><U69/><E69/><V14/><F7/><W15/><G103/><AGARI ba="0,2" hai="61,62,72,75,80,83,93,94,102,103,105,107,108,109" machi="103" ten="25,12000,1" yaku="1,1,22,2,53,2" doraHai="132" doraHaiUra="78" who="1" fromWho="3" sc="240,0,360,140,130,0,250,-120" /><INIT seed="1,1,0,2,1,13" ten="240,500,130,130" oya="1" hai0="37,9,128,124,42,96,22,58,66,81,102,15,133" hai1="62,29,18,106,103,70,92,98,65,85,24,107,88" hai2="79,105,89,27,11,26,60,113,39,127,87,97,123" hai3="77,83,130,82,122,86,111,109,28,120,118,121,41"/><U64/><E18/><V48/><F123/><W61/><G28/><T72/><D124/><U35/><REACH who="1" step="1"/><E64/><REACH who="1" ten="240,490,130,130" step="2"/><V20/><F127/><W19/><G19/><T112/><D66/><U54/><E54/><V38/><F113/><W44/><G122/><T4/><D112/><U131/><E131/><V90/><F38/><W32/><G130/><T6/><D37/><U45/><E45/><V100/><F39/><W10/><G121/><T132/><D128/><U84/><E84/><V50/><F87/><W7/><G120/><T2/><D4/><U119/><E119/><V73/><F73/><W33/><G118/><T117/><D6/><U76/><E76/><V25/><F79/><W101/><G44/><T3/><D72/><U16/><E16/><V75/><F75/><W55/><G55/><T17/><D117/><U12/><E12/><V134/><F27/><W40/><G86/><T21/><D17/><U91/><E91/><V43/><F26/><W108/><G77/><T53/><D15/><U126/><E126/><V104/><F89/><W135/><G111/><T30/><D53/><U129/><E129/><V56/><F90/><W94/><G109/><T47/><D47/><U93/><AGARI ba="1,1" hai="24,29,35,62,65,70,85,88,92,93,98,103,106,107" machi="93" ten="20,7800,0" yaku="1,1,0,1,7,1,54,1,53,0" doraHai="13" doraHaiUra="74" who="1" fromWho="1" sc="240,-27,490,91,130,-27,130,-27" /><INIT seed="1,2,0,2,0,26" ten="213,581,103,103" oya="1" hai0="121,65,105,17,94,116,89,122,117,130,5,34,30" hai1="7,85,25,110,1,47,58,18,123,60,101,20,46" hai2="113,63,55,82,77,54,108,128,59,98,19,48,72" hai3="15,67,95,97,40,53,41,11,42,90,57,49,8"/><U125/><E123/><N who="0" m="47113" /><D105/><U96/><E125/><V81/><F108/><W127/><G127/><T50/><D130/><U52/><E110/><V100/><F128/><W12/><G67/><T22/><D65/><U61/><E61/><V13/><F113/><W14/><AGARI ba="2,0" hai="8,11,12,14,15,40,41,42,49,53,57,90,95,97" machi="14" ten="30,2000,0" yaku="0,1,8,1" doraHai="26" who="3" fromWho="3" sc="213,-7,581,-12,103,-7,103,26" /><INIT seed="2,0,0,1,5,111" ten="206,569,96,129" oya="2" hai0="82,20,90,96,38,77,114,7,106,22,39,123,78" hai1="102,72,44,64,122,10,84,95,41,28,0,50,115" hai2="42,100,91,16,26,8,108,6,58,92,9,30,54" hai3="29,134,75,49,116,74,79,98,21,56,101,63,129"/><V52/><F108/><W131/><G134/><T37/><D123/><U57/><E115/><V99/><F42/><W65/><G116/><T36/><D114/><U69/><E72/><V40/><F40/><W62/><G49/><T119/><D119/><U47/><E69/><V27/><F100/><W60/><G75/><T80/><D39/><U4/><E122/><V121/><F121/><W83/><G21/><T45/><D45/><U24/><E44/><V2/><F54/><W14/><G14/><T105/><D38/><U107/><E107/><V11/><F26/><W48/><G29/><T124/><D124/><U133/><E133/><V127/><F127/><W51/><G51/><T89/><D96/><U71/><E71/><V1/><F1/><W12/><G12/><T87/><D87/><U70/><E70/><V113/><F113/><W120/><G120/><T112/><D112/><U3/><E3/><V118/><F118/><W125/><G125/><T109/><D109/><U15/><E0/><V33/><REACH who="2" step="1"/><F16/><REACH who="2" ten="206,569,86,129" step="2"/><W59/><G48/><AGARI ba="0,1" hai="2,6,8,9,11,27,30,33,48,52,58,91,92,99" machi="48" ten="30,12000,1" yaku="1,1,2,1,7,1,54,1,53,1" doraHai="111" doraHaiUra="86" who="2" fromWho="3" sc="206,0,569,0,86,130,129,-120" /><INIT seed="2,1,0,2,4,97" ten="206,569,216,9" oya="2" hai0="55,135,123,60,118,11,19,78,65,131,66,18,77" hai1="32,74,42,127,26,133,86,69,53,54,113,24,67" hai2="100,85,130,25,50,117,38,89,108,84,44,120,107" hai3="128,64,16,94,52,51,33,88,95,90,61,75,45"/><V115/><F115/><W15/><G33/><T7/><D123/><U31/><E113/><V10/><F117/><W14/><G75/><T62/><D118/><U73/><E127/><V114/><F114/><W1/><G1/><T132/><D131/><U35/><E133/><N who="0" m="51273" /><D55/><U109/><E109/><V48/><F120/><W23/><G128/><T83/><D62/><U92/><E42/><V27/><F130/><W56/><G14/><N who="0" m="5503" /><D66/><U9/><E9/><V12/><F108/><W57/><G57/><N who="0" m="37007" /><D77/><U72/><E67/><V93/><F38/><W98/><G95/><T2/><D2/><U20/><E69/><V82/><F107/><W39/><G39/><T106/><D106/><U70/><E70/><V79/><F100/><AGARI ba="1,0" hai="15,16,23,45,51,52,56,61,64,88,90,94,98,100" machi="100" ten="30,12000,2" yaku="7,1,8,1,52,1,54,3" doraHai="97" who="3" fromWho="2" sc="206,0,569,0,216,-123,9,123" /><INIT seed="3,0,0,0,5,104" ten="206,569,93,132" oya="3" hai0="72,33,44,36,6,66,68,13,97,17,18,5,77" hai1="110,91,14,118,62,34,103,63,99,125,43,92,47" hai2="100,107,32,70,57,59,133,101,126,11,60,49,10" hai3="64,46,129,94,73,65,45,108,83,112,24,12,51"/><W96/><G112/><T26/><D68/><U16/><E110/><V58/><F126/><W80/><G129/><T81/><D66/><U56/><E125/><V76/><F133/><W1/><G1/><T42/><D97/><U30/><E118/><V78/><F32/><W28/><G12/><T41/><D41/><U115/><E115/><V131/><F131/><W15/><G15/><T54/><D54/><U7/><E7/><V50/><F107/><W3/><G3/><T61/><D61/><U23/><E103/><N who="2" m="39499" /><F60/><W53/><G45/><T122/><D122/><U52/><E34/><V109/><F70/><W48/><G48/><N who="2" m="18537" /><F109/><W98/><G108/><T87/><D87/><U69/><E30/><V82/><F82/><N who="3" m="31275" /><G73/><T124/><D124/><U4/><E4/><V84/><F84/><W135/><G135/><T25/><D25/><U117/><E117/><V74/><F74/><W132/><G132/><T55/><D55/><U79/><E79/><AGARI ba="0,0" hai="10,11,57,58,59,76,78,79" m="18537,39499" machi="79" ten="30,3900,0" yaku="28,2,8,1" doraHai="104" who="2" fromWho="1" sc="206,0,569,-39,93,39,132,0" owari="206,0.6,530,63.0,132,-26.8,132,-36.8" /></mjloggm>