<mjloggm ver="2.3"><GO type="225" lobby="0"/><UN n0="%E3%81%8B%E3%82%8F%E3%81%A1%E3%82%83%E3%82%93%35%38" n1="%E7%B4%94%E6%BD%94%E3%83%94%E3%83%A9%E3%83%8B%E3%82%A2" n2="%33%74%72%65%65" n3="%E8%81%B7%E6%A5%AD%E3%80%81%E9%A2%A8%32" dan="16,17,17,16" rate="2142.55,2241.03,2164.79,2180.39" sx="M,M,F,M"/><TAIKYOKU oya="0"/><INIT seed="0,0,0,4,3,107" ten="250,250,250,250" oya="0" hai0="87,110,14,11,22,43,3,59,81,84,60,31,125" hai1="25,83,10,109,86,17,58,126,27,34,102,42,74" hai2="120,23,73,108,9,75,69,113,94,122,127,116,0" hai3="80,118,21,19,97,129,63,20,62,36,96,128,35"/><T52/><D125/><U130/><E109/><V1/><F94/><W16/><G35/><T48/><D110/><U77/><E130/><N who="3" m="50282" /><G36/><T47/><D3/><N who="2" m="1098" /><F108/><W98/><G80/><T132/><D132/><U78/><E126/><V57/><F127/><W115/><G115/><T32/><D32/><U85/><E102/><V39/><F57/><W13/><G118/><T92/><D92/><U100/><E100/><V91/><F91/><W121/><G121/><N who="2" m="46697" /><F23/><N who="3" m="8779" /><G13/><T111/><D111/><U28/><E58/><V88/><F88/><W123/><G123/><T71/><D71/><U54/><E83/><V38/><F9/><W134/><G134/><T46/><D81/><U15/><E10/><V26/><F26/><W68/><G68/><T33/><D33/><U2/><E27/><V65/><F113/><W24/><G24/><N who="0" m="16791" /><D47/><U105/><E25/><V6/><F116/><W106/><G106/><T95/><D95/><U103/><E105/><V112/><F112/><W117/><G117/><T53/><D43/><U12/><E42/><V90/><F90/><W4/><G4/><AGARI ba="0,0" hai="4,11,14,46,48,52,53,59,60,84,87" m="16791" machi="4" ten="30,2900,0" yaku="8,1,54,1" doraHai="107" who="0" fromWho="3" sc="250,29,250,0,250,0,250,-29" /><INIT seed="0,1,0,0,2,128" ten="279,250,250,221" oya="0" hai0="84,71,5,97,50,90,41,47,58,76,65,130,42" hai1="35,125,78,27,22,98,79,37,46,112,75,72,120" hai2="68,36,13,51,60,59,34,73,54,103,83,38,7" hai3="86,89,4,77,14,56,111,104,20,18,67,95,11"/><T88/><D130/><U57/><E120/><V107/><F34/><W127/><G111/><T21/><D71/><U70/><E35/><V3/><F3/><W134/><G104/><T117/><D117/><U1/><E1/><V31/><F31/><W26/><G127/><T94/><D5/><U33/><E70/><V39/><F107/><W102/><G77/><T69/><D69/><U106/><E33/><V29/><F29/><W91/><G134/><T62/><D76/><U17/><E57/><V6/><F103/><W121/><G121/><T74/><D74/><U118/><E112/><V101/><F101/><W52/><G67/><T28/><D28/><U99/><E106/><V80/><F73/><W66/><G66/><T81/><REACH who="0" step="1"/><D21/><REACH who="0" ten="269,250,250,221" step="2"/><U85/><E78/><V64/><F6/><W9/><G9/><T45/><D45/><U132/><E125/><V105/><F7/><W93/><G102/><T16/><D16/><U30/><E17/><V122/><F122/><W43/><G43/><AGARI ba="1,1" hai="41,42,43,47,50,58,62,65,81,84,88,90,94,97" machi="43" ten="30,11600,0" yaku="1,1,7,1,8,1,54,1,53,0" doraHai="128" doraHaiUra="133" who="0" fromWho="3" sc="269,129,250,0,250,0,221,-119" /><INIT seed="0,2,0,3,1,9" ten="398,250,250,102" oya="0" hai0="2,93,110,30,27,85,129,87,10,83,51,13,61" hai1="1,71,15,37,70,53,69,122,99,125,132,22,18" hai2="97,58,82,108,121,123,106,63,67,29,20,24,95" hai3="84,102,135,72,94,101,21,56,17,44,52,57,31"/><T100/><D129/><U40/><E122/><V35/><F108/><W92/><G72/><T19/><D110/><U74/><E1/><V68/><F106/><W75/><G75/><T4/><D51/><U5/><E5/><V114/><F114/><W81/><G135/><T113/><D113/><U103/><E74/><V115/><F115/><W33/><G33/><T3/><D61/><U32/><E32/><V86/><F68/><W11/><G31/><T60/><D60/><U36/><E132/><V26/><F26/><N who="3" m="14639" /><G11/><T116/><D116/><U98/><E98/><V127/><F127/><W134/><G134/><T130/><D130/><U41/><E53/><V76/><REACH who="2" step="1"/><F35/><REACH who="2" ten="398,250,240,102" step="2"/><W131/><G131/><T38/><D27/><U73/><E125/><V80/><F80/><W48/><G81/><T6/><D83/><U90/><E69/><V117/><F117/><W47/><G94/><T133/><D93/><U78/><E70/><V91/><AGARI ba="2,1" hai="20,24,29,58,63,67,76,82,86,91,95,97,121,123" machi="91" ten="20,2700,0" yaku="1,1,0,1,7,1,53,0" doraHai="9" doraHaiUra="105" who="2" fromWho="2" sc="398,-15,250,-9,240,43,102,-9" /><INIT seed="1,0,0,4,4,22" ten="383,241,283,93" oya="1" hai0="135,111,71,93,121,58,21,101,57,95,99,12,24" hai1="50,2,110,66,125,90,117,86,84,67,65,83,77" hai2="41,80,55,94,106,46,28,30,9,109,14,64,75" hai3="102,100,48,5,123,8,113,116,26,104,114,29,88"/><U45/><E117/><V96/><F106/><W126/><G116/><T32/><D71/><U74/><E2/><V31/><F64/><W108/><G123/><T91/><D111/><U98/><E110/><V15/><F109/><W92/><G108/><T53/><D135/><U134/><E134/><V60/><F75/><W4/><G126/><T20/><D121/><U73/><E98/><V129/><F129/><W69/><G69/><T11/><D32/><U38/><E38/><V34/><F80/><W27/><G104/><T107/><D107/><U120/><E125/><V7/><F15/><N who="3" m="5511" /><G29/><N who="0" m="17543" /><D21/><U132/><E120/><V112/><F112/><W39/><G39/><T0/><D53/><U82/><REACH who="1" step="1"/><E132/><REACH who="1" ten="383,231,283,93" step="2"/><V131/><F96/><N who="3" m="57351" /><G113/><T61/><D0/><U119/><E119/><V63/><F131/><W70/><G114/><T130/><D130/><U68/><E68/><V78/><F34/><W40/><G70/><T47/><D99/><U23/><E23/><V6/><F9/><W128/><G128/><T51/><D11/><U18/><E18/><V97/><F6/><W62/><G5/><T35/><D35/><U16/><E16/><V56/><F7/><W118/><G118/><T44/><D101/><N who="3" m="39017" /><G62/><T59/><D61/><U85/><E85/><V1/><F60/><W37/><G37/><T43/><D51/><U17/><E17/><V124/><F63/><W72/><G72/><T54/><D12/><U127/><E127/><V13/><F124/><W103/><G103/><T19/><D19/><U89/><E89/><V105/><F1/><W115/><G115/><T33/><D91/><RYUUKYOKU ba="0,1" sc="383,-15,231,15,283,-15,93,15" hai1="45,50,65,66,67,73,74,77,82,83,84,86,90" hai3="26,27,40,48" /><INIT seed="1,1,1,1,2,86" ten="368,246,268,108" oya="1" hai0="104,92,59,33,43,35,87,9,109,18,101,51,10" hai1="125,70,118,63,107,81,13,72,24,1,80,23,48" hai2="53,37,91,85,11,29,132,60,19,120,52,127,128" hai3="74,56,42,69,106,88,99,22,123,71,82,27,90"/><U14/><E1/><V15/><F120/><W122/><G42/><T40/><D104/><U39/><E39/><V64/><F132/><W26/><G56/><T96/><D109/><U134/><E107/><V58/><F127/><W6/><G6/><T126/><D126/><U119/><E125/><V36/><F128/><W83/><G106/><T133/><D133/><U17/><E134/><V47/><F29/><W49/><G99/><T110/><D110/><U0/><E0/><V67/><F37/><W114/><G22/><T100/><D87/><U116/><E48/><N who="2" m="28703" /><F36/><W73/><REACH who="3" step="1"/><G49/><REACH who="3" ten="368,246,268,98" step="2"/><T55/><D51/><U65/><REACH who="1" step="1"/><E72/><REACH who="1" ten="368,236,268,98" step="2"/><V25/><F25/><W8/><G8/><T95/><D9/><U105/><E105/><V130/><F130/><W94/><G94/><AGARI ba="1,3" hai="11,15,19,53,58,60,64,67,85,91,94" m="28703" machi="94" ten="30,3900,0" yaku="8,1,52,1,54,1" doraHai="86" who="2" fromWho="3" sc="368,0,236,0,268,72,98,-42" /><INIT seed="2,0,0,5,3,33" ten="368,236,340,56" oya="2" hai0="20,4,103,83,42,30,60,72,3,110,133,108,50" hai1="69,34,106,45,129,59,94,37,32,61,65,92,8" hai2="23,101,53,11,27,15,118,88,70,31,12,51,132" hai3="124,117,111,126,80,112,84,134,54,14,38,104,96"/><V100/><F118/><W49/><G111/><T66/><D103/><N who="2" m="39498" /><F70/><W121/><G117/><T21/><D30/><U77/><E106/><V25/><F132/><W91/><G121/><T55/><D42/><U128/><E77/><V76/><F76/><W1/><G1/><T24/><D83/><U17/><E69/><V0/><F0/><W131/><G38/><T109/><D72/><U122/><E122/><V114/><F114/><W28/><G104/><T22/><D133/><U29/><E29/><V98/><F27/><W5/><G134/><T63/><D24/><U64/><E37/><V41/><F41/><W81/><G96/><T127/><D127/><N who="3" m="48681" /><G28/><T71/><D63/><U16/><E61/><V79/><F79/><W102/><G102/><T58/><D4/><U62/><E62/><V39/><F39/><W113/><G131/><T67/><D67/><U90/><E59/><N who="2" m="33215" /><F11/><N who="3" m="4463" /><G113/><T78/><D78/><U120/><E120/><V9/><F9/><W18/><G112/><T74/><D74/><U36/><E36/><V19/><F31/><W130/><G130/><T10/><D10/><U107/><E8/><V48/><F48/><W93/><G18/><T97/><D3/><U44/><E107/><V73/><F73/><W56/><AGARI ba="0,0" hai="49,54,56,80,81,84,91,93" m="4463,48681" machi="56" ten="30,1100,0" yaku="18,1" doraHai="33" who="3" fromWho="3" sc="368,-3,236,-3,340,-5,56,11" /><INIT seed="3,0,0,2,5,110" ten="365,233,335,67" oya="3" hai0="20,6,40,37,127,24,115,123,88,121,85,98,90" hai1="38,113,77,52,118,33,8,134,42,63,74,14,95" hai2="73,29,11,107,120,50,3,48,78,43,23,2,1" hai3="132,125,18,53,7,15,9,128,51,72,104,69,96"/><W39/><G72/><T102/><D6/><U76/><E95/><V64/><F107/><W86/><G39/><T44/><D127/><U109/><E52/><V46/><F120/><W91/><G125/><T55/><D55/><U28/><E63/><V83/><F64/><W26/><G128/><T12/><D12/><U5/><E14/><V45/><F29/><W41/><G132/><T68/><D68/><U13/><E13/><V81/><F23/><W27/><G69/><T61/><D61/><U82/><E5/><V89/><F89/><W47/><G104/><T35/><D35/><U119/><E8/><V58/><F58/><W70/><G70/><T116/><D90/><U49/><E49/><V30/><F30/><W71/><G71/><T92/><D115/><U65/><E113/><V10/><REACH who="2" step="1"/><F83/><REACH who="2" ten="365,233,325,67" step="2"/><W66/><G66/><T112/><D112/><U4/><E4/><V101/><F101/><W114/><G114/><T106/><D116/><U103/><E42/><AGARI ba="0,1" hai="1,2,3,10,11,42,43,45,46,48,50,73,78,81" machi="42" ten="40,2600,0" yaku="1,1,9,1,53,0" doraHai="110" doraHaiUra="54" who="2" fromWho="1" sc="365,0,233,-26,325,36,67,0" owari="365,46.5,207,-19.3,361,16.1,67,-43.3" /></mjloggm>