<mjloggm ver="2.3"><GO type="225" lobby="0"/><UN n0="%73%69%67%65%6E%6F%72%69" n1="%E3%81%BF%E3%81%BF%E3%81%9A" n2="%72%61%6B%33" n3="%72%65%6E%6B%75%6E" dan="18,17,16,17" rate="2215.71,2186.32,2109.81,2197.72" sx="M,M,M,M"/><TAIKYOKU oya="0"/><INIT seed="0,0,0,2,0,90" ten="250,250,250,250" oya="0" hai0="128,80,31,45,25,17,116,107,112,118,85,134,101" hai1="57,103,19,126,78,124,99,52,43,28,18,22,51" hai2="58,81,67,4,68,14,132,20,60,42,88,24,35" hai3="96,123,129,70,113,15,71,97,30,56,26,110,40"/><T87/><D112/><U62/><E78/><V10/><F132/><W75/><G75/><T109/><D134/><U131/><E131/><V63/><F35/><W77/><G113/><T32/><D128/><U49/><E28/><V61/><F42/><W74/><G129/><T1/><D1/><U76/><E76/><V21/><F68/><W122/><G40/><T73/><D73/><U86/><E86/><N who="2" m="50255" /><F21/><N who="3" m="15695" /><G56/><T37/><D109/><U29/><E29/><AGARI ba="0,0" hai="4,10,14,20,24,29,58,60,61,63,67" m="50255" machi="29" ten="30,2000,0" yaku="8,1,54,1" doraHai="90" who="2" fromWho="1" sc="250,0,250,-20,250,20,250,0" /><INIT seed="1,0,0,3,2,42" ten="250,230,270,250" oya="1" hai0="11,99,68,58,111,77,103,16,83,39,133,121,109" hai1="73,8,88,94,0,86,22,131,112,124,96,45,107" hai2="6,101,108,25,116,71,54,89,37,47,67,5,40" hai3="7,60,34,55,23,102,79,31,13,114,93,90,41"/><U21/><E112/><V19/><F116/><W82/><G114/><T72/><D68/><U10/><E73/><V28/><F108/><N who="0" m="41546" /><D133/><U3/><E124/><V122/><F122/><W56/><G102/><T32/><D32/><U24/><E131/><V118/><F118/><W48/><G34/><T38/><D121/><U76/><E0/><V134/><F134/><W51/><G41/><T84/><D84/><U110/><E110/><V120/><F120/><W20/><G7/><T18/><D58/><U4/><E8/><V2/><F19/><N who="0" m="7210" /><D11/><U36/><E24/><V44/><F25/><N who="3" m="16807" /><G13/><T97/><D97/><U129/><E129/><V115/><F71/><W46/><G23/><T80/><D83/><U75/><E107/><AGARI ba="0,0" hai="38,39,72,77,80,99,103,107" m="7210,41546" machi="107" ten="30,2000,0" yaku="14,1,54,1" doraHai="42" who="0" fromWho="1" sc="250,20,230,-20,270,0,250,0" /><INIT seed="2,0,0,3,3,135" ten="270,210,270,250" oya="2" hai0="42,3,127,23,131,58,33,38,64,15,75,1,8" hai1="88,43,115,98,78,40,31,77,126,34,93,57,9" hai2="72,105,124,102,55,36,112,24,134,123,128,70,108" hai3="22,132,89,59,118,100,122,71,10,51,79,60,13"/><V110/><F55/><W49/><G122/><T101/><D75/><U11/><E115/><V2/><F24/><W74/><G118/><T12/><D33/><U113/><E113/><V27/><F27/><W99/><G132/><T19/><D131/><U41/><E34/><V116/><F102/><W92/><G71/><T91/><D101/><U109/><E31/><V130/><F130/><W68/><G68/><T17/><D38/><U87/><E109/><V6/><F6/><W97/><G22/><T90/><D42/><U95/><E126/><V114/><F110/><W28/><G28/><T103/><D103/><N who="1" m="60879" /><E57/><V30/><F30/><W76/><G74/><T29/><D29/><U44/><E44/><V53/><F53/><N who="3" m="33903" /><G89/><T52/><D64/><U45/><E45/><V66/><F66/><W86/><G99/><T18/><D127/><U20/><E20/><V14/><F14/><W107/><G107/><T80/><D80/><U73/><E73/><V82/><F82/><N who="3" m="47431" /><G79/><AGARI ba="0,0" hai="9,11,40,41,43,77,78,79,87,88,95" m="60879" machi="79" ten="30,2000,0" yaku="8,1,54,1" doraHai="135" who="1" fromWho="3" sc="270,0,210,20,270,0,250,-20" /><INIT seed="3,0,0,1,0,5" ten="270,230,270,230" oya="3" hai0="4,111,129,126,61,124,96,105,60,123,99,68,25" hai1="7,6,43,13,133,93,89,8,49,104,18,11,135" hai2="103,33,78,101,69,20,85,117,35,97,14,81,88" hai3="83,120,106,94,51,134,23,56,116,0,118,79,65"/><W112/><G106/><T132/><D123/><U131/><E104/><V125/><F117/><W100/><G0/><T98/><D105/><U122/><E122/><V115/><F115/><W31/><G112/><T76/><D111/><U67/><E67/><V16/><F125/><N who="0" m="48234" /><D132/><N who="1" m="50763" /><E131/><V119/><F119/><W128/><G120/><T63/><D129/><U12/><E49/><V32/><F69/><W84/><G128/><T36/><D36/><U37/><E43/><V27/><F97/><N who="3" m="59447" /><G134/><T80/><D25/><U10/><E37/><V58/><F58/><W42/><G42/><T127/><N who="0" m="48242" /><T44/><DORA hai="108" /><D44/><U66/><E66/><V55/><F55/><W52/><G116/><T91/><D4/><N who="1" m="1579" /><E13/><V59/><F59/><W110/><G110/><T86/><D68/><U113/><E113/><V102/><REACH who="2" step="1"/><F78/><AGARI ba="0,0" hai="60,61,63,76,78,80,86,91,96,98,99" m="48242" machi="78" ten="50,1600,0" yaku="18,1" doraHai="5,108" who="0" fromWho="2" sc="270,16,230,0,270,-16,230,0" /><INIT seed="4,0,0,3,3,8" ten="286,230,254,230" oya="0" hai0="23,132,7,134,13,88,45,86,91,105,84,95,115" hai1="1,2,22,49,12,66,100,124,92,32,51,108,123" hai2="31,80,114,3,40,78,29,112,73,17,118,52,107" hai3="102,87,19,59,61,36,117,72,6,57,116,56,96"/><T99/><D115/><U69/><E123/><V129/><F107/><W5/><G72/><T63/><D105/><U20/><E32/><V111/><F111/><W89/><G36/><T46/><D63/><U79/><E108/><V27/><F3/><W55/><G116/><T26/><D13/><U41/><E79/><V70/><F70/><W106/><G117/><T28/><D7/><U25/><E124/><V16/><F118/><W90/><G90/><T68/><D68/><U18/><E69/><V130/><F40/><W62/><G19/><N who="2" m="7241" /><F52/><W35/><G35/><T120/><D120/><U122/><E122/><V83/><F83/><W76/><G76/><T39/><D39/><U10/><E66/><V15/><F15/><W64/><REACH who="3" step="1"/><G59/><REACH who="3" ten="286,230,254,220" step="2"/><T53/><D91/><U65/><E22/><N who="2" m="15607" /><F31/><W77/><G77/><T11/><D28/><U109/><E109/><V85/><F73/><W43/><G43/><T4/><D23/><U38/><E41/><V131/><AGARI ba="0,1" hai="78,80,85,112,114,129,130,131" m="15607,7241" machi="131" ten="40,2700,0" yaku="19,1,54,1" doraHai="8" who="2" fromWho="2" sc="286,-13,230,-7,254,37,220,-7" /><INIT seed="5,0,0,0,0,78" ten="273,223,291,213" oya="1" hai0="2,9,101,40,50,35,21,87,32,6,93,112,5" hai1="75,17,3,115,61,118,8,53,37,107,120,95,73" hai2="131,97,25,76,125,60,90,64,15,65,104,98,38" hai3="45,19,92,79,41,110,29,100,102,36,71,11,67"/><U43/><E118/><V4/><F38/><W80/><G110/><T99/><D112/><U105/><E120/><V68/><F65/><W77/><G29/><T47/><D6/><N who="1" m="1119" /><E95/><V7/><F97/><W26/><G77/><T49/><D21/><U34/><E53/><V59/><F68/><W134/><G134/><T81/><REACH who="0" step="1"/><D49/><REACH who="0" ten="263,223,291,213" step="2"/><U133/><E115/><V51/><F51/><W128/><G128/><T132/><D132/><U122/><E133/><V13/><F131/><W48/><G48/><T39/><D39/><U91/><E122/><V20/><F4/><W108/><G108/><T57/><D57/><U27/><E17/><V42/><F7/><W55/><G36/><T135/><D135/><U46/><E61/><V114/><F114/><W119/><G71/><T14/><D14/><U82/><E34/><V127/><F13/><N who="3" m="7615" /><G26/><T58/><D58/><U86/><E27/><V88/><F15/><W103/><G119/><T24/><D24/><U109/><E109/><V74/><F25/><W28/><G28/><T111/><D111/><U63/><E63/><V16/><F20/><W22/><G22/><T56/><D56/><U69/><E69/><V126/><F16/><W1/><G1/><T121/><D121/><U10/><E10/><V62/><F62/><W85/><G67/><T44/><D44/><U117/><E117/><V123/><F123/><W113/><G113/><T116/><D116/><U130/><E130/><V96/><F60/><W30/><G30/><T129/><D129/><U89/><E37/><V54/><F64/><W12/><G12/><T106/><D106/><RYUUKYOKU ba="0,1" sc="263,30,223,-10,291,-10,213,-10" hai0="2,5,9,32,35,40,47,50,81,87,93,99,101" /><INIT seed="6,1,1,1,3,114" ten="293,213,281,203" oya="2" hai0="32,24,37,4,58,132,34,74,40,13,81,9,47" hai1="72,110,117,66,75,98,73,102,2,107,94,0,3" hai2="12,35,96,120,55,31,56,84,118,80,95,122,130" hai3="135,11,54,134,92,88,113,23,25,28,68,14,44"/><V106/><F118/><W79/><G68/><T36/><D132/><N who="3" m="50729" /><G79/><T51/><D24/><U43/><E110/><V10/><F106/><W99/><G113/><T77/><REACH who="0" step="1"/><D58/><REACH who="0" ten="283,213,281,203" step="2"/><U63/><E117/><V16/><F130/><W123/><G123/><T91/><D91/><U42/><REACH who="1" step="1"/><E107/><REACH who="1" ten="283,203,281,203" step="2"/><V115/><F115/><W1/><G1/><T97/><D97/><U52/><E52/><V104/><F104/><W101/><G54/><T60/><D60/><U119/><E119/><V21/><F120/><W49/><G101/><T124/><D124/><U67/><E67/><V89/><F122/><W61/><G61/><T85/><D85/><U48/><E48/><V121/><F121/><W70/><G70/><AGARI ba="1,3" hai="0,2,3,42,43,63,66,70,72,73,75,94,98,102" machi="70" ten="50,1600,0" yaku="1,1,53,0" doraHai="114" doraHaiUra="108" who="1" fromWho="3" sc="283,0,203,49,281,0,203,-19" /><INIT seed="7,0,0,1,0,43" ten="283,252,281,184" oya="3" hai0="79,35,132,29,59,123,115,77,38,85,87,75,99" hai1="74,98,66,48,134,86,110,116,30,57,96,126,44" hai2="117,76,93,19,70,130,83,58,67,40,71,6,105" hai3="28,11,128,16,0,54,8,34,80,32,82,92,119"/><W9/><G119/><T37/><D75/><U103/><E110/><V51/><F105/><W94/><G128/><T121/><D29/><U118/><E74/><V73/><F117/><N who="1" m="45161" /><E134/><V5/><F130/><W13/><G54/><T91/><D35/><N who="3" m="13353" /><G0/><T56/><D99/><U88/><E126/><V14/><F93/><N who="3" m="35947" /><G28/><T81/><D91/><U122/><E122/><V68/><F40/><W89/><G89/><T131/><D131/><U114/><E114/><V62/><REACH who="2" step="1"/><F51/><REACH who="2" ten="283,252,271,184" step="2"/><W125/><G125/><T27/><D115/><U26/><E103/><V78/><F78/><W31/><G31/><T69/><D79/><U20/><E57/><V7/><F7/><W120/><G120/><T61/><D77/><U17/><E30/><V3/><F3/><W72/><G72/><T111/><D59/><U84/><E66/><V55/><F55/><W39/><G39/><T104/><D56/><U133/><E133/><V60/><F60/><W4/><G4/><T45/><D132/><U97/><E88/><V65/><F65/><W33/><N who="3" m="13361" /><W135/><DORA hai="107" /><G135/><T108/><D38/><U64/><E64/><V22/><AGARI ba="0,1" hai="5,6,14,19,22,58,62,67,68,70,71,73,76,83" machi="22" ten="30,7900,0" yaku="1,1,0,1,52,1,53,1" doraHai="43,107" doraHaiUra="53,127" who="2" fromWho="2" sc="283,-20,252,-20,271,89,184,-39" owari="263,6.3,232,-16.8,360,46.0,145,-35.5" /></mjloggm>