<mjloggm ver="2.3"><GO type="225" lobby="0"/><UN n0="%E3%81%BD%E3%81%A1%E3%81%9F%E3%81%93%E3%82%84" n1="%E7%89%B9%E6%9D%B1%E3%81%AF%E4%B8%96%E7%95%8C%E3%82%92%E6%95%91%E3%81%86" n2="%47%68%6F%73%74%55%30" n3="%E5%8D%A0%E3%81%84%E5%B8%AB%E8%A3%8F%E3%81%AA%E3%81%84%E3%81%97" dan="17,16,16,17" rate="2141.91,2223.56,2134.07,2177.86" sx="M,M,M,M"/><TAIKYOKU oya="0"/><INIT seed="0,0,0,0,0,48" ten="250,250,250,250" oya="0" hai0="16,46,79,97,87,93,115,76,37,60,13,62,96" hai1="8,27,0,109,1,128,57,82,53,77,52,32,69" hai2="85,73,132,6,106,131,49,58,51,112,121,119,56" hai3="15,98,25,22,20,47,36,23,102,100,107,89,28"/><T114/><D37/><U110/><E69/><V68/><F73/><W80/><G102/><T88/><D46/><U130/><E32/><V92/><F106/><W95/><G80/><N who="0" m="49255" /><D115/><U43/><E43/><V34/><F34/><W14/><G36/><T120/><D120/><U108/><E27/><V59/><F112/><W21/><REACH who="3" step="1"/><G47/><REACH who="3" ten="250,250,250,240" step="2"/><T66/><D114/><U104/><E104/><V129/><F121/><W9/><G9/><N who="0" m="6191" /><D97/><AGARI ba="0,1" hai="14,15,20,21,22,23,25,28,89,95,97,98,100,107" machi="97" ten="40,1300,0" yaku="1,1,53,0" doraHai="48" doraHaiUra="83" who="3" fromWho="0" sc="250,-13,250,0,250,0,240,23" /><INIT seed="1,0,0,5,5,16" ten="237,250,250,263" oya="1" hai0="35,63,114,85,129,120,91,4,54,108,92,20,89" hai1="127,29,103,18,45,80,132,130,105,100,12,10,126" hai2="84,65,11,122,109,36,64,44,117,74,83,116,48" hai3="27,6,62,24,0,81,73,94,33,52,107,71,75"/><U14/><E130/><V86/><F122/><W88/><G107/><T61/><D114/><U121/><E121/><V78/><F109/><W93/><G0/><T131/><D35/><U82/><E132/><V49/><F36/><W17/><G6/><T46/><D108/><U125/><E29/><V7/><F49/><W119/><G119/><T13/><D120/><U28/><E28/><V42/><F74/><W38/><G38/><T50/><D91/><U66/><E66/><V31/><F84/><W76/><G75/><T39/><D39/><U69/><E69/><V133/><F133/><W57/><G71/><T2/><D2/><U60/><E60/><V123/><F123/><W106/><G106/><T51/><D51/><U56/><E56/><V1/><REACH who="2" step="1"/><F31/><REACH who="2" ten="237,250,240,263" step="2"/><W37/><G37/><T3/><D129/><U58/><E125/><V79/><F79/><W67/><G33/><T77/><D77/><U115/><E127/><V96/><F96/><W72/><G72/><T53/><D131/><U55/><E126/><V124/><F124/><W135/><G135/><T34/><D50/><U118/><E118/><AGARI ba="0,1" hai="1,7,11,42,44,48,64,65,78,83,86,116,117,118" machi="118" ten="40,1300,0" yaku="1,1,53,0" doraHai="16" doraHaiUra="19" who="2" fromWho="1" sc="237,0,250,-13,240,23,263,0" /><INIT seed="2,0,0,0,1,127" ten="237,237,263,263" oya="2" hai0="56,99,124,9,8,65,25,10,76,42,120,87,133" hai1="110,13,122,94,78,17,16,134,39,96,62,21,128" hai2="3,73,105,0,41,135,116,11,66,52,32,60,84" hai3="83,77,81,22,118,57,130,61,35,93,55,67,112"/><V51/><F73/><W113/><G118/><T82/><D120/><U40/><E122/><V91/><F116/><W46/><G35/><T89/><D124/><U7/><E110/><V53/><F105/><W70/><G93/><N who="0" m="56751" /><D133/><U111/><E111/><V26/><F135/><W79/><G22/><T5/><D42/><U74/><E134/><V58/><F41/><W102/><G102/><T126/><D126/><U98/><E128/><V68/><F11/><W15/><G15/><N who="0" m="5519" /><D25/><N who="1" m="14503" /><E39/><V44/><F32/><W69/><G46/><T18/><D18/><U85/><E74/><V34/><F34/><W119/><G119/><T88/><D76/><N who="3" m="29257" /><G69/><T1/><D1/><U37/><E37/><V59/><F26/><W115/><G130/><T20/><D20/><N who="1" m="11311" /><E40/><V103/><F103/><W92/><G92/><T31/><D31/><U100/><E7/><V14/><F68/><W47/><G47/><T29/><D29/><U125/><E125/><V80/><REACH who="2" step="1"/><F14/><REACH who="2" ten="237,237,253,263" step="2"/><W23/><G23/><T101/><D101/><U2/><E100/><V131/><F131/><W123/><G123/><T64/><D9/><U117/><E117/><V38/><F38/><W30/><G30/><T45/><D10/><U24/><E24/><V114/><F114/><W121/><G121/><T90/><D45/><U6/><E2/><V72/><F72/><W36/><G36/><T63/><D90/><U28/><E78/><V95/><F95/><W71/><G71/><T27/><D27/><U4/><E4/><V48/><AGARI ba="0,1" hai="0,3,44,48,51,52,53,58,59,60,66,80,84,91" machi="48" ten="20,18000,2" yaku="1,1,0,1,7,1,54,1,53,2" doraHai="127" doraHaiUra="50" who="2" fromWho="2" sc="237,-60,237,-60,253,190,263,-60" /><INIT seed="2,1,0,4,2,118" ten="177,177,443,203" oya="2" hai0="14,120,48,90,83,64,11,110,54,126,26,107,98" hai1="1,10,129,52,104,42,23,131,81,56,108,62,91" hai2="57,19,2,38,76,101,103,59,132,96,73,134,69" hai3="94,0,5,4,127,125,31,30,133,7,8,88,51"/><V55/><F69/><W95/><G133/><T80/><D110/><U106/><E108/><V115/><F115/><W97/><G51/><T9/><D126/><N who="3" m="48137" /><G95/><N who="0" m="56695" /><D120/><U60/><E42/><V6/><F38/><W121/><G121/><T112/><D107/><U72/><E23/><V124/><F124/><W43/><G43/><T32/><D32/><U87/><E72/><V75/><F19/><W40/><G40/><T105/><D105/><U70/><E70/><V21/><F21/><W109/><G109/><T123/><D112/><U111/><E111/><V117/><F75/><W37/><G37/><T29/><D64/><U27/><E60/><V34/><F76/><W24/><G30/><T89/><D123/><U41/><E41/><V15/><F73/><W116/><G116/><T128/><D128/><N who="1" m="49227" /><E27/><V77/><F34/><AGARI ba="1,0" hai="0,4,5,7,8,24,31,34,88,94,97" m="48137" machi="34" ten="30,2000,0" yaku="18,1,54,1" doraHai="118" who="3" fromWho="2" sc="177,0,177,0,443,-23,203,23" /><INIT seed="3,0,0,5,2,93" ten="177,177,420,226" oya="3" hai0="17,116,27,4,61,71,9,108,103,58,102,24,131" hai1="62,35,59,121,10,118,70,83,133,85,119,96,69" hai2="31,78,34,40,48,89,104,82,7,81,26,86,33" hai3="55,109,72,11,97,13,126,80,49,25,99,84,112"/><W67/><G112/><T76/><D116/><N who="1" m="44587" /><E133/><V5/><F104/><W20/><G67/><T92/><D71/><U77/><E121/><V132/><F34/><W120/><G72/><T111/><D131/><U79/><E35/><V52/><F40/><W95/><G95/><T3/><D76/><N who="1" m="29259" /><E96/><V63/><F63/><W44/><G126/><T130/><D130/><U57/><E10/><V50/><F50/><W91/><G109/><N who="0" m="42059" /><D92/><U38/><E38/><V105/><F105/><W127/><G120/><T19/><D27/><U56/><E62/><V18/><F18/><N who="0" m="6666" /><D24/><U22/><E22/><V29/><F29/><N who="3" m="17575" /><G127/><T23/><D23/><U110/><E110/><V60/><F132/><W12/><G12/><T15/><D15/><U68/><E68/><V115/><F115/><W73/><G73/><T41/><D41/><U122/><E122/><V46/><F60/><W42/><G42/><T107/><D107/><U45/><E45/><V6/><F6/><AGARI ba="0,0" hai="6,11,13,44,49,55,80,84,91,97,99" m="17575" machi="6" ten="30,5800,0" yaku="8,1,52,2" doraHai="93" who="3" fromWho="2" sc="177,0,177,0,420,-58,226,58" /><INIT seed="3,1,0,0,4,36" ten="177,177,362,284" oya="3" hai0="121,125,86,77,1,131,0,41,44,100,97,60,110" hai1="53,40,48,104,34,81,18,64,61,42,22,62,26" hai2="123,109,8,45,29,43,31,95,67,30,83,98,88" hai3="90,113,69,89,78,25,115,70,75,84,51,127,119"/><W122/><G119/><T129/><D121/><U68/><E104/><V111/><F67/><W17/><G122/><T120/><D120/><U46/><E34/><V116/><F123/><W80/><G127/><T2/><D125/><U55/><E81/><V16/><F116/><W32/><G89/><T38/><D110/><N who="2" m="41994" /><F83/><W52/><G113/><T124/><D124/><U105/><E105/><V7/><F16/><W23/><G115/><T27/><D86/><U106/><E106/><V63/><F63/><W132/><G32/><T39/><D77/><U5/><E5/><V14/><F30/><W93/><REACH who="3" step="1"/><G132/><REACH who="3" ten="177,177,362,274" step="2"/><T12/><D129/><U76/><REACH who="1" step="1"/><E76/><REACH who="1" ten="177,167,362,274" step="2"/><V87/><F98/><W114/><G114/><T66/><D131/><U37/><E37/><AGARI ba="1,2" hai="7,8,14,29,31,37,43,45,87,88,95" m="41994" machi="37" ten="30,3900,0" yaku="14,1,52,1,54,1" doraHai="36" who="2" fromWho="1" sc="177,0,167,-42,362,62,274,0" owari="177,-22.3,125,-37.5,424,52.4,274,7.4" /></mjloggm>