<mjloggm ver="2.3"><GO type="225" lobby="0"/><UN n0="%72%65%6E%6B%75%6E" n1="%E7%9A%AE%E3%80%85" n2="%33%74%72%65%65" n3="%E5%B0%8F%E9%B3%A5%E9%81%8A%E7%B7%B4%E7%84%A1%32%31%E6%AD%B3" dan="17,16,17,16" rate="2206.76,2165.37,2155.05,2165.28" sx="M,F,F,F"/><TAIKYOKU oya="0"/><INIT seed="0,0,0,5,4,56" ten="250,250,250,250" oya="0" hai0="13,134,109,112,28,15,104,91,69,18,117,49,36" hai1="14,103,125,127,105,135,111,55,63,48,121,100,78" hai2="114,11,58,0,76,101,34,44,4,70,77,110,133" hai3="60,124,80,73,46,40,74,22,47,75,53,87,30"/><T88/><D36/><U89/><E121/><V32/><F70/><W81/><G124/><N who="1" m="47690" /><E111/><V122/><F114/><W79/><G81/><T45/><D104/><U90/><E78/><V99/><F122/><W72/><N who="3" m="18432" /><DORA hai="65" /><W19/><G30/><T102/><D102/><N who="1" m="38955" /><E105/><V52/><F110/><W126/><G126/><T94/><D69/><U116/><E116/><V107/><F44/><W42/><G46/><T31/><D112/><U62/><E14/><V106/><F106/><W123/><G123/><T5/><D117/><U71/><E135/><V115/><F115/><W27/><REACH who="3" step="1"/><G47/><REACH who="3" ten="250,250,250,240" step="2"/><T64/><D45/><N who="1" m="28047" /><E71/><V59/><F133/><W96/><G96/><T10/><D134/><U132/><E132/><V83/><F83/><W130/><G130/><T98/><D109/><U16/><E16/><V82/><F82/><W86/><G86/><T54/><D31/><U67/><E67/><V68/><F99/><W6/><G6/><T41/><D28/><U25/><E25/><V85/><F4/><W29/><G29/><T43/><D64/><U3/><E3/><V8/><F0/><W95/><G95/><N who="0" m="56679" /><D43/><U92/><E92/><V118/><F85/><W84/><G84/><N who="0" m="52583" /><D41/><U51/><E51/><V1/><F1/><W37/><G37/><T119/><D119/><U50/><E50/><V97/><F118/><W131/><G131/><T24/><D49/><U17/><E17/><V38/><F38/><W7/><G7/><T57/><D5/><U39/><E39/><V26/><F107/><W129/><G129/><T120/><D120/><U35/><E35/><V12/><F32/><RYUUKYOKU ba="0,1" sc="250,-15,250,15,250,-15,240,15" hai1="62,63,89,90" hai3="19,22,27,40,42,53,60,79,80,87" /><INIT seed="1,1,1,1,0,84" ten="235,265,235,255" oya="1" hai0="14,61,91,65,103,97,109,18,115,25,60,22,4" hai1="94,72,41,30,47,114,90,116,80,119,93,33,27" hai2="69,20,7,82,70,96,126,58,6,128,52,56,107" hai3="21,123,55,8,120,5,121,64,85,98,45,37,133"/><U59/><E114/><V63/><F126/><W24/><G133/><T77/><D109/><U13/><E13/><V26/><F128/><W118/><G118/><T92/><D115/><U81/><E59/><V68/><F82/><W29/><G64/><T105/><D77/><U117/><E72/><V83/><F83/><W46/><G98/><T17/><D4/><U131/><E94/><V66/><F96/><W67/><G67/><T32/><D32/><U49/><REACH who="1" step="1"/><E131/><REACH who="1" ten="235,255,235,255" step="2"/><V31/><REACH who="2" step="1"/><F107/><REACH who="2" ten="235,255,225,255" step="2"/><W135/><G121/><T34/><D105/><U42/><E42/><V129/><F129/><W73/><G120/><T86/><D103/><U12/><E12/><V54/><F54/><W110/><G123/><T43/><D43/><U19/><E19/><V3/><F3/><W127/><G37/><T122/><D122/><U104/><E104/><V102/><F102/><W125/><G125/><T89/><D17/><U62/><E62/><AGARI ba="1,3" hai="6,7,20,26,31,52,56,58,62,63,66,68,69,70" machi="62" ten="40,2600,0" yaku="1,1,54,1,53,0" doraHai="84" doraHaiUra="100" who="2" fromWho="1" sc="235,0,255,-29,225,59,255,0" /><INIT seed="2,0,0,0,3,56" ten="235,226,284,255" oya="2" hai0="95,98,31,32,24,128,8,83,79,45,114,59,96" hai1="116,101,18,67,81,61,122,39,108,113,106,86,28" hai2="72,26,21,17,131,104,109,85,129,118,112,57,74" hai3="70,34,111,38,2,46,50,133,43,60,13,48,10"/><V99/><F112/><W33/><G133/><T9/><D128/><N who="2" m="49226" /><F118/><W27/><G2/><T11/><D114/><U36/><E116/><V123/><F123/><W87/><G87/><T23/><D45/><U75/><E113/><V25/><F85/><W100/><G100/><T69/><D69/><U55/><E108/><V127/><F109/><W121/><G121/><T102/><D96/><U82/><E75/><N who="2" m="28715" /><F127/><W89/><G89/><T58/><D58/><U15/><E122/><V119/><F119/><W0/><G111/><T12/><D32/><U80/><E86/><V40/><F40/><W44/><G0/><T5/><D83/><U97/><E28/><V124/><F124/><W77/><G43/><T62/><REACH who="0" step="1"/><D79/><REACH who="0" ten="225,226,284,255" step="2"/><U47/><E47/><V76/><F76/><W4/><G77/><T126/><D126/><U84/><E55/><AGARI ba="0,1" hai="5,8,9,11,12,23,24,31,55,59,62,95,98,102" machi="55" ten="30,8000,1" yaku="1,1,7,1,8,1,52,1,53,1" doraHai="56" doraHaiUra="54" who="0" fromWho="1" sc="225,90,226,-80,284,0,255,0" /><INIT seed="3,0,0,2,2,67" ten="315,146,284,255" oya="3" hai0="132,102,72,42,88,104,115,2,112,116,48,78,70" hai1="24,77,74,43,103,75,4,8,51,58,53,19,64" hai2="59,38,96,73,133,10,41,129,15,134,109,21,111" hai3="60,79,125,100,106,119,3,1,65,47,123,90,68"/><W6/><G123/><T23/><D116/><U32/><E103/><V56/><F73/><W12/><G119/><T18/><D2/><U91/><E91/><V46/><F21/><W26/><G125/><T5/><D70/><U71/><E43/><V121/><F121/><W34/><G90/><T76/><D5/><U69/><E64/><V110/><F96/><N who="3" m="61703" /><G79/><T30/><D30/><U17/><E32/><V124/><F124/><W85/><G85/><T28/><D28/><U57/><E57/><N who="2" m="22091" /><F129/><W107/><G47/><N who="0" m="25719" /><D132/><N who="2" m="50794" /><F15/><W16/><G6/><T87/><D102/><U37/><E37/><N who="2" m="21807" /><F10/><N who="3" m="6167" /><G107/><T52/><D104/><U114/><E114/><V55/><F55/><W14/><G14/><N who="0" m="9687" /><D72/><U13/><E75/><V61/><F61/><W45/><G45/><T130/><D130/><U27/><E27/><V50/><F50/><W98/><G98/><T118/><D52/><U35/><E19/><V101/><F101/><W44/><G44/><T54/><D54/><U31/><REACH who="1" step="1"/><E17/><REACH who="1" ten="315,136,284,255" step="2"/><V7/><F38/><W25/><G25/><T113/><D118/><U81/><AGARI ba="0,1" hai="4,8,13,24,31,35,51,53,58,69,71,74,77,81" machi="81" ten="30,8000,1" yaku="1,1,2,1,0,1,52,2,53,0" doraHai="67" doraHaiUra="97" who="1" fromWho="1" sc="315,-20,136,90,284,-20,255,-40" /><INIT seed="4,0,0,3,0,78" ten="295,226,264,215" oya="0" hai0="62,9,64,123,133,20,18,8,111,115,30,38,66" hai1="12,81,96,114,67,56,85,74,99,11,72,33,126" hai2="60,86,43,106,21,95,91,16,101,15,90,51,53" hai3="77,54,94,82,48,121,76,128,42,37,29,107,127"/><T6/><D123/><U89/><E33/><V23/><F106/><W113/><G127/><T135/><D38/><U47/><E126/><V7/><F101/><W50/><G107/><T46/><D111/><U120/><E120/><V88/><F7/><W93/><G113/><T97/><D115/><U49/><E74/><V108/><F108/><W27/><G37/><T4/><D46/><U79/><E114/><V117/><F117/><W10/><G128/><T69/><D66/><U75/><E75/><V68/><F23/><N who="3" m="15615" /><G10/><N who="0" m="4203" /><D97/><U52/><E79/><V103/><F103/><W34/><G34/><T131/><D30/><U41/><E72/><V31/><F31/><W63/><G42/><T98/><D98/><U73/><E67/><N who="2" m="41063" /><F43/><W2/><G2/><T129/><D6/><N who="1" m="3191" /><E73/><V0/><F0/><W119/><G119/><T118/><D4/><U36/><E36/><V44/><F44/><W70/><G70/><T124/><D118/><U110/><E110/><V61/><F61/><W92/><G121/><T5/><D5/><U28/><E28/><V26/><F26/><W39/><G39/><T122/><D122/><U116/><E116/><V1/><F1/><W13/><G13/><N who="0" m="9295" /><D124/><U55/><E41/><V130/><F130/><AGARI ba="0,0" hai="62,64,69,129,130,131,133,135" m="9295,4203" machi="130" ten="30,1500,0" yaku="19,1" doraHai="78" who="0" fromWho="2" sc="295,15,226,0,264,-15,215,0" owari="310,41.0,226,-17.4,249,4.9,215,-28.5" /></mjloggm>