<mjloggm ver="2.3"><GO type="225" lobby="0"/><UN n0="%E7%99%BD%E9%9B%AA%E4%B9%83%E6%84%9B" n1="%E6%A1%9C%E8%8A%B1%E9%96%83%E3%80%85" n2="%E3%83%96%E3%83%83%E3%83%91%E3%82%AA%E3%83%96%E3%83%81%E3%82%AD%E3%83%B3" n3="%E3%83%A9%E3%82%B9%E7%8E%87%EF%BC%93%E5%89%B2" dan="16,16,16,17" rate="2021.76,2167.39,2192.75,2212.98" sx="F,M,M,F"/><TAIKYOKU oya="0"/><INIT seed="0,0,0,4,0,132" ten="250,250,250,250" oya="0" hai0="62,102,127,74,111,69,54,42,94,33,129,108,39" hai1="16,110,79,0,134,93,9,23,91,75,41,55,36" hai2="49,87,11,98,26,116,35,63,44,1,112,83,101" hai3="96,12,4,24,107,78,71,82,51,60,32,77,56"/><T57/><D74/><U45/><E134/><V124/><F112/><W43/><G32/><T121/><D121/><U10/><E110/><N who="0" m="42025" /><D33/><U70/><E70/><V27/><F116/><W7/><G71/><T6/><D129/><U131/><E131/><V2/><F124/><W113/><G113/><T130/><D130/><U8/><E55/><V38/><F38/><W66/><G24/><T86/><D6/><N who="1" m="1095" /><E93/><V21/><F63/><W135/><G60/><T30/><D30/><U90/><E9/><V34/><F27/><W80/><G66/><T65/><D127/><U46/><E10/><V88/><F11/><W17/><G7/><T103/><D42/><U68/><E46/><V28/><F2/><W118/><G43/><T123/><D39/><U85/><E85/><V72/><F72/><W100/><G4/><T119/><D123/><U37/><E68/><V40/><REACH who="2" step="1"/><F1/><REACH who="2" ten="250,250,240,250" step="2"/><W126/><G126/><T19/><D119/><U114/><E37/><V14/><F14/><W22/><G118/><T122/><D122/><U52/><E114/><V58/><F58/><W5/><G135/><T20/><D69/><U61/><E61/><V50/><F50/><W13/><G5/><T84/><D65/><U18/><E75/><V25/><F25/><W128/><G13/><N who="0" m="9327" /><D94/><AGARI ba="0,1" hai="21,26,28,34,35,40,44,49,83,87,88,94,98,101" machi="94" ten="30,3900,0" yaku="1,1,7,1,54,1,53,0" doraHai="132" doraHaiUra="104" who="2" fromWho="0" sc="250,-39,250,0,240,49,250,0" /><INIT seed="1,0,0,5,4,31" ten="211,250,289,250" oya="1" hai0="109,10,48,101,86,126,129,102,54,50,40,47,83" hai1="55,44,6,107,105,95,51,91,52,56,33,85,71" hai2="61,125,12,3,8,30,119,118,17,87,70,46,80" hai3="76,92,130,93,62,66,113,120,60,59,73,37,11"/><U106/><E71/><V108/><F108/><W20/><G113/><T67/><D109/><U45/><E6/><V89/><F125/><W114/><G114/><T84/><D126/><U39/><E39/><V34/><F3/><W25/><G120/><T128/><D67/><U115/><E115/><V97/><F70/><W65/><G130/><T134/><D134/><U72/><E72/><V79/><F61/><W69/><G37/><T23/><D23/><U96/><E33/><V99/><F99/><W19/><G76/><T9/><D129/><U43/><E45/><V81/><F97/><W49/><G73/><T127/><D127/><U94/><REACH who="1" step="1"/><E56/><REACH who="1" ten="211,240,289,250" step="2"/><V16/><F46/><W116/><G69/><T74/><D74/><U68/><E68/><V122/><F122/><W2/><G59/><T57/><D128/><U132/><E132/><V77/><F118/><W24/><G116/><T18/><D9/><U100/><AGARI ba="0,1" hai="43,44,51,52,55,85,91,94,95,96,100,105,106,107" machi="100" ten="30,6000,0" yaku="1,1,0,1,54,1,53,0" doraHai="31" doraHaiUra="112" who="1" fromWho="1" sc="211,-20,240,70,289,-20,250,-20" /><INIT seed="1,1,0,3,1,25" ten="191,310,269,230" oya="1" hai0="112,55,123,1,85,108,88,45,73,69,29,124,44" hai1="31,3,60,119,62,4,77,10,36,54,24,90,23" hai2="50,41,21,76,48,118,6,101,75,134,93,71,22" hai3="111,83,107,74,131,14,43,38,126,13,86,28,122"/><U70/><E119/><V135/><F118/><W49/><G38/><T39/><D112/><U100/><E36/><V89/><F71/><W94/><G107/><T115/><D115/><U97/><E77/><V33/><F101/><W61/><G74/><T114/><D114/><U2/><E2/><V11/><F33/><W78/><G122/><T8/><D73/><U106/><E70/><V5/><F76/><W82/><G131/><T120/><D69/><U121/><E121/><V132/><F75/><W18/><G111/><T84/><D108/><U105/><E105/><V65/><F65/><W32/><G126/><T66/><D66/><U133/><E133/><V87/><F41/><W51/><G43/><T40/><D124/><U103/><E103/><V26/><F22/><W117/><G83/><T52/><D1/><U19/><E90/><V80/><F80/><W64/><G14/><T99/><D8/><U110/><E110/><V129/><F129/><W96/><G117/><T127/><D127/><U109/><E109/><V57/><F57/><N who="3" m="36911" /><G28/><T56/><D99/><U9/><E54/><V104/><F104/><W130/><G32/><T95/><D29/><U79/><E79/><V7/><REACH who="2" step="1"/><F11/><REACH who="2" ten="191,310,259,230" step="2"/><N who="3" m="6463" /><G130/><T102/><D102/><AGARI ba="1,1" hai="49,51,78,82,86,94,96,102" m="6463,36911" machi="102" ten="30,1000,0" yaku="8,1" doraHai="25" who="3" fromWho="0" sc="191,-13,310,0,259,0,230,23" /><INIT seed="2,0,0,1,1,117" ten="178,310,259,253" oya="2" hai0="66,40,105,123,19,88,43,16,25,51,98,82,99" hai1="58,134,33,85,89,10,106,77,91,9,115,15,120" hai2="36,110,81,67,70,41,135,30,45,113,76,7,126" hai3="90,44,4,129,121,14,38,29,5,53,60,127,28"/><V37/><F113/><W35/><G129/><T18/><D66/><U17/><E115/><V12/><F135/><W94/><G127/><T74/><D123/><U111/><E111/><V47/><F126/><W84/><G121/><T71/><D71/><U112/><E120/><V93/><F30/><N who="3" m="11883" /><G38/><T80/><D25/><U122/><E33/><V23/><F110/><W128/><G35/><T107/><D51/><U118/><E106/><N who="0" m="40457" /><D74/><U104/><E104/><V2/><F93/><W97/><G128/><T42/><D88/><U69/><E69/><V13/><F23/><W103/><G14/><T54/><D54/><U114/><E91/><V96/><F96/><AGARI ba="0,0" hai="16,18,19,40,42,43,80,82,96,98,99" m="40457" machi="96" ten="40,5200,0" yaku="28,2,54,1" doraHai="117" who="0" fromWho="2" sc="178,52,310,0,259,-52,253,0" /><INIT seed="3,0,0,3,0,64" ten="230,310,207,253" oya="3" hai0="63,24,52,54,128,135,13,65,75,89,69,100,85" hai1="56,51,39,70,103,79,133,71,26,11,72,2,116" hai2="99,114,12,7,131,122,44,25,28,59,9,68,74" hai3="124,34,5,98,102,87,8,48,84,105,86,96,90"/><W38/><G124/><T0/><D75/><U40/><E103/><V50/><F114/><W107/><G34/><T82/><D0/><U57/><E133/><V130/><F74/><W15/><G38/><T14/><D135/><U36/><E26/><V19/><F59/><N who="1" m="22601" /><E51/><V88/><F122/><W47/><G98/><T10/><D128/><N who="2" m="49194" /><F7/><W23/><G23/><T6/><D100/><U73/><E73/><V30/><F68/><W60/><G60/><T35/><D14/><U41/><E41/><N who="2" m="24847" /><F25/><W45/><G45/><T97/><REACH who="0" step="1"/><D97/><REACH who="0" ten="220,310,207,253" step="2"/><U104/><E2/><V20/><F20/><W18/><G96/><T3/><D3/><U1/><E1/><V58/><F58/><W78/><G102/><T16/><D16/><U53/><E72/><V127/><F127/><W101/><G101/><T106/><D106/><U32/><E104/><V61/><F61/><W112/><G107/><T46/><D46/><U95/><E11/><V117/><F117/><W93/><G105/><T110/><D110/><U80/><E116/><V43/><F43/><N who="3" m="24703" /><G18/><T76/><D76/><U111/><E111/><V22/><F22/><W120/><G120/><T62/><D62/><U92/><E40/><V77/><F77/><W129/><G129/><T132/><D132/><U115/><E79/><V125/><F125/><W55/><G78/><T42/><D42/><U31/><E32/><V91/><F99/><W83/><G15/><T126/><D126/><U123/><E123/><V17/><F19/><W29/><G8/><T67/><D67/><U21/><E21/><V94/><F91/><W118/><G90/><RYUUKYOKU ba="0,1" sc="220,15,310,-15,207,15,253,-15" hai0="6,10,13,24,35,52,54,63,65,69,82,85,89" hai2="9,12,17,28,30,88,94" /><INIT seed="4,1,1,1,4,132" ten="235,295,222,238" oya="0" hai0="0,80,127,96,43,99,13,126,30,41,107,4,39" hai1="61,105,120,93,129,14,18,86,90,74,82,128,109" hai2="36,52,22,37,85,55,6,73,46,62,92,113,32" hai3="103,106,24,53,51,27,16,125,111,87,102,56,123"/><T38/><D0/><U3/><E109/><V89/><F32/><W95/><G111/><T117/><D117/><U66/><E3/><V115/><F73/><W130/><G106/><T114/><D30/><U71/><E105/><V40/><F36/><N who="0" m="13866" /><D80/><U67/><E67/><V133/><F133/><W29/><G130/><N who="1" m="50282" /><E120/><V57/><F6/><W65/><G65/><T21/><D21/><N who="1" m="11479" /><E74/><V98/><F55/><W91/><G123/><T33/><D33/><U5/><E5/><V28/><REACH who="2" step="1"/><F98/><REACH who="2" ten="235,295,212,238" step="2"/><N who="0" m="37418" /><D114/><U72/><E72/><V49/><F49/><W77/><G51/><T78/><D107/><U110/><E110/><V122/><F122/><W8/><G53/><T94/><D41/><U121/><E121/><V54/><F54/><W100/><G87/><T69/><D43/><U1/><E1/><V75/><F75/><W11/><G56/><T60/><D69/><U134/><E134/><V2/><F2/><W118/><G118/><T50/><D50/><U20/><E71/><V97/><F97/><W35/><G35/><T34/><D34/><U79/><E66/><V31/><F31/><W135/><G29/><T9/><D60/><U15/><E61/><V70/><F70/><W59/><G59/><T116/><D116/><U23/><E15/><V84/><F84/><W26/><G135/><T10/><D10/><U124/><E20/><V7/><F7/><W48/><G11/><T112/><D112/><U44/><E23/><V83/><F83/><W104/><G8/><T131/><D131/><U63/><E63/><V25/><AGARI ba="1,2" hai="22,25,28,37,40,46,52,57,62,85,89,92,113,115" machi="25" ten="30,7900,0" yaku="1,1,0,1,54,1,53,1" doraHai="132" doraHaiUra="88" who="2" fromWho="2" sc="235,-40,295,-21,212,102,238,-21" owari="195,-30.5,274,7.4,314,41.4,217,-18.3" /></mjloggm>