<mjloggm ver="2.3"><GO type="225" lobby="0"/><UN n0="%70%68%65%6E%6F%6D%65" n1="%77%72%77%72%77%72%77%72" n2="%E3%81%BF%E3%81%BF%E3%81%9A" n3="%E3%83%B4%E3%83%A0%EF%BC%99%E3%81%A6" dan="16,17,18,16" rate="2157.19,2156.54,2207.25,2150.02" sx="M,M,M,M"/><TAIKYOKU oya="0"/><INIT seed="0,0,0,3,0,1" ten="250,250,250,250" oya="0" hai0="26,29,104,135,111,20,48,72,109,91,80,44,64" hai1="128,115,78,107,19,81,55,22,15,53,63,34,87" hai2="82,18,74,97,96,41,60,28,88,4,83,21,6" hai3="108,130,70,123,66,42,38,23,71,106,51,121,30"/><T73/><D104/><U40/><E128/><V9/><F41/><W114/><G106/><T94/><D64/><U62/><E107/><V39/><F39/><W113/><G23/><T132/><D80/><N who="2" m="30762" /><F74/><N who="0" m="28778" /><D48/><U119/><E34/><V116/><F116/><W14/><G30/><T47/><D47/><U45/><E119/><V69/><F69/><N who="3" m="26123" /><G14/><T85/><D44/><U99/><E115/><N who="3" m="44042" /><G66/><T52/><D52/><N who="1" m="20043" /><E99/><V46/><F60/><N who="1" m="23081" /><E45/><V79/><F46/><N who="3" m="23895" /><G51/><T16/><D29/><U49/><E49/><V125/><F97/><W25/><G25/><T102/><D102/><U8/><E40/><V84/><F96/><W120/><G130/><T101/><D101/><U65/><E65/><V76/><F28/><W17/><G17/><T93/><D93/><U3/><E3/><V98/><F98/><W13/><G13/><T122/><D122/><U110/><E110/><AGARI ba="0,0" hai="108,110,120,121,123" m="23895,44042,26123" machi="110" ten="40,8000,1" yaku="13,1,23,1,34,2" doraHai="1" who="3" fromWho="1" sc="250,0,250,-80,250,0,250,80" /><AGARI ba="0,0" hai="16,20,26,85,91,94,109,110,111,132,135" m="28778" machi="110" ten="30,5800,0" yaku="14,1,10,1,54,1" doraHai="1" who="0" fromWho="1" sc="250,58,170,-58,250,0,330,0" /><INIT seed="0,1,0,1,3,57" ten="308,112,250,330" oya="0" hai0="99,7,56,16,43,12,55,79,20,23,63,103,41" hai1="78,129,14,1,36,10,2,100,124,54,58,82,95" hai2="67,132,85,133,89,108,127,25,34,28,90,66,80" hai3="39,68,70,115,24,46,113,13,4,38,72,125,114"/><T83/><D7/><U107/><E129/><V106/><F108/><W71/><G72/><T52/><D55/><U29/><E124/><V17/><F127/><W123/><G125/><T27/><D83/><U134/><E36/><V60/><F106/><W76/><G76/><T119/><D79/><U37/><E107/><V73/><F73/><W64/><G24/><T101/><D119/><U11/><E134/><N who="2" m="51819" /><F17/><W112/><G112/><T118/><D118/><U116/><E37/><N who="3" m="13834" /><G13/><T42/><D99/><U9/><E116/><V35/><F66/><W19/><G19/><AGARI ba="1,0" hai="12,16,19,20,23,27,41,42,43,52,56,63,101,103" machi="19" ten="40,12000,1" yaku="8,1,52,1,54,2" doraHai="57" who="0" fromWho="3" sc="308,123,112,0,250,0,330,-123" /><INIT seed="0,2,0,2,0,29" ten="431,112,250,207" oya="0" hai0="86,90,27,63,24,131,89,17,69,51,6,80,78" hai1="79,123,9,120,135,59,48,70,102,47,52,94,10" hai2="60,71,74,2,66,19,11,43,37,106,124,4,122" hai3="62,14,108,42,83,49,75,110,53,54,104,23,61"/><T28/><D131/><U13/><E70/><V87/><F122/><W134/><G104/><T3/><D3/><U105/><E105/><V26/><F124/><W91/><G134/><T101/><D6/><U38/><E135/><V1/><F106/><W118/><G118/><T96/><D51/><U18/><E79/><V15/><F74/><W82/><G42/><T88/><D17/><U50/><E38/><V41/><F37/><W93/><G23/><T81/><D27/><U109/><E109/><N who="3" m="42090" /><G14/><T125/><D125/><U8/><E123/><V114/><F114/><W46/><G54/><T121/><D121/><U127/><E127/><V45/><F45/><W44/><G44/><T16/><D16/><U67/><E120/><V21/><F1/><W132/><G132/><T5/><D5/><U57/><E67/><V119/><F119/><W31/><G31/><T33/><D81/><N who="3" m="30729" /><G75/><T40/><D40/><U72/><E72/><V130/><F130/><W99/><AGARI ba="2,0" hai="46,49,53,61,62,91,93,99" m="30729,42090" machi="99" ten="30,1100,0" yaku="14,1" doraHai="29" who="3" fromWho="3" sc="431,-7,112,-5,250,-5,207,17" /><INIT seed="1,0,0,1,2,15" ten="424,107,245,224" oya="1" hai0="20,34,33,90,27,36,53,63,108,16,127,101,135" hai1="84,6,67,25,103,77,24,18,97,31,83,22,88" hai2="48,11,120,99,107,68,92,7,130,74,38,109,116" hai3="126,98,39,52,37,55,57,23,86,75,70,0,115"/><U14/><E67/><V117/><F38/><W59/><G75/><T64/><D36/><U35/><E6/><V13/><F74/><W50/><G0/><T128/><D101/><U1/><E1/><V2/><F68/><W28/><G70/><T66/><D108/><U19/><E77/><V78/><F78/><W131/><G115/><T10/><D127/><U29/><E14/><V4/><F120/><W93/><G126/><T30/><D128/><U46/><E46/><V79/><F79/><W89/><G131/><T54/><D135/><U118/><E118/><V124/><F107/><AGARI ba="0,0" hai="18,19,22,24,25,29,31,35,83,84,88,97,103,107" machi="107" ten="30,11600,0" yaku="7,1,52,2,54,1" doraHai="15" who="1" fromWho="2" sc="424,0,107,116,245,-116,224,0" /><INIT seed="1,1,0,5,1,54" ten="424,223,129,224" oya="1" hai0="16,49,83,23,31,92,38,27,65,29,25,135,9" hai1="43,20,116,14,133,104,120,84,2,80,15,88,128" hai2="55,63,77,106,35,82,22,100,53,103,79,72,122" hai3="70,37,64,108,94,66,50,21,91,62,105,8,125"/><U36/><E116/><V24/><F122/><W99/><G37/><T119/><D119/><U71/><E120/><V127/><F35/><W34/><G34/><T86/><D38/><U44/><E2/><V61/><F127/><W117/><G125/><T107/><D107/><U134/><E71/><V56/><F106/><W96/><G117/><T85/><D135/><N who="1" m="51723" /><E104/><V7/><F7/><W93/><G105/><T58/><D9/><U30/><E128/><V52/><F79/><W60/><G108/><T69/><D69/><U32/><E32/><V78/><F78/><W97/><G50/><T40/><D92/><U45/><E45/><V81/><F81/><W6/><G21/><N who="0" m="13479" /><D31/><U0/><E0/><V48/><F63/><W76/><G76/><T111/><D111/><U4/><E4/><V87/><F72/><W109/><G109/><T73/><D73/><U12/><E30/><V121/><F121/><W26/><G26/><T115/><D115/><U75/><E75/><V42/><F42/><W51/><G93/><T114/><D114/><U130/><E130/><V18/><REACH who="2" step="1"/><F53/><REACH who="2" ten="424,223,119,224" step="2"/><W39/><G6/><T57/><D83/><U47/><E20/><V129/><F129/><W98/><G94/><T5/><D5/><U124/><E124/><V59/><AGARI ba="1,1" hai="18,22,24,48,52,55,56,59,61,77,82,87,100,103" machi="59" ten="20,12000,2" yaku="1,1,0,1,7,1,8,1,52,2,54,1,53,0" doraHai="54" doraHaiUra="102" who="2" fromWho="2" sc="424,-31,223,-61,119,133,224,-31" /><INIT seed="2,0,0,1,1,102" ten="393,162,252,193" oya="2" hai0="93,20,49,15,2,84,75,5,81,116,14,56,125" hai1="42,30,13,135,66,17,40,91,8,62,58,71,54" hai2="9,55,122,46,121,47,69,130,101,10,36,88,31" hai3="105,67,21,133,32,38,12,64,28,4,16,18,92"/><V65/><F31/><W86/><G38/><T104/><D104/><U68/><E135/><V34/><F34/><W127/><G133/><T53/><D75/><U1/><E71/><V118/><F118/><W63/><G105/><T129/><D116/><U113/><E113/><V83/><F101/><W57/><G127/><T103/><D125/><U108/><E108/><V82/><F69/><W43/><G43/><T11/><D129/><U100/><E100/><V27/><F65/><W51/><G51/><T107/><D107/><U24/><E1/><V60/><F27/><W79/><G64/><T37/><D37/><U50/><REACH who="1" step="1"/><E91/><REACH who="1" ten="393,152,252,193" step="2"/><V126/><F88/><N who="3" m="53271" /><G32/><AGARI ba="0,1" hai="8,13,17,24,30,32,40,42,50,54,58,62,66,68" machi="32" ten="30,7700,0" yaku="1,1,7,1,53,2" doraHai="102" doraHaiUra="39" who="1" fromWho="3" sc="393,0,152,87,252,0,193,-77" /><INIT seed="3,0,0,2,1,62" ten="393,239,252,116" oya="3" hai0="46,117,43,30,128,77,44,65,127,28,41,48,96" hai1="47,1,111,26,115,88,91,11,83,116,79,12,19" hai2="64,113,103,60,131,87,4,110,56,129,20,50,52" hai3="101,126,118,21,93,15,114,135,31,106,132,10,121"/><W123/><G106/><T82/><D117/><U24/><E115/><V40/><F113/><W107/><G107/><T122/><D122/><N who="3" m="46601" /><G93/><T134/><D127/><U133/><E111/><V35/><F110/><W3/><G101/><T85/><D128/><N who="2" m="49226" /><F35/><W45/><G45/><T55/><D134/><N who="3" m="51241" /><G114/><T5/><D5/><U9/><E116/><V94/><F4/><N who="3" m="1311" /><G118/><T105/><D105/><U59/><E133/><V42/><F20/><W0/><G0/><T58/><D96/><U7/><E47/><N who="2" m="27743" /><F103/><W104/><G104/><T33/><D43/><N who="2" m="16426" /><F87/><W67/><G67/><T100/><D77/><U23/><E59/><V29/><F29/><W6/><G126/><T76/><D82/><U22/><E79/><V75/><F94/><W97/><G97/><T124/><D28/><U68/><E83/><V51/><F75/><W25/><G6/><T80/><D100/><U89/><E68/><V95/><F95/><W18/><G31/><T108/><D124/><U14/><E1/><V71/><F51/><W61/><G61/><N who="0" m="38071" /><D108/><U27/><AGARI ba="0,0" hai="7,9,11,12,14,19,22,23,24,26,27,88,89,91" machi="27" ten="30,4000,0" yaku="0,1,8,1,54,1" doraHai="62" who="1" fromWho="1" sc="393,-10,239,40,252,-10,116,-20" owari="383,48.3,279,7.9,242,-15.8,96,-40.4" /></mjloggm>