<mjloggm ver="2.3"><GO type="225" lobby="0"/><UN n0="%E6%B8%A1%E5%A4%A9%E8%97%8D" n1="%E6%9C%88%E5%B3%B6%E5%9F%BA" n2="%E6%98%93%E5%88%A9%E8%96%A9%E4%BC%AF" n3="%33%74%72%65%65" dan="16,16,17,17" rate="2074.52,2114.55,2129.67,2222.13" sx="M,M,F,F"/><TAIKYOKU oya="0"/><INIT seed="0,0,0,1,1,47" ten="250,250,250,250" oya="0" hai0="76,82,18,93,112,130,32,37,43,88,106,102,62" hai1="14,46,75,21,107,27,6,63,57,71,3,80,123" hai2="114,113,117,119,29,77,5,61,15,90,91,42,135" hai3="48,96,41,108,100,110,56,44,50,0,78,67,116"/><T25/><D112/><N who="2" m="43114" /><F29/><W26/><G116/><N who="2" m="44617" /><F77/><W84/><G0/><T1/><D1/><U9/><E123/><V86/><F61/><N who="3" m="38311" /><G26/><T2/><D2/><U104/><E71/><V66/><F66/><W79/><G84/><T69/><D130/><U35/><E80/><V103/><F5/><W36/><G79/><T59/><D69/><U54/><E75/><V60/><F60/><W31/><G31/><T118/><D118/><U4/><E4/><V89/><F15/><W126/><G78/><T58/><D32/><U22/><E35/><V30/><F30/><W134/><G134/><T49/><D25/><U40/><E3/><V16/><F16/><W127/><G100/><T97/><D18/><U39/><E22/><V17/><F17/><AGARI ba="0,0" hai="6,9,14,17,21,27,39,40,46,54,57,63,104,107" machi="17" ten="30,1000,0" yaku="7,1" doraHai="47" who="1" fromWho="2" sc="250,0,250,10,250,-10,250,0" /><INIT seed="1,0,0,0,5,94" ten="250,260,240,250" oya="1" hai0="66,85,3,75,61,102,119,21,45,131,124,25,14" hai1="12,1,59,130,106,109,128,13,100,121,40,7,42" hai2="91,4,50,35,67,24,8,73,129,65,11,20,87" hai3="17,103,34,126,36,77,26,112,101,105,118,43,134"/><U60/><E121/><V69/><F73/><W32/><G17/><T83/><D75/><U90/><E1/><V55/><F35/><W51/><G51/><T16/><D3/><U82/><E109/><V70/><F69/><W117/><G101/><T95/><D119/><N who="3" m="45577" /><G134/><T78/><D131/><N who="1" m="50219" /><E106/><V107/><F107/><W19/><G126/><T10/><D124/><U62/><E100/><V53/><F129/><W33/><G112/><T80/><D45/><U46/><E7/><V6/><F70/><W9/><G77/><T88/><D102/><U38/><E42/><V71/><F71/><W116/><G116/><T108/><D108/><U54/><E62/><V104/><F104/><W135/><G135/><T127/><D127/><U115/><E115/><V52/><F50/><W98/><G43/><T68/><REACH who="0" step="1"/><D78/><REACH who="0" ten="240,260,240,250" step="2"/><U27/><E46/><V123/><F123/><W93/><G105/><T113/><D113/><U120/><E120/><V132/><F132/><W22/><G36/><T29/><AGARI ba="0,1" hai="10,14,16,21,25,29,61,66,68,80,83,85,88,95" machi="29" ten="20,8000,1" yaku="1,1,0,1,7,1,54,2,53,0" doraHai="94" doraHaiUra="0" who="0" fromWho="0" sc="240,90,260,-40,240,-20,250,-20" /><INIT seed="2,0,0,5,5,17" ten="330,220,220,230" oya="2" hai0="14,117,130,16,127,129,107,8,54,53,22,7,56" hai1="91,6,19,108,87,112,63,79,24,26,32,38,4" hai2="33,62,88,76,45,70,116,73,97,42,47,110,50" hai3="18,85,37,133,135,28,52,81,93,119,69,39,98"/><V40/><F116/><W65/><G119/><T57/><D107/><U96/><E112/><V11/><F33/><W48/><G28/><T10/><D117/><U61/><E38/><V55/><F110/><W74/><G74/><T23/><D127/><U120/><E108/><V13/><F73/><W132/><G65/><T125/><D125/><U71/><E120/><V113/><F113/><W89/><G18/><T21/><D56/><U121/><E121/><V123/><F76/><N who="3" m="46247" /><G69/><T104/><D104/><U95/><E71/><V51/><F123/><W105/><G105/><T20/><D54/><U67/><E32/><V58/><F70/><W101/><G89/><T49/><REACH who="0" step="1"/><D10/><REACH who="0" ten="320,220,220,230" step="2"/><U31/><E67/><V75/><F75/><W44/><AGARI ba="0,1" hai="37,39,44,48,52,93,98,101,132,133,135" m="46247" machi="44" ten="30,2000,0" yaku="20,1,54,1" doraHai="17" who="3" fromWho="3" sc="320,-5,220,-5,220,-10,230,30" /><INIT seed="3,0,0,0,2,40" ten="315,215,210,260" oya="3" hai0="37,23,104,81,50,42,47,124,64,36,2,135,52" hai1="9,67,38,113,49,30,62,25,19,32,132,44,16" hai2="99,69,68,57,114,3,97,54,21,123,95,127,129" hai3="4,70,110,103,43,58,94,17,92,79,108,22,6"/><W96/><G70/><T60/><D104/><U66/><E113/><V76/><F114/><W31/><G31/><T72/><D2/><U125/><E38/><V90/><F3/><W78/><G43/><T111/><D111/><N who="3" m="42537" /><G58/><T1/><D1/><U48/><E125/><V119/><F119/><W39/><G39/><T46/><D124/><U117/><E117/><V55/><F127/><W35/><G35/><T27/><D135/><U98/><E132/><V28/><F123/><W82/><G94/><T77/><D36/><U87/><E49/><V14/><F129/><W89/><G89/><T75/><D81/><U5/><E66/><V83/><F69/><W109/><N who="3" m="42545" /><W116/><DORA hai="91" /><G116/><T26/><D77/><N who="3" m="29193" /><G82/><T73/><REACH who="0" step="1"/><D23/><REACH who="0" ten="305,215,210,260" step="2"/><U33/><E33/><V102/><F68/><AGARI ba="0,1" hai="26,27,37,42,46,47,50,52,60,64,68,72,73,75" machi="68" ten="40,8000,1" yaku="1,1,2,1,52,2,54,1,53,0" doraHai="40,91" doraHaiUra="29,115" who="0" fromWho="2" sc="305,90,215,0,210,-80,260,0" owari="395,49.5,215,-18.5,130,-37.0,260,6.0" /></mjloggm>