<mjloggm ver="2.3"><GO type="225" lobby="0"/><UN n0="%E7%99%BD%E6%97%A5%E9%9B%AA%E8%8F%9C" n1="%6E%69%63%6F%6E%74%6F" n2="%E3%81%8B%E3%82%8F%E3%81%A1%E3%82%83%E3%82%93%35%38" n3="%E3%81%BE%E3%81%A8%E3%81%9F" dan="16,16,16,16" rate="2130.26,2132.35,2116.31,2110.19" sx="M,M,M,M"/><TAIKYOKU oya="0"/><INIT seed="0,0,0,5,4,98" ten="250,250,250,250" oya="0" hai0="102,110,60,97,123,31,23,113,42,65,62,38,78" hai1="3,86,132,104,36,39,4,56,121,25,34,15,99" hai2="6,130,40,8,101,22,76,88,95,127,2,89,17" hai3="119,64,68,26,79,13,0,75,51,5,52,77,120"/><T28/><D113/><U103/><E121/><V54/><F130/><W9/><G119/><T82/><D123/><U131/><E131/><V129/><F129/><W106/><G75/><T107/><D110/><U58/><E132/><V128/><F128/><W126/><G126/><T84/><D60/><U53/><E3/><V83/><F127/><W100/><G0/><T96/><D23/><U81/><E4/><V7/><F7/><W117/><G117/><T35/><D97/><U45/><E15/><V109/><F109/><W27/><G106/><T73/><D84/><U69/><E69/><V29/><F29/><W124/><G68/><T67/><D67/><U18/><E58/><V135/><F135/><W134/><G64/><T1/><D1/><U118/><E45/><V21/><F40/><W14/><G124/><T50/><D50/><U59/><E59/><V49/><F101/><W122/><G100/><T48/><D48/><U37/><E118/><V20/><F17/><W111/><G111/><T92/><D107/><U32/><E18/><V125/><F95/><W85/><G85/><T11/><D35/><U114/><E25/><V66/><F66/><W90/><G51/><T24/><D24/><U55/><E114/><V87/><REACH who="2" step="1"/><F125/><REACH who="2" ten="250,250,240,250" step="2"/><W57/><G134/><T74/><D42/><U72/><E55/><V10/><F10/><W80/><G120/><T12/><D11/><U61/><REACH who="1" step="1"/><E72/><REACH who="1" ten="250,240,240,250" step="2"/><V63/><F63/><W47/><G122/><T44/><D73/><U41/><E41/><V116/><F116/><W91/><G5/><T43/><D12/><U30/><E30/><RYUUKYOKU ba="0,2" sc="250,10,240,10,240,10,250,-30" hai0="28,31,38,43,44,62,65,74,78,82,92,96,102" hai1="32,34,36,37,39,53,56,61,81,86,99,103,104" hai2="2,6,8,20,21,22,49,54,76,83,87,88,89" /><INIT seed="0,1,2,2,4,69" ten="260,250,250,220" oya="0" hai0="109,23,37,82,116,2,80,124,93,118,85,55,135" hai1="75,27,81,19,94,77,21,28,115,50,64,3,102" hai2="128,78,32,34,111,63,53,134,117,30,90,14,74" hai3="0,51,48,91,38,68,84,8,125,104,110,133,126"/><T72/><D2/><U20/><E115/><V113/><F113/><W66/><G104/><T92/><D55/><U33/><E3/><V120/><F120/><W22/><G110/><T96/><D23/><U17/><E64/><V47/><F30/><W127/><G133/><T112/><D112/><U129/><E129/><V97/><F14/><W9/><G38/><T44/><D44/><U45/><E33/><V25/><F25/><W130/><G130/><T35/><D35/><U99/><REACH who="1" step="1"/><E21/><REACH who="1" ten="260,240,250,220" step="2"/><V18/><F32/><W107/><G22/><T7/><D109/><U122/><E122/><V61/><F34/><W42/><G0/><T60/><D118/><U52/><AGARI ba="1,3" hai="17,19,20,27,28,45,50,52,75,77,81,94,99,102" machi="52" ten="20,8000,1" yaku="1,1,0,1,7,1,54,1,53,1" doraHai="69" doraHaiUra="43" who="1" fromWho="1" sc="260,-41,240,113,250,-21,220,-21" /><INIT seed="1,0,0,0,0,133" ten="219,353,229,199" oya="1" hai0="21,20,129,0,49,30,16,75,134,56,125,63,101" hai1="29,110,26,14,92,61,51,68,66,7,88,10,89" hai2="62,64,98,76,105,128,69,70,8,100,53,24,90" hai3="118,28,122,43,115,79,52,97,119,99,123,84,11"/><U102/><E110/><V85/><F128/><W54/><G43/><T81/><D0/><U65/><E65/><V132/><F132/><W33/><G115/><T77/><D134/><U13/><E13/><V12/><F76/><W50/><G79/><T22/><D129/><U38/><E38/><V47/><F24/><N who="3" m="18567" /><G84/><T73/><D73/><U131/><E131/><V18/><F47/><W112/><G54/><T45/><D30/><U57/><E51/><V31/><F31/><W46/><G112/><T25/><D101/><U94/><E68/><V93/><REACH who="2" step="1"/><F53/><REACH who="2" ten="219,353,219,199" step="2"/><W15/><G123/><T126/><D126/><U117/><E117/><N who="3" m="44554" /><G122/><T4/><D125/><U34/><E94/><V67/><F67/><W114/><G114/><T48/><D45/><U86/><E92/><V103/><F103/><W27/><G27/><T124/><D124/><U72/><E102/><V111/><F111/><W116/><N who="3" m="44562" /><W39/><DORA hai="5" /><G39/><T83/><D77/><U80/><E72/><V3/><F3/><W59/><G46/><T108/><D75/><U95/><E95/><V106/><F106/><W2/><G2/><T82/><D108/><U9/><E89/><V120/><F120/><W1/><G1/><T71/><D25/><U60/><E88/><V130/><F130/><W44/><G44/><T35/><D83/><U113/><E80/><V109/><F109/><W42/><G42/><T135/><D82/><U121/><E113/><V17/><F17/><AGARI ba="0,1" hai="11,15,17,50,52,59,97,99" m="44562,18567" machi="17" ten="40,5200,0" yaku="12,1,52,1,54,1" doraHai="133,5" who="3" fromWho="2" sc="219,0,353,0,219,-52,199,62" /><INIT seed="2,0,0,1,3,107" ten="219,353,167,261" oya="2" hai0="38,93,31,48,117,126,130,104,51,28,65,40,116" hai1="63,77,25,60,34,59,66,133,53,35,119,41,64" hai2="113,120,44,79,70,80,2,26,103,81,23,9,74" hai3="62,114,98,85,75,84,112,87,20,52,102,58,10"/><V92/><F113/><N who="3" m="43627" /><G20/><T124/><D104/><U14/><E119/><N who="0" m="45641" /><D65/><U86/><E133/><V39/><F70/><W33/><G33/><T56/><D130/><U118/><E118/><V16/><F120/><W82/><G10/><T108/><D108/><U90/><E41/><V24/><F81/><W105/><G75/><T3/><D3/><U88/><E77/><AGARI ba="0,0" hai="52,58,62,77,82,84,85,87,98,102,105" m="43627" machi="77" ten="30,2000,0" yaku="11,1,54,1" doraHai="107" who="3" fromWho="1" sc="219,0,353,-20,167,0,261,20" /><INIT seed="3,0,0,5,2,128" ten="219,333,167,281" oya="3" hai0="29,83,64,28,40,133,51,79,56,74,4,125,126" hai1="66,72,93,60,12,19,120,6,53,62,109,87,76" hai2="65,132,21,63,92,13,17,89,102,26,84,130,38" hai3="33,0,47,112,115,50,73,10,49,42,97,123,7"/><W81/><G123/><T94/><D4/><U32/><E120/><V35/><F130/><W31/><G50/><T3/><D3/><U44/><E32/><V118/><F38/><W11/><G11/><T30/><D133/><U119/><E109/><V108/><F108/><W25/><G97/><T90/><D64/><U117/><E72/><V95/><F118/><N who="1" m="45065" /><E6/><V2/><F2/><W36/><G49/><T34/><D34/><U114/><E114/><V23/><F35/><W8/><G8/><T135/><D135/><U48/><E66/><V82/><F102/><W52/><G52/><N who="0" m="31775" /><D40/><U71/><E71/><V70/><F70/><W5/><G5/><T27/><D27/><U122/><E122/><V98/><F132/><W105/><G105/><T111/><D111/><U18/><E93/><V88/><F65/><W46/><G47/><T22/><D22/><N who="1" m="11591" /><E19/><V129/><F129/><W15/><G15/><T80/><D80/><AGARI ba="0,0" hai="44,48,53,60,62,76,80,87" m="11591,45065" machi="80" ten="30,1000,0" yaku="12,1" doraHai="128" who="1" fromWho="0" sc="219,-10,333,10,167,0,281,0" owari="209,-19.1,343,44.3,167,-33.3,281,8.1" /></mjloggm>