<mjloggm ver="2.3"><GO type="225" lobby="0"/><UN n0="%E3%80%90%E3%83%88%E3%83%AA%E3%83%A5%E3%83%95%E3%80%91" n1="%E3%83%A9%E3%82%B9%E7%8E%87%EF%BC%93%E5%89%B2" n2="%E9%A6%AC%E4%BA%86%E9%9A%94%E5%A3%81" n3="%E9%BB%99%E8%81%B4%E3%81%AE%E3%81%99%E3%82%9D%E3%82%81" dan="16,16,17,16" rate="2107.04,2219.90,2215.03,2114.65" sx="M,F,M,M"/><TAIKYOKU oya="0"/><INIT seed="0,0,0,4,1,10" ten="250,250,250,250" oya="0" hai0="89,123,120,87,61,112,29,47,43,118,50,34,119" hai1="5,106,20,102,130,80,121,95,128,9,32,107,53" hai2="65,135,33,12,42,30,36,109,15,35,125,26,103" hai3="60,122,74,78,62,79,40,52,19,132,101,90,38"/><T25/><D61/><U126/><E32/><V41/><F109/><W55/><G132/><T2/><D2/><U77/><E126/><V18/><F135/><W72/><G38/><T100/><D100/><U96/><E121/><V56/><F125/><W82/><G40/><T59/><D59/><U115/><E20/><V14/><F35/><W6/><G6/><T92/><REACH who="0" step="1"/><D112/><REACH who="0" ten="240,250,250,250" step="2"/><U28/><E115/><V66/><F103/><W127/><G101/><T91/><D91/><U37/><E106/><V54/><F66/><W86/><G90/><T88/><D88/><U57/><E107/><V11/><F65/><W105/><G105/><T67/><D67/><U24/><E57/><V21/><F33/><W48/><G62/><T46/><D46/><U97/><E102/><V0/><F0/><W117/><G60/><T133/><D133/><U16/><E128/><V113/><F113/><W124/><G127/><T99/><D99/><U75/><E130/><V27/><F36/><W1/><G1/><T111/><D111/><U13/><E37/><V116/><F116/><AGARI ba="0,1" hai="25,29,34,43,47,50,87,89,92,116,118,119,120,123" machi="116" ten="40,2000,0" yaku="1,1,53,0" doraHai="10" doraHaiUra="68" who="0" fromWho="2" sc="240,30,250,0,250,-20,250,0" /><INIT seed="0,1,0,0,1,104" ten="270,250,230,250" oya="0" hai0="93,26,37,116,17,121,39,123,115,110,19,53,94" hai1="125,81,52,108,9,117,87,134,106,49,83,18,111" hai2="14,85,33,16,129,118,0,30,90,133,82,88,46" hai3="60,48,72,62,45,75,29,50,3,96,131,91,13"/><T36/><D115/><U124/><E106/><V56/><F0/><W122/><G3/><T69/><D116/><U107/><E107/><V4/><F118/><W7/><G131/><T119/><D119/><U98/><E98/><V11/><F129/><W132/><G132/><T65/><D26/><U34/><E34/><V113/><F113/><W20/><G122/><N who="0" m="46603" /><D65/><U130/><E130/><V31/><F133/><W70/><G7/><T57/><D57/><U76/><E117/><V73/><F73/><W35/><G35/><T15/><D15/><N who="1" m="7535" /><E83/><V66/><F33/><W67/><G62/><T80/><D80/><U74/><E87/><V126/><F126/><N who="1" m="48745" /><E134/><V120/><F120/><W43/><G50/><T61/><D61/><U22/><E22/><V1/><F46/><AGARI ba="1,0" hai="46,49,52,74,76,81,108,111" m="48745,7535" machi="46" ten="30,3900,0" yaku="18,1,52,1,54,1" doraHai="104" who="1" fromWho="2" sc="270,0,250,42,230,-42,250,0" /><INIT seed="1,0,0,1,3,3" ten="270,292,188,250" oya="1" hai0="61,70,17,133,67,122,28,127,6,0,48,9,52" hai1="69,58,40,16,32,119,111,59,134,117,47,1,79" hai2="36,85,112,64,39,73,108,18,35,83,57,72,13" hai3="75,87,55,90,124,125,60,95,25,5,86,129,23"/><U128/><E32/><V38/><F35/><W66/><G75/><T44/><D133/><U131/><E79/><V76/><F108/><W19/><G129/><N who="1" m="49738" /><E134/><V45/><F112/><W42/><G42/><T82/><D127/><N who="3" m="48713" /><G5/><T106/><D106/><U120/><E1/><V50/><F57/><N who="1" m="21513" /><E120/><V91/><F64/><W81/><G55/><T107/><D107/><U89/><E89/><V68/><F68/><N who="3" m="42055" /><G81/><T123/><D82/><U109/><E16/><V41/><REACH who="2" step="1"/><F76/><REACH who="2" ten="270,292,178,250" step="2"/><W105/><G105/><T84/><D123/><U98/><E69/><V26/><F26/><W101/><G101/><T65/><D65/><U115/><E115/><V63/><F63/><W30/><G30/><T130/><D130/><U20/><E111/><V8/><AGARI ba="0,1" hai="8,13,18,36,38,39,41,45,50,72,73,83,85,91" machi="8" ten="30,2000,0" yaku="1,1,0,1,53,0" doraHai="3" doraHaiUra="21" who="2" fromWho="2" sc="270,-5,292,-10,178,30,250,-5" /><INIT seed="2,0,0,4,1,134" ten="265,282,208,245" oya="2" hai0="42,53,82,2,93,57,124,76,114,64,112,107,75" hai1="103,94,116,108,111,38,90,98,88,31,41,117,4" hai2="19,40,16,43,86,28,74,89,96,92,66,110,72" hai3="129,135,23,100,27,128,36,99,54,48,21,132,58"/><V127/><F28/><N who="3" m="17519" /><G23/><T34/><D107/><U106/><E31/><V29/><F29/><W77/><G77/><T95/><D34/><U69/><E69/><V20/><F66/><W9/><G9/><T61/><D2/><U109/><E4/><V70/><F70/><W113/><G36/><T17/><D42/><U49/><E38/><V13/><F110/><W30/><G30/><T67/><D17/><U118/><E49/><V121/><F121/><W104/><G113/><T115/><D67/><U125/><E41/><V68/><F68/><W130/><AGARI ba="0,0" hai="48,54,58,99,100,104,128,129,130,132,135" m="17519" machi="130" ten="40,1500,0" yaku="19,1" doraHai="134" who="3" fromWho="3" sc="265,-4,282,-4,208,-7,245,15" /><INIT seed="3,0,0,4,5,42" ten="261,278,201,260" oya="3" hai0="101,131,35,100,55,120,109,7,46,25,9,86,5" hai1="85,51,77,84,125,106,126,133,130,112,119,41,73" hai2="93,23,88,40,107,63,49,127,68,98,66,36,13" hai3="6,19,57,121,1,10,21,50,59,114,54,64,20"/><W82/><G114/><T135/><D120/><U76/><E112/><V24/><F127/><N who="1" m="48649" /><E106/><V39/><F107/><W96/><G121/><T102/><D109/><U3/><E3/><V92/><F13/><W60/><G82/><T45/><D131/><U0/><E0/><V134/><F134/><W28/><G28/><T17/><D35/><U122/><E122/><V67/><F67/><W47/><G96/><T30/><D135/><U74/><E133/><V27/><F27/><W43/><REACH who="3" step="1"/><G19/><REACH who="3" ten="261,278,201,250" step="2"/><T123/><D123/><U81/><E130/><V79/><F79/><W69/><G69/><T80/><D30/><U75/><E81/><V87/><F49/><AGARI ba="0,1" hai="1,6,10,20,21,43,47,49,50,54,57,59,60,64" machi="49" ten="30,5800,0" yaku="1,1,7,1,52,1,53,0" doraHai="42" doraHaiUra="132" who="3" fromWho="2" sc="261,0,278,0,201,-58,250,68" owari="261,-13.9,278,7.8,143,-35.7,318,41.8" /></mjloggm>