<mjloggm ver="2.3"><GO type="225" lobby="0"/><UN n0="%E3%81%95%E3%81%8D%E3%81%9F%E3%81%BE%E6%9E%97%E6%AA%8E" n1="%E4%B8%8B%E6%AE%B5%E3%83%81%E3%82%A7%E3%83%AA%E3%83%BC" n2="%72%65%6E%6B%75%6E" n3="%E6%9C%88%E5%B3%B6%E5%9F%BA" dan="16,16,17,17" rate="2108.75,2109.16,2179.34,2208.12" sx="M,M,M,M"/><TAIKYOKU oya="0"/><INIT seed="0,0,0,1,0,9" ten="250,250,250,250" oya="0" hai0="42,68,80,37,56,52,116,53,15,118,134,6,95" hai1="16,14,0,39,108,66,131,121,71,76,135,49,27" hai2="59,79,106,32,129,128,70,2,81,104,132,58,127" hai3="111,90,107,84,21,8,28,123,24,69,124,75,86"/><T1/><BYE who="3" /><D1/><UN n3="%E6%9C%88%E5%B3%B6%E5%9F%BA" /><U30/><E39/><V122/><F2/><W119/><G75/><T48/><D68/><U26/><E121/><V63/><F122/><W44/><G119/><T100/><D134/><U10/><E135/><V64/><F32/><W83/><G123/><T133/><D133/><U110/><E131/><N who="2" m="50251" /><F127/><W20/><G107/><N who="2" m="41001" /><F132/><W99/><G69/><T29/><D29/><U126/><E126/><V96/><F96/><W57/><G111/><N who="1" m="42538" /><E76/><V97/><F97/><W113/><G99/><T91/><D100/><U89/><E89/><V82/><F82/><W43/><G113/><T40/><D80/><U41/><E0/><V125/><F125/><W18/><G8/><T74/><D74/><AGARI ba="0,0" hai="58,59,63,64,70,74,79,81" m="41001,50251" machi="74" ten="30,1000,0" yaku="19,1" doraHai="9" who="2" fromWho="0" sc="250,-10,250,0,250,10,250,0" /><INIT seed="1,0,0,4,2,99" ten="240,250,260,250" oya="1" hai0="0,43,13,135,129,14,58,41,97,100,101,89,70" hai1="55,10,7,5,62,46,32,130,88,85,112,30,102" hai2="3,78,64,36,39,60,124,50,81,49,125,63,51" hai3="18,47,16,127,105,79,17,98,73,83,94,114,113"/><U72/><E72/><V23/><F3/><W106/><G127/><N who="2" m="48713" /><F23/><W69/><G69/><T95/><D70/><U6/><E112/><V48/><F81/><W57/><G105/><T90/><D135/><U20/><E32/><V119/><F78/><W40/><G57/><T29/><D129/><U93/><E130/><V109/><F119/><W122/><G106/><T27/><D0/><U116/><E116/><V133/><F133/><W33/><G33/><T52/><D89/><U103/><E10/><V25/><F25/><W132/><G122/><T45/><D27/><N who="1" m="16743" /><E62/><N who="2" m="23595" /><F109/><W87/><G73/><T66/><D66/><U107/><E107/><V84/><F84/><W67/><G67/><T123/><D123/><U115/><E115/><V65/><N who="2" m="12288" /><DORA hai="21" /><V86/><F86/><W120/><G120/><T74/><D74/><U131/><E131/><V91/><F91/><W1/><G1/><T134/><D134/><U31/><E31/><V56/><F56/><W82/><G132/><T35/><D58/><U15/><E15/><V11/><F11/><W24/><G24/><T118/><D29/><U53/><E46/><V104/><F104/><W111/><G111/><T44/><D13/><U96/><E85/><V28/><F28/><W9/><G9/><T34/><D14/><U26/><E26/><V126/><N who="2" m="48721" /><V77/><DORA hai="128" /><F77/><W38/><REACH who="3" step="1"/><G83/><REACH who="3" ten="240,250,260,240" step="2"/><T12/><D118/><U61/><E61/><V4/><F4/><W108/><G108/><T54/><D45/><U76/><E76/><V75/><F75/><W2/><G2/><T42/><D44/><U19/><E19/><RYUUKYOKU ba="0,1" sc="240,-30,250,10,260,10,240,10" hai1="5,6,7,53,55,88,93,96,102,103" hai2="36,39,64,65" hai3="16,17,18,38,40,47,79,82,87,94,98,113,114" /><INIT seed="1,1,1,5,4,84" ten="210,260,270,250" oya="1" hai0="16,54,32,60,94,26,63,100,109,13,31,23,41" hai1="10,51,33,61,123,18,49,105,14,52,82,83,98" hai2="59,55,74,3,85,17,4,0,131,114,2,134,106" hai3="72,81,78,22,5,89,45,1,121,15,135,92,95"/><U50/><E33/><V6/><F74/><W62/><G121/><T124/><D109/><U76/><E123/><V79/><F106/><W118/><G135/><T11/><D124/><U101/><E61/><V47/><F134/><W108/><G108/><T39/><D39/><U93/><E105/><V24/><F131/><W28/><G118/><T40/><D32/><U69/><E69/><V25/><F114/><W132/><G132/><T57/><D63/><U104/><E104/><V129/><F47/><W87/><G1/><T12/><D12/><U58/><REACH who="1" step="1"/><E83/><REACH who="1" ten="210,250,270,250" step="2"/><V9/><F129/><W67/><G62/><T35/><D35/><U29/><E29/><V130/><F130/><W102/><G81/><T7/><D31/><U97/><E97/><AGARI ba="1,2" hai="7,11,13,16,23,26,40,41,54,57,60,94,97,100" machi="97" ten="40,2600,0" yaku="8,1,54,1" doraHai="84" who="0" fromWho="1" sc="210,49,250,-29,270,0,250,0" /><INIT seed="2,0,0,2,0,78" ten="259,221,270,250" oya="2" hai0="95,34,124,85,133,116,113,56,0,70,7,5,127" hai1="81,23,72,103,57,6,98,111,83,135,63,50,64" hai2="16,44,74,108,105,36,28,19,117,87,14,61,101" hai3="90,66,15,31,26,39,40,46,77,41,92,2,21"/><V96/><F117/><W88/><G2/><T125/><D113/><U123/><E123/><V42/><F74/><W17/><G41/><T4/><D70/><U65/><E72/><V114/><F114/><W91/><G66/><T76/><D116/><U11/><E135/><V80/><F28/><W22/><REACH who="3" step="1"/><G77/><REACH who="3" ten="259,221,270,240" step="2"/><T107/><D76/><U82/><E111/><V49/><F108/><W121/><G121/><T102/><D0/><U97/><E64/><V13/><F36/><W53/><G53/><T32/><D127/><U1/><E103/><V52/><F13/><W62/><G62/><T10/><D102/><U9/><E9/><V104/><F104/><W60/><G60/><T37/><D10/><U3/><E3/><V120/><F120/><W35/><G35/><T131/><D34/><U89/><E89/><N who="2" m="51431" /><F61/><W20/><G20/><T112/><D32/><U8/><E8/><N who="2" m="6215" /><F42/><W94/><AGARI ba="0,1" hai="15,17,21,22,26,31,39,40,46,88,90,91,92,94" machi="94" ten="30,4000,0" yaku="1,1,0,1,54,1,53,0" doraHai="78" doraHaiUra="129" who="3" fromWho="3" sc="259,-10,221,-10,270,-20,240,50" /><INIT seed="3,0,0,4,2,83" ten="249,211,250,290" oya="3" hai0="55,45,84,133,43,98,5,128,50,121,18,36,132" hai1="117,13,22,74,116,6,88,58,52,7,90,69,65" hai2="109,118,67,71,39,106,24,101,113,64,72,80,87" hai3="12,9,119,120,123,27,40,11,25,62,3,112,100"/><W44/><G112/><T82/><D121/><U122/><E122/><V46/><F113/><W10/><G119/><N who="1" m="45642" /><E74/><V20/><F118/><W135/><G135/><N who="0" m="51787" /><D128/><U89/><E65/><V91/><F109/><W15/><G100/><T60/><D60/><N who="1" m="35911" /><E69/><V75/><F101/><W51/><G3/><T126/><D126/><U57/><E57/><V19/><F106/><W96/><G96/><T134/><D98/><U130/><E130/><V85/><F67/><W53/><G120/><T56/><N who="0" m="51795" /><T41/><DORA hai="1" /><D41/><U110/><E110/><V23/><F64/><W102/><G102/><T48/><D18/><AGARI ba="0,0" hai="6,7,13,18,22,88,89,90" m="35911,45642" machi="18" ten="30,8000,1" yaku="12,1,52,2,54,2" doraHai="83,1" who="1" fromWho="0" sc="249,-80,211,80,250,0,290,0" /><INIT seed="4,0,0,2,3,47" ten="169,291,250,290" oya="0" hai0="68,73,78,43,87,61,89,120,79,52,26,70,44" hai1="35,3,119,86,112,27,29,9,91,59,101,122,50" hai2="33,63,88,107,60,100,99,118,30,15,130,16,77" hai3="93,132,10,97,65,8,121,135,54,12,38,74,102"/><T110/><D120/><U40/><E119/><V134/><F118/><W108/><G108/><T64/><D70/><U25/><E122/><V69/><F134/><N who="3" m="51243" /><G38/><T28/><D73/><U75/><E75/><V109/><F109/><W123/><G74/><T92/><D110/><U19/><E112/><V81/><F130/><W13/><G65/><T37/><REACH who="0" step="1"/><D52/><REACH who="0" ten="159,291,250,290" step="2"/><N who="1" m="32151" /><E35/><AGARI ba="0,1" hai="26,28,35,37,43,44,61,64,68,78,79,87,89,92" machi="35" ten="30,2900,0" yaku="1,1,7,1,53,0" doraHai="47" doraHaiUra="117" who="0" fromWho="1" sc="159,39,291,-29,250,0,290,0" /><INIT seed="4,1,0,4,5,30" ten="198,262,250,290" oya="0" hai0="89,40,106,73,121,70,53,2,119,13,20,24,10" hai1="33,87,56,28,42,117,114,115,125,46,97,124,1" hai2="110,22,95,77,122,11,66,99,112,17,43,34,76" hai3="12,75,111,0,105,86,37,29,93,132,120,104,126"/><T19/><D119/><U4/><E117/><V129/><F112/><N who="1" m="43049" /><E97/><V31/><F122/><W23/><G0/><T116/><D116/><U65/><E87/><V5/><F110/><W60/><G37/><T47/><D121/><U74/><E74/><V101/><F129/><W63/><G75/><T55/><D73/><U7/><E56/><V21/><F43/><W134/><G86/><T130/><D130/><U51/><E65/><V69/><F69/><W58/><G58/><T8/><D70/><U82/><E82/><V123/><F123/><W62/><G93/><T133/><D133/><N who="3" m="51305" /><G111/><T49/><D106/><N who="3" m="41065" /><G126/><N who="1" m="48746" /><E1/><V50/><F66/><W44/><G44/><T18/><REACH who="0" step="1"/><D89/><REACH who="0" ten="188,262,250,290" step="2"/><U79/><E79/><V3/><F77/><W35/><G120/><T6/><AGARI ba="1,1" hai="2,6,8,10,13,18,19,20,24,40,47,49,53,55" machi="6" ten="30,6000,0" yaku="1,1,2,1,0,1,53,0" doraHai="30" doraHaiUra="57" who="0" fromWho="0" sc="188,73,262,-21,250,-21,290,-21" /><INIT seed="4,2,0,0,0,89" ten="261,241,229,269" oya="0" hai0="131,105,57,24,65,69,4,28,35,8,129,93,87" hai1="81,78,71,5,32,98,127,111,21,26,70,118,119" hai2="72,128,50,16,46,33,66,63,109,34,0,61,38" hai3="7,10,99,3,134,49,54,56,110,2,100,84,96"/><T114/><D105/><U52/><E111/><V27/><F109/><W90/><G110/><T40/><D114/><U25/><E5/><V80/><F0/><W68/><G68/><T97/><D69/><U9/><E9/><V107/><F107/><W12/><G134/><T36/><D87/><U95/><E127/><V77/><F128/><N who="0" m="49226" /><D40/><U48/><E32/><V17/><F38/><W29/><G29/><T112/><D112/><U73/><E70/><V14/><F17/><W62/><G99/><T22/><D36/><U41/><E41/><V74/><F74/><W122/><G122/><T43/><D43/><U102/><E71/><V124/><F124/><W116/><G116/><T15/><D65/><U1/><E1/><V121/><F121/><W104/><G49/><T83/><D83/><AGARI ba="2,0" hai="2,3,7,10,12,54,56,62,83,84,90,96,100,104" machi="83" ten="30,1000,0" yaku="7,1" doraHai="89" who="3" fromWho="0" sc="261,-16,241,0,229,0,269,16" /><INIT seed="5,0,0,0,1,29" ten="245,241,229,285" oya="1" hai0="108,16,92,43,62,23,27,80,84,9,3,12,22" hai1="87,64,17,46,110,25,14,33,125,56,68,103,122" hai2="8,13,40,85,54,38,102,58,124,88,115,135,127" hai3="93,32,39,117,118,49,107,77,83,53,61,105,4"/><U113/><E122/><V101/><F135/><W52/><G39/><T82/><D108/><U111/><E68/><V71/><F71/><W6/><G32/><T47/><D3/><U21/><E103/><V134/><F134/><W67/><G93/><T34/><D62/><N who="1" m="37959" /><E46/><N who="2" m="23831" /><F115/><W86/><G6/><T120/><D120/><U48/><E48/><N who="2" m="31047" /><F13/><W106/><G4/><T41/><D92/><U75/><E75/><V44/><F8/><W123/><G49/><N who="0" m="26863" /><D34/><U10/><E113/><V7/><F7/><W45/><G45/><T60/><D43/><U98/><E98/><V109/><F109/><N who="1" m="41481" /><E87/><V130/><F44/><W19/><G123/><T57/><D84/><U1/><E1/><V11/><F11/><W91/><G106/><T132/><D132/><U30/><E125/><N who="2" m="48203" /><F130/><W99/><G107/><T131/><D131/><U18/><E18/><V119/><F119/><N who="3" m="45579" /><G19/><N who="0" m="12767" /><D9/><AGARI ba="0,0" hai="9,10,14,17,21,25,30,33" m="41481,37959" machi="9" ten="30,2900,0" yaku="10,1,52,1" doraHai="29" who="1" fromWho="0" sc="245,-29,241,29,229,0,285,0" /><INIT seed="5,1,0,4,5,85" ten="216,270,229,285" oya="1" hai0="64,89,1,4,7,80,27,31,34,61,117,71,82" hai1="38,36,86,37,101,88,26,92,135,54,90,107,70" hai2="97,28,0,42,33,94,131,63,12,99,51,19,59" hai3="83,91,76,66,114,11,20,121,111,98,45,3,133"/><U73/><E73/><V109/><F0/><W30/><G111/><T68/><D117/><U60/><E135/><V84/><F109/><W78/><G121/><T14/><D1/><U128/><E128/><V32/><F131/><W75/><G78/><T93/><D71/><U57/><E70/><V17/><F84/><W103/><G66/><T125/><D125/><U79/><E79/><V67/><F97/><W124/><G124/><T10/><REACH who="0" step="1"/><D7/><REACH who="0" ten="206,270,229,285" step="2"/><U62/><E62/><V49/><F28/><W50/><G30/><T25/><D25/><U96/><E26/><V116/><F116/><W69/><G69/><T105/><D105/><U41/><REACH who="1" step="1"/><E90/><REACH who="1" ten="206,260,229,285" step="2"/><N who="2" m="55767" /><F32/><W46/><G91/><T56/><D56/><U119/><E119/><V48/><F33/><W13/><G133/><T81/><D81/><U29/><E29/><V9/><F19/><W43/><G83/><T58/><D58/><U18/><E18/><V77/><F77/><W113/><G76/><T21/><D21/><U134/><E134/><V106/><F106/><W110/><G20/><T72/><D72/><U104/><E104/><V112/><F112/><W55/><G75/><T126/><D126/><U5/><E5/><V24/><F24/><W52/><G110/><T23/><D23/><U40/><AGARI ba="1,2" hai="36,37,38,40,41,54,57,60,86,88,92,96,101,107" machi="40" ten="40,12000,1" yaku="1,1,0,1,52,1,54,1,53,0" doraHai="85" doraHaiUra="6" who="1" fromWho="1" sc="206,-41,260,143,229,-41,285,-41" owari="165,-33.5,403,50.3,188,-21.2,244,4.4" /></mjloggm>