<mjloggm ver="2.3"><GO type="225" lobby="0"/><UN n0="%E3%83%A9%E3%82%B9%E7%8E%87%EF%BC%93%E5%89%B2" n1="%43%68%65" n2="%E6%98%93%E5%88%A9%E8%96%A9%E4%BC%AF" n3="%E3%81%99%E3%81%84%E3%81%BE%E3%81%9B%E3%83%BC%E3%82%93" dan="16,16,17,18" rate="2223.48,2165.14,2168.98,2173.97" sx="F,M,F,M"/><TAIKYOKU oya="0"/><INIT seed="0,0,0,1,2,127" ten="250,250,250,250" oya="0" hai0="32,36,134,89,70,14,116,117,67,108,41,133,6" hai1="17,103,27,97,30,111,88,78,48,47,49,34,57" hai2="24,10,12,19,40,25,93,68,55,66,130,129,118" hai3="44,96,29,15,16,120,26,45,7,69,99,109,54"/><T123/><D32/><U73/><E111/><V64/><F40/><W43/><G109/><T56/><D6/><U75/><E78/><V20/><F118/><N who="0" m="45674" /><D14/><U122/><E122/><V128/><F68/><W87/><G120/><T112/><D89/><U51/><E47/><V39/><F39/><W61/><G7/><T62/><D123/><U38/><E38/><V60/><F55/><W21/><G87/><T107/><D107/><U11/><E57/><N who="2" m="36879" /><F66/><W52/><G69/><T80/><D80/><U81/><E103/><V82/><F93/><W65/><G65/><T77/><D77/><U125/><E125/><V90/><F10/><W114/><G114/><T105/><D105/><U119/><E119/><V135/><F135/><N who="0" m="51722" /><D108/><U72/><E72/><V58/><F58/><N who="3" m="35015" /><G43/><T102/><D102/><U91/><E91/><V85/><AGARI ba="0,0" hai="12,19,20,24,25,82,85,90,128,129,130" m="36879" machi="85" ten="40,8000,1" yaku="19,1,52,3" doraHai="127" who="2" fromWho="2" sc="250,-40,250,-20,250,80,250,-20" /><INIT seed="1,0,0,3,1,111" ten="210,230,330,230" oya="1" hai0="42,54,63,78,4,70,102,16,5,2,69,8,11" hai1="81,21,53,132,71,79,13,129,65,104,14,51,91" hai2="110,60,98,124,31,22,82,47,61,56,9,30,73" hai3="36,115,105,97,101,43,6,114,67,55,96,87,112"/><U52/><E129/><V49/><F110/><W38/><G43/><T1/><D42/><U46/><E132/><V118/><F118/><W48/><G67/><T90/><D78/><U120/><E120/><V26/><F124/><W83/><G97/><T128/><D128/><U39/><E39/><V35/><F9/><W0/><G6/><T68/><D102/><U131/><E131/><V93/><F35/><W127/><G0/><T7/><D90/><U107/><E91/><V57/><F73/><W89/><REACH who="3" step="1"/><G127/><REACH who="3" ten="210,230,330,220" step="2"/><T126/><D126/><U92/><E65/><V106/><F98/><W100/><G100/><T17/><REACH who="0" step="1"/><D7/><REACH who="0" ten="200,230,330,220" step="2"/><U59/><E107/><V134/><F106/><W86/><G86/><T117/><D117/><U27/><E104/><V123/><F134/><W58/><AGARI ba="0,2" hai="36,38,48,55,58,83,87,89,96,101,105,112,114,115" machi="58" ten="30,8000,1" yaku="1,1,0,1,52,3,53,0" doraHai="111" doraHaiUra="10" who="3" fromWho="3" sc="200,-20,230,-40,330,-20,220,100" /><INIT seed="2,0,0,5,5,81" ten="180,190,310,320" oya="2" hai0="24,131,69,62,18,8,134,130,125,38,118,4,36" hai1="73,64,90,122,26,67,2,99,84,105,101,103,11" hai2="7,40,59,65,37,109,121,98,5,41,94,3,92" hai3="89,127,102,49,100,106,53,75,129,33,70,51,12"/><V71/><F121/><W72/><G33/><T104/><D104/><U43/><E122/><V42/><F37/><N who="0" m="14442" /><D18/><U97/><E73/><V47/><F71/><W74/><G70/><T54/><D24/><U63/><E43/><V39/><F109/><W31/><G127/><T76/><D76/><U113/><E113/><V119/><F119/><W17/><G129/><N who="0" m="49163" /><D8/><U83/><E26/><V16/><F94/><W22/><G31/><T126/><D4/><U85/><E63/><V61/><F7/><W110/><G51/><T88/><D88/><U123/><E123/><V124/><F124/><N who="0" m="47722" /><D134/><U10/><E2/><V1/><F1/><W96/><G102/><T112/><D112/><U14/><E10/><V77/><F77/><W57/><G89/><T29/><D29/><U56/><E85/><V95/><F95/><W52/><G75/><T55/><D118/><U91/><E91/><V19/><F5/><W79/><G74/><T115/><D115/><U13/><E13/><V20/><F3/><W6/><G6/><T25/><D25/><U107/><REACH who="1" step="1"/><E56/><REACH who="1" ten="180,180,310,320" step="2"/><V21/><F59/><N who="3" m="33167" /><G72/><T120/><D120/><U68/><E68/><V80/><F21/><W93/><G79/><T116/><D116/><U111/><E111/><V66/><F20/><W78/><G110/><T128/><N who="0" m="49171" /><T30/><DORA hai="58" /><D30/><U133/><E133/><V0/><F39/><W86/><G78/><T48/><D48/><U28/><E28/><V32/><F0/><W34/><G86/><T132/><D132/><U60/><E60/><V82/><F61/><N who="3" m="36015" /><G34/><T45/><D45/><U27/><E27/><RYUUKYOKU ba="0,1" sc="180,10,180,10,310,-30,320,10" hai0="54,55,62,69" hai1="11,14,64,67,83,84,90,97,99,101,103,105,107" hai3="12,17,22,93,96,100,106" /><INIT seed="3,1,1,1,3,26" ten="190,190,280,330" oya="3" hai0="51,125,133,113,12,59,126,14,67,89,124,56,118" hai1="77,123,66,72,32,91,27,11,6,109,90,34,62" hai2="60,115,2,110,117,52,93,13,42,131,48,58,29" hai3="100,49,22,108,36,98,25,105,95,53,116,74,28"/><W50/><G36/><T73/><D118/><U122/><E109/><V45/><F2/><W114/><G74/><T69/><D133/><U88/><E77/><V40/><F115/><W97/><G114/><T47/><D113/><U96/><E72/><V24/><F110/><W129/><G129/><T128/><D128/><U23/><E96/><V55/><F117/><W87/><G108/><T19/><D73/><U119/><E119/><V18/><F93/><W15/><G116/><T41/><D14/><U21/><E123/><V86/><F86/><W46/><G87/><T44/><D89/><U7/><E122/><V135/><F135/><W130/><G130/><T57/><D47/><U107/><E107/><V17/><F131/><W10/><G50/><T71/><D67/><U132/><E132/><V111/><F111/><W35/><G35/><T78/><D78/><U61/><E61/><V3/><F3/><W120/><G120/><T103/><D103/><U63/><E63/><V102/><F102/><W121/><G121/><T70/><D70/><N who="1" m="42327" /><E23/><AGARI ba="1,1" hai="12,19,23,41,44,51,56,57,59,69,71,124,125,126" machi="23" ten="50,1600,0" yaku="18,1" doraHai="26" who="0" fromWho="1" sc="190,29,190,-19,280,0,330,0" owari="219,-18.1,171,-32.9,280,8.0,330,43.0" /></mjloggm>