<mjloggm ver="2.3"><GO type="225" lobby="0"/><UN n0="%E6%9C%88%E5%B3%B6%E5%9F%BA" n1="%E3%83%81%E3%83%A7%E3%83%99%E3%83%83%E3%82%AF" n2="%E6%81%A5%E6%99%92%E3%81%97" n3="%4C%4F%4C%49%54%41" dan="16,16,16,16" rate="2153.16,2106.22,2094.19,2092.47" sx="M,M,M,F"/><TAIKYOKU oya="0"/><INIT seed="0,0,0,3,2,104" ten="250,250,250,250" oya="0" hai0="22,53,14,71,99,72,45,12,24,68,0,67,62" hai1="51,23,79,96,92,17,39,82,56,35,97,30,25" hai2="5,81,78,34,10,85,115,46,58,111,128,120,6" hai3="8,47,19,38,73,119,3,70,18,16,27,2,1"/><T40/><D0/><U61/><E51/><V100/><F120/><W31/><G70/><T41/><D71/><U87/><E39/><V69/><F69/><W113/><G73/><T74/><D53/><U49/><E49/><V118/><F115/><W43/><G113/><T13/><D99/><U130/><E130/><V103/><F128/><W44/><G47/><T57/><D68/><U9/><E9/><V84/><F111/><W33/><REACH who="3" step="1"/><G119/><REACH who="3" ten="250,250,250,240" step="2"/><T133/><D133/><U121/><E121/><V86/><F118/><W116/><G116/><T123/><D123/><U112/><E112/><V32/><F86/><W91/><G91/><T125/><D125/><U107/><E107/><V4/><F85/><W42/><G42/><T21/><D41/><U60/><E97/><V76/><F46/><W36/><G36/><T109/><D109/><U122/><E122/><V93/><F78/><W26/><G26/><T15/><N who="0" m="3072" /><DORA hai="95" /><T52/><D72/><U88/><E56/><V132/><F58/><W77/><G77/><T59/><D74/><U90/><E79/><V20/><F76/><W101/><G101/><T63/><REACH who="0" step="1"/><D24/><AGARI ba="0,1" hai="17,23,24,25,30,35,60,61,82,87,88,90,92,96" machi="24" ten="30,3900,0" yaku="7,1,52,1,54,1" doraHai="104,95" who="1" fromWho="0" sc="250,-39,250,49,250,0,240,0" /><INIT seed="1,0,0,5,4,37" ten="211,299,250,240" oya="1" hai0="76,92,108,65,25,28,127,115,134,132,60,50,62" hai1="33,122,10,48,107,21,51,79,121,85,95,16,98" hai2="34,43,70,11,45,18,4,44,13,96,100,27,93" hai3="104,118,123,38,114,58,119,36,0,89,40,75,72"/><U113/><E113/><V106/><F70/><W133/><G123/><T112/><D76/><U26/><E107/><V32/><F45/><W86/><G114/><N who="0" m="43563" /><D92/><U41/><E33/><V35/><F106/><W109/><G0/><T31/><D25/><U69/><E69/><V129/><F129/><W77/><G104/><T84/><D84/><U12/><E122/><V49/><REACH who="2" step="1"/><F4/><REACH who="2" ten="211,299,240,240" step="2"/><W74/><G118/><T126/><D108/><U5/><E121/><V88/><F88/><W39/><G119/><T125/><D65/><U103/><E41/><V94/><F94/><W64/><G109/><T57/><D31/><AGARI ba="0,1" hai="11,13,18,27,31,32,34,35,43,44,49,93,96,100" machi="31" ten="40,5200,0" yaku="1,1,52,1,53,1" doraHai="37" doraHaiUra="97" who="2" fromWho="0" sc="211,-52,299,0,240,62,240,0" /><INIT seed="2,0,0,2,2,118" ten="159,299,302,240" oya="2" hai0="57,76,96,92,117,34,31,116,125,63,84,74,85" hai1="126,21,53,49,37,72,25,105,66,106,18,33,26" hai2="19,46,58,3,101,95,131,115,71,45,128,75,12" hai3="104,77,82,111,109,124,2,60,36,130,62,80,51"/><V81/><F71/><W9/><G36/><T120/><D31/><U67/><E72/><V134/><F115/><W113/><G104/><T90/><D34/><U133/><E37/><V93/><F3/><W30/><G124/><T41/><D41/><U94/><E133/><V42/><F58/><W107/><G107/><T99/><D63/><U103/><E106/><V88/><F134/><W13/><G2/><T48/><D48/><U108/><E105/><V8/><F46/><W121/><G130/><N who="2" m="49705" /><F101/><W129/><G113/><T7/><D7/><U15/><E108/><V59/><F59/><W52/><G129/><T10/><D10/><U83/><E33/><V79/><F88/><W29/><G109/><T0/><D57/><N who="1" m="32943" /><E83/><V24/><F24/><N who="1" m="9321" /><E126/><V55/><F55/><W50/><G52/><T97/><D0/><U122/><E122/><V132/><F132/><W69/><G69/><T123/><D125/><U70/><E70/><V35/><F35/><W16/><G121/><N who="0" m="46667" /><D74/><U119/><E119/><V68/><F68/><W32/><G111/><T110/><D110/><U43/><E43/><V6/><F6/><W28/><G32/><T114/><D114/><U1/><E1/><V54/><F54/><W40/><G40/><T20/><D20/><U39/><E39/><AGARI ba="0,0" hai="8,12,19,39,42,45,75,79,81,93,95" m="49705" machi="39" ten="30,1500,0" yaku="19,1" doraHai="118" who="2" fromWho="1" sc="159,0,299,-15,302,15,240,0" /><INIT seed="2,1,0,4,0,43" ten="159,284,317,240" oya="2" hai0="15,102,2,120,65,6,11,25,89,54,118,75,134" hai1="125,10,110,42,97,55,4,116,83,40,3,81,71" hai2="126,101,109,80,82,104,85,117,16,14,67,61,47" hai3="113,48,17,41,33,96,69,64,74,68,29,129,90"/><V72/><F117/><W86/><G74/><T98/><D120/><U53/><E71/><V38/><F72/><W7/><G7/><T27/><D118/><U99/><E110/><V35/><F35/><W13/><G129/><T91/><D75/><U57/><E53/><V95/><F104/><W135/><G135/><T87/><D134/><U20/><E125/><V59/><F126/><W22/><G64/><T128/><D128/><U111/><E111/><V32/><F32/><W24/><G96/><T60/><D2/><U105/><E99/><N who="2" m="59647" /><F38/><W56/><G113/><T122/><D54/><U84/><E83/><V12/><F12/><W45/><REACH who="3" step="1"/><G56/><REACH who="3" ten="159,284,317,230" step="2"/><T46/><D122/><U34/><E116/><V21/><F109/><W108/><G108/><T39/><D98/><U18/><E4/><V73/><F73/><W9/><G9/><T115/><D115/><U8/><E10/><V93/><F85/><W79/><G79/><T51/><D87/><U103/><E8/><V0/><F0/><W133/><G133/><T44/><D6/><U63/><E3/><V130/><F130/><W31/><G31/><T94/><D11/><U1/><E1/><V106/><F59/><W77/><G77/><T30/><D30/><U107/><E107/><V123/><F106/><W62/><G62/><T26/><D60/><U36/><E97/><V78/><F78/><W132/><G132/><T100/><D100/><U50/><E103/><V70/><F123/><W66/><G66/><T37/><D65/><U49/><E105/><V127/><F67/><W52/><G52/><N who="0" m="29799" /><D102/><U5/><E5/><RYUUKYOKU ba="1,1" sc="159,-10,284,-10,317,-10,230,30" hai3="13,17,22,24,29,33,41,45,48,68,69,86,90" /><INIT seed="3,2,1,1,2,124" ten="149,274,307,260" oya="3" hai0="56,107,106,67,0,122,22,87,91,36,98,68,29" hai1="58,39,102,55,128,81,89,86,131,109,92,23,46" hai2="93,83,108,119,57,10,60,32,111,125,113,18,76" hai3="121,82,118,104,38,65,27,19,54,52,1,112,88"/><W3/><G112/><T24/><D122/><U74/><E109/><N who="2" m="42059" /><F125/><W100/><G118/><T51/><D36/><U41/><E23/><V12/><F119/><W70/><G38/><T15/><D0/><U64/><E64/><N who="2" m="38927" /><F113/><W85/><G121/><T13/><D68/><U44/><E44/><V78/><F32/><W80/><G1/><T37/><D37/><U134/><E134/><V115/><F115/><W110/><G3/><T20/><D106/><U33/><E33/><V126/><F126/><W42/><G110/><T130/><D98/><U95/><E74/><N who="2" m="43415" /><F93/><N who="3" m="54415" /><G104/><T9/><D107/><U8/><E8/><V133/><F78/><W25/><G70/><T75/><D75/><U43/><E43/><V90/><F90/><W73/><G73/><T77/><D77/><U48/><REACH who="1" step="1"/><E95/><REACH who="1" ten="149,264,307,260" step="2"/><V114/><F114/><W28/><G42/><T101/><D101/><U49/><E49/><V59/><F133/><W45/><G65/><T99/><D99/><AGARI ba="2,2" hai="39,41,46,48,55,58,81,86,89,92,99,102,128,131" machi="99" ten="40,5200,0" yaku="1,1,52,2,53,0" doraHai="124" doraHaiUra="7" who="1" fromWho="0" sc="149,-58,264,78,307,0,260,0" owari="91,-40.9,342,44.2,307,10.7,260,-14.0" /></mjloggm>