<mjloggm ver="2.3"><GO type="225" lobby="0"/><UN n0="%E3%82%AF%E3%82%A3%E3%82%A6" n1="%E4%B8%89%E5%88%86%E5%B0%8F%E5%83%A7" n2="%E6%98%A5%E3%81%AE%E3%81%8B%E3%81%91%E3%82%89" n3="%E8%A8%88%E7%AE%97%E6%A9%9F%E8%87%AA%E7%84%B6" dan="16,16,16,17" rate="2058.40,2072.70,2039.44,2127.52" sx="M,M,F,M"/><TAIKYOKU oya="0"/><INIT seed="0,0,0,0,4,97" ten="250,250,250,250" oya="0" hai0="54,28,80,104,41,102,89,59,9,92,88,0,8" hai1="63,64,134,81,14,66,118,107,94,30,69,100,86" hai2="51,123,1,46,33,36,39,112,96,38,7,130,129" hai3="37,40,68,53,65,62,90,24,101,119,110,98,120"/><T18/><BYE who="1" /><D104/><U47/><E47/><V55/><F112/><W49/><G119/><UN n1="%E4%B8%89%E5%88%86%E5%B0%8F%E5%83%A7" /><T21/><D41/><U34/><E118/><V115/><F115/><W105/><G110/><T99/><D0/><U10/><E134/><V131/><F123/><W124/><G120/><T35/><D35/><U27/><E66/><V93/><F33/><W42/><G37/><T3/><D3/><U77/><E94/><V32/><F32/><W4/><G124/><T73/><D73/><U50/><E50/><V74/><F74/><W67/><G4/><T91/><D80/><U56/><E56/><V6/><REACH who="2" step="1"/><F1/><REACH who="2" ten="250,250,240,250" step="2"/><W95/><G67/><T109/><D109/><U31/><E31/><V117/><F117/><W121/><G121/><T127/><D127/><U126/><E126/><V122/><F122/><W70/><G70/><T108/><D108/><U12/><E10/><V128/><N who="2" m="32768" /><DORA hai="48" /><V111/><F111/><W72/><G72/><T79/><D28/><U103/><E103/><AGARI ba="0,1" hai="6,7,36,38,39,46,51,55,93,96,103" m="32768" machi="103" ten="70,8000,1" yaku="1,1,19,1,52,2,53,0" doraHai="97,48" doraHaiUra="20,17" who="2" fromWho="1" sc="250,0,250,-80,240,90,250,0" /><INIT seed="1,0,0,4,4,107" ten="250,170,330,250" oya="1" hai0="80,43,32,88,115,15,6,68,91,26,3,62,69" hai1="125,57,67,59,20,34,56,79,116,130,44,109,110" hai2="33,118,131,50,97,38,112,46,74,111,41,121,96" hai3="122,23,40,7,114,61,77,113,81,134,95,28,64"/><U82/><E116/><V27/><F118/><W37/><G122/><T30/><D115/><U76/><E34/><V104/><F121/><W58/><G134/><T78/><D43/><U93/><E125/><V92/><F111/><N who="1" m="42505" /><E130/><V8/><F131/><W105/><G105/><T36/><D36/><U29/><E93/><V42/><F112/><W2/><G2/><T24/><D24/><N who="1" m="16519" /><E44/><V87/><F104/><W21/><G95/><T63/><D3/><U120/><E120/><V45/><F33/><W4/><G114/><T123/><D123/><U25/><E25/><V35/><F35/><W90/><G113/><T39/><D39/><U65/><E79/><V99/><F27/><N who="3" m="16495" /><G77/><T94/><D94/><U101/><E101/><V85/><F92/><W53/><G37/><T11/><D26/><U19/><E19/><V108/><F108/><W47/><G23/><T5/><D30/><U72/><AGARI ba="0,0" hai="56,57,59,65,67,72,76,82" m="16519,42505" machi="72" ten="30,6000,0" yaku="14,1,10,1,52,1" doraHai="107" who="1" fromWho="1" sc="250,-20,170,60,330,-20,250,-20" /><INIT seed="1,1,0,3,3,68" ten="230,230,310,230" oya="1" hai0="130,66,50,81,14,135,80,60,12,29,83,113,86" hai1="61,6,132,16,119,102,69,51,106,70,94,111,129" hai2="17,100,38,115,58,54,10,7,43,123,27,78,23" hai3="82,67,40,28,30,99,24,88,125,65,133,93,33"/><U56/><E119/><V41/><F123/><W91/><G125/><T124/><D113/><U127/><E106/><V103/><F115/><W26/><G133/><T44/><D124/><U84/><E127/><V75/><F78/><W2/><G2/><T47/><D130/><U79/><E132/><V32/><F32/><W15/><G40/><N who="2" m="15433" /><F38/><W59/><G15/><T101/><D135/><U107/><E107/><V126/><F75/><W131/><G131/><T112/><D112/><U74/><E74/><V98/><F126/><W49/><G49/><T34/><D101/><N who="2" m="38986" /><F98/><W42/><G42/><T71/><D34/><U118/><E118/><V52/><F58/><W11/><G59/><T39/><D29/><U37/><E37/><V0/><F0/><W64/><G11/><T5/><D39/><U85/><E51/><V25/><F25/><N who="3" m="9835" /><G33/><T109/><D50/><U20/><E70/><V13/><AGARI ba="1,0" hai="7,10,13,17,23,27,52,54" m="38986,15433" machi="13" ten="30,2000,0" yaku="8,1,54,1" doraHai="68" who="2" fromWho="2" sc="230,-6,230,-11,310,23,230,-6" /><INIT seed="2,0,0,1,2,74" ten="224,219,333,224" oya="2" hai0="54,6,0,46,35,109,93,21,55,69,4,129,47" hai1="23,42,82,95,90,97,133,120,2,116,24,65,40" hai2="70,110,56,76,94,131,128,53,13,52,83,17,30" hai3="12,134,57,9,108,71,130,92,119,86,121,101,10"/><V1/><F70/><W72/><G121/><T62/><D109/><U26/><E2/><V19/><F1/><W106/><G119/><T43/><D35/><U44/><E116/><V48/><F30/><W50/><G72/><T124/><D124/><U132/><E120/><V49/><F94/><W68/><G106/><T117/><D117/><U32/><E65/><V127/><F127/><W11/><G108/><T36/><D129/><N who="2" m="49738" /><F110/><W59/><G130/><T20/><D0/><U100/><E32/><V60/><F13/><W73/><G73/><T99/><D69/><U112/><E112/><V34/><F34/><W22/><G134/><N who="1" m="51818" /><E23/><N who="0" m="8777" /><D36/><N who="1" m="21511" /><E42/><V122/><F122/><W104/><G71/><T113/><D43/><U125/><E125/><V91/><F91/><N who="3" m="53367" /><G68/><T31/><D113/><U33/><E33/><V41/><F41/><W64/><G22/><T77/><D55/><U37/><E37/><V27/><F27/><N who="1" m="10281" /><E82/><V28/><F28/><W3/><G3/><T39/><D31/><U115/><E115/><V88/><F53/><N who="3" m="31927" /><G12/><T66/><D39/><U38/><E38/><V16/><F52/><W123/><G123/><T75/><D54/><U67/><E67/><V105/><F56/><W61/><G9/><T51/><D47/><U15/><E15/><V8/><F8/><W118/><G118/><T81/><D51/><U85/><E100/><V84/><F49/><W114/><G114/><T79/><D46/><U25/><N who="1" m="10289" /><U87/><AGARI ba="0,0" hai="85,87,90,95,97" m="10289,21511,51818" machi="87" ten="40,2700,0" yaku="4,1,20,1" doraHai="74" who="1" fromWho="1" sc="224,-7,219,27,333,-13,224,-7" /><INIT seed="3,0,0,4,4,56" ten="217,246,320,217" oya="3" hai0="3,94,46,115,34,102,9,106,19,50,59,103,121" hai1="15,68,124,132,118,49,126,24,131,26,78,61,39" hai2="86,129,76,98,25,52,73,125,23,84,64,92,69" hai3="133,120,18,60,87,5,130,72,14,55,0,66,58"/><W107/><G120/><T82/><D121/><U30/><E39/><V12/><F69/><W11/><G130/><T6/><D115/><U62/><E131/><V44/><F64/><W8/><G133/><T2/><D34/><U35/><E132/><V45/><F129/><W83/><G107/><T4/><D106/><U54/><E26/><V81/><F125/><N who="1" m="48233" /><E68/><V41/><F12/><W113/><G113/><T105/><D105/><U38/><E38/><V134/><F52/><W123/><G123/><T17/><D82/><U40/><E40/><V109/><F109/><W51/><G72/><T70/><D70/><U111/><E118/><V88/><F45/><W89/><REACH who="3" step="1"/><G66/><REACH who="3" ten="217,246,320,207" step="2"/><T112/><D112/><U28/><E111/><V91/><F134/><W99/><G99/><T47/><D2/><U96/><E96/><V20/><F73/><W80/><G80/><T57/><D3/><U22/><E78/><V42/><F98/><W36/><G36/><T127/><D127/><U90/><E90/><V71/><F91/><W128/><G128/><T108/><D108/><U27/><E15/><V100/><F76/><W65/><G65/><T117/><D117/><U33/><E33/><V104/><F81/><W16/><G16/><T37/><D37/><U53/><E53/><V32/><F104/><W119/><G119/><T63/><D17/><U101/><E101/><V85/><F100/><W95/><G95/><T74/><D94/><U122/><E122/><V48/><F92/><W43/><G43/><T75/><D19/><U67/><E67/><V21/><F42/><W10/><G10/><RYUUKYOKU ba="0,1" sc="217,-15,246,15,320,-15,207,15" hai1="22,24,27,28,30,35,49,54,61,62" hai3="0,5,8,11,14,18,51,55,58,60,83,87,89" /><INIT seed="3,1,1,3,0,108" ten="202,261,305,222" oya="3" hai0="8,55,119,69,47,29,128,90,0,15,130,77,91" hai1="21,68,1,124,72,56,63,62,101,49,70,52,65" hai2="73,132,33,36,32,45,59,40,112,116,134,57,78" hai3="102,34,93,98,83,126,41,16,23,89,100,35,75"/><W53/><G126/><T58/><D119/><U60/><E72/><V42/><F112/><W123/><G123/><T9/><D69/><N who="1" m="26731" /><E101/><V7/><F116/><W38/><G38/><T25/><D77/><U129/><E1/><V61/><F42/><W30/><G41/><T5/><D47/><N who="1" m="27711" /><E21/><V114/><F114/><W26/><G53/><T99/><D99/><U127/><E129/><N who="0" m="49769" /><D9/><U11/><E11/><V6/><F59/><W22/><G102/><T79/><D79/><U20/><E20/><V13/><F78/><W74/><G75/><T46/><D46/><U19/><E19/><V121/><F73/><W39/><G39/><T71/><D71/><U135/><E135/><N who="2" m="51755" /><F121/><W88/><G74/><T109/><D109/><U80/><E80/><V87/><F87/><W97/><G83/><T10/><D10/><U122/><E122/><V111/><F111/><W84/><G84/><T54/><D0/><U131/><E131/><V81/><F81/><W133/><G133/><T28/><D28/><U3/><E3/><V27/><F13/><W92/><G100/><T76/><D76/><U17/><E17/><V66/><F27/><AGARI ba="1,1" hai="16,22,23,26,27,30,34,35,88,89,92,93,97,98" machi="27" ten="30,11600,0" yaku="7,1,9,1,54,2" doraHai="108" who="3" fromWho="2" sc="202,0,261,0,305,-119,222,129" owari="202,-19.8,261,6.1,186,-31.4,351,45.1" /></mjloggm>