<mjloggm ver="2.3"><GO type="225" lobby="0"/><UN n0="%E7%89%B9%E6%9D%B1%E3%81%AF%E4%B8%96%E7%95%8C%E3%82%92%E6%95%91%E3%81%86" n1="%E5%8D%A0%E3%81%84%E5%B8%AB%E8%A3%8F%E3%81%AA%E3%81%84%E3%81%97" n2="%E7%9A%AE%E3%80%85" n3="%E7%99%BD%E5%80%89%E5%AF%9B%E4%B9%8B" dan="16,17,16,16" rate="2209.30,2197.52,2183.93,2176.49" sx="M,M,M,M"/><TAIKYOKU oya="0"/><INIT seed="0,0,0,5,4,76" ten="250,250,250,250" oya="0" hai0="49,44,128,68,106,97,17,122,28,14,69,83,58" hai1="109,64,25,118,78,113,91,114,7,5,51,82,110" hai2="66,71,54,21,23,74,111,35,42,133,15,34,30" hai3="43,13,6,47,134,123,95,88,120,126,70,2,55"/><T45/><D122/><N who="3" m="46633" /><G70/><T94/><D106/><U27/><E118/><V75/><F133/><W31/><G134/><T84/><D128/><U103/><E103/><V100/><F42/><W10/><G126/><T61/><D28/><U4/><E91/><V77/><F111/><N who="1" m="42505" /><E51/><V72/><F100/><W127/><G127/><T105/><D105/><U22/><E64/><V33/><F54/><W62/><G31/><T38/><D38/><U18/><E25/><V12/><F77/><W59/><G47/><T117/><D117/><U115/><E4/><V107/><F107/><W36/><G43/><T20/><D49/><U79/><E79/><V0/><F0/><W53/><G36/><T131/><D131/><U46/><E46/><V116/><F30/><W119/><G119/><T8/><D44/><U39/><E39/><V85/><F85/><AGARI ba="0,0" hai="5,7,18,22,27,78,82,85,113,114,115" m="42505" machi="85" ten="40,5200,0" yaku="11,1,14,1,52,1" doraHai="76" who="1" fromWho="2" sc="250,0,250,52,250,-52,250,0" /><INIT seed="1,0,0,3,1,15" ten="250,302,198,250" oya="1" hai0="39,117,86,75,17,110,37,67,51,87,44,114,1" hai1="80,109,61,50,70,23,68,83,82,91,76,12,125" hai2="72,65,59,100,47,49,126,73,30,77,106,96,14" hai3="56,64,108,118,79,20,111,132,29,18,38,130,98"/><U3/><E3/><V66/><F126/><W124/><G38/><T115/><D117/><U40/><E125/><V134/><F134/><W58/><G124/><T19/><D1/><U127/><E127/><V81/><F30/><W71/><G118/><T4/><D75/><U89/><E109/><N who="3" m="42058" /><G29/><T0/><D110/><U131/><E131/><V33/><F33/><W120/><G120/><T104/><D104/><U102/><E102/><V10/><F59/><W69/><G132/><T35/><D35/><U13/><E76/><V11/><F11/><W92/><G79/><T22/><D67/><U129/><E129/><V36/><F36/><W121/><G121/><T16/><D22/><U90/><E61/><V34/><F34/><W9/><G9/><T62/><D62/><U95/><E95/><V133/><F72/><W25/><G130/><T60/><D60/><U85/><E85/><V27/><F27/><W88/><G64/><T52/><D39/><U43/><E50/><V32/><F32/><W53/><G58/><T128/><D128/><U112/><E112/><V97/><F97/><W48/><AGARI ba="0,0" hai="18,20,25,48,53,56,69,71,88,92,98" m="42058" machi="48" ten="30,4000,0" yaku="14,1,52,1,54,1" doraHai="15" who="3" fromWho="3" sc="250,-10,302,-20,198,-10,250,40" /><INIT seed="2,0,0,0,4,26" ten="240,282,188,290" oya="2" hai0="41,129,55,61,86,115,11,22,47,54,12,43,56" hai1="2,73,8,39,29,44,90,100,27,45,84,88,92" hai2="42,132,118,94,78,91,122,125,95,16,120,85,76" hai3="57,127,77,62,34,36,6,66,59,74,38,128,114"/><V37/><F118/><W32/><G77/><N who="2" m="29801" /><F42/><W79/><G79/><T121/><D129/><U70/><E70/><V67/><F37/><W0/><G74/><T130/><D130/><U106/><E73/><V31/><F67/><W103/><G103/><T134/><D134/><U19/><E39/><V80/><F16/><W50/><G128/><T102/><D121/><N who="2" m="46698" /><F31/><W65/><G50/><N who="0" m="29023" /><D115/><U98/><E90/><N who="2" m="51495" /><F132/><W30/><G62/><T75/><D75/><U58/><E58/><V81/><F125/><W107/><G127/><T123/><D123/><U104/><E104/><V64/><F64/><W23/><G107/><T13/><D102/><U63/><E63/><V35/><F35/><W124/><G124/><T40/><D86/><AGARI ba="0,0" hai="81,86,91,94,95" m="51495,46698,29801" machi="86" ten="30,2900,0" yaku="34,2" doraHai="26" who="2" fromWho="0" sc="240,-29,282,0,188,29,290,0" /><INIT seed="2,1,0,3,0,107" ten="211,282,217,290" oya="2" hai0="30,72,7,36,45,51,41,39,62,33,64,128,77" hai1="1,63,44,126,57,17,90,65,16,4,116,102,105" hai2="131,6,85,69,88,80,55,96,28,70,29,9,132" hai3="84,124,129,94,117,42,54,89,87,0,12,114,125"/><V58/><F132/><W121/><G0/><T98/><D128/><U23/><E116/><V40/><F131/><W119/><G42/><T67/><D7/><U135/><E135/><V120/><F120/><W92/><G54/><T112/><D112/><U14/><E126/><N who="3" m="48746" /><G12/><T15/><D15/><U26/><E1/><V74/><F40/><W18/><G18/><T99/><D99/><U13/><E4/><V82/><F96/><N who="3" m="57359" /><G129/><T2/><D2/><U91/><E44/><V8/><F69/><W106/><G106/><T81/><D98/><U100/><E105/><V78/><F70/><W43/><G43/><T48/><D39/><U118/><E118/><N who="3" m="45066" /><G121/><T71/><REACH who="0" step="1"/><D64/><REACH who="0" ten="201,282,217,290" step="2"/><U108/><E13/><V104/><F104/><W19/><G114/><T111/><D111/><U53/><E108/><V37/><F37/><W97/><G19/><T38/><D38/><U130/><E65/><V79/><F6/><W56/><G56/><T133/><D133/><U109/><E130/><V5/><F5/><W101/><AGARI ba="1,1" hai="84,87,94,97,101" m="45066,57359,48746" machi="101" ten="30,4000,0" yaku="18,1,34,2" doraHai="107" who="3" fromWho="3" sc="201,-11,282,-11,217,-21,290,53" /><INIT seed="3,0,0,5,4,28" ten="190,271,196,343" oya="3" hai0="68,31,51,43,113,93,55,23,102,26,62,29,24" hai1="99,129,25,135,74,127,45,91,18,47,94,72,20" hai2="120,90,110,124,131,40,84,61,50,48,75,15,5" hai3="38,87,53,132,106,79,71,116,39,14,2,54,80"/><W103/><G2/><T117/><D117/><U36/><E135/><V35/><F110/><W122/><G71/><T30/><D113/><U21/><E129/><V101/><F35/><W60/><G54/><T77/><D77/><U19/><E127/><V44/><F75/><W63/><G63/><T59/><D26/><U16/><E18/><V56/><F124/><W118/><G14/><T33/><D33/><U67/><E67/><N who="2" m="39335" /><F131/><W70/><G60/><T12/><D12/><U112/><E112/><V130/><F130/><W69/><G53/><T0/><D0/><U95/><E45/><V42/><F120/><W58/><G58/><T86/><D68/><U46/><E46/><N who="2" m="25671" /><F101/><W98/><G103/><T22/><D24/><U11/><E11/><N who="2" m="4591" /><F90/><W114/><G80/><T125/><D125/><U96/><E47/><V126/><F126/><W133/><G87/><AGARI ba="0,0" hai="42,44,50,84,87" m="4591,25671,39335" machi="87" ten="30,1000,0" yaku="8,1" doraHai="28" who="2" fromWho="3" sc="190,0,271,0,196,10,343,-10" owari="190,-31.0,271,7.1,206,-19.4,333,43.3" /></mjloggm>