<mjloggm ver="2.3"><GO type="225" lobby="0"/><UN n0="%E3%82%BC%E3%83%AB%E3%83%80%E3%81%AE%E4%BC%9D%E8%AA%AC" n1="%E3%83%B4%E3%83%A0%EF%BC%99%E3%81%A6" n2="%E5%87%AA%E9%96%93%E3%82%86%E3%81%BF" n3="%E5%8D%A0%E3%81%84%E5%B8%AB%E8%A3%8F%E3%81%AA%E3%81%84%E3%81%97" dan="17,17,17,17" rate="2132.65,2123.91,2171.54,2224.15" sx="M,M,F,M"/><TAIKYOKU oya="0"/><INIT seed="0,0,0,5,1,33" ten="250,250,250,250" oya="0" hai0="108,12,91,131,6,101,52,58,98,43,4,0,41" hai1="89,111,100,90,68,1,113,92,63,11,84,75,45" hai2="119,61,70,134,19,42,133,5,64,72,94,95,21" hai3="114,67,80,99,129,66,86,13,103,127,126,69,123"/><T97/><D131/><U78/><E111/><V71/><F72/><W82/><G114/><T122/><D122/><U76/><E113/><V59/><F119/><W124/><G129/><T115/><D115/><U120/><E120/><V36/><F5/><W3/><G123/><T110/><D12/><U118/><E118/><V15/><F42/><W102/><G13/><T37/><D91/><U51/><E100/><N who="3" m="38442" /><G99/><T60/><D98/><U28/><E89/><V83/><F83/><N who="3" m="31787" /><G86/><T87/><D87/><U77/><E28/><V34/><F34/><W132/><G69/><N who="2" m="26121" /><F36/><W31/><G31/><T104/><D6/><U135/><E75/><V93/><F93/><W57/><G132/><N who="2" m="50793" /><F95/><W27/><G27/><T130/><D130/><U65/><E135/><V8/><F94/><W54/><G3/><T2/><D2/><U17/><E1/><V29/><F29/><W44/><G44/><T47/><REACH who="0" step="1"/><D43/><REACH who="0" ten="240,250,250,250" step="2"/><U128/><E128/><V25/><F25/><W9/><G9/><AGARI ba="0,1" hai="0,4,9,37,41,47,52,58,60,97,101,104,108,110" machi="9" ten="40,12000,1" yaku="1,1,2,1,52,1,54,1,53,0" doraHai="33" doraHaiUra="81" who="0" fromWho="3" sc="240,130,250,0,250,0,250,-120" /><AGARI ba="0,0" hai="8,9,15,19,21,59,61,64" m="50793,26121" machi="9" ten="30,1000,0" yaku="20,1" doraHai="33" who="2" fromWho="3" sc="370,0,250,0,250,10,130,-10" /><INIT seed="0,1,0,5,1,4" ten="370,250,260,120" oya="0" hai0="117,85,20,45,93,9,58,55,109,101,134,54,31" hai1="128,48,18,17,91,33,66,133,132,56,110,38,37" hai2="127,41,102,104,59,72,88,98,94,123,12,105,84" hai3="0,29,46,61,22,135,64,83,11,10,80,107,13"/><T34/><D117/><U6/><E33/><V97/><F123/><W79/><G0/><T111/><D34/><U119/><E119/><V35/><F35/><W57/><G107/><T87/><D134/><N who="1" m="51819" /><E110/><N who="0" m="41993" /><D45/><U112/><E128/><V103/><F41/><W89/><G135/><T74/><D74/><U62/><E112/><V40/><F40/><W121/><G121/><T82/><D9/><N who="3" m="3081" /><G79/><N who="0" m="46303" /><D58/><U99/><E6/><V50/><F12/><W52/><G89/><N who="0" m="53439" /><D101/><U16/><E48/><V32/><F32/><W47/><G47/><T63/><D63/><U2/><E2/><V126/><F59/><N who="3" m="36927" /><G46/><T1/><D1/><U125/><E38/><V96/><F50/><N who="3" m="30871" /><G13/><T36/><D36/><U3/><E37/><V92/><F72/><W49/><G49/><T39/><D39/><U14/><E3/><V115/><F115/><W130/><G130/><T68/><D68/><U24/><E14/><V113/><F113/><W27/><AGARI ba="1,0" hai="22,27,29,80,83" m="30871,36927,3081" machi="27" ten="30,8000,1" yaku="8,1,52,3,54,1" doraHai="4" who="3" fromWho="3" sc="370,-41,250,-21,260,-21,120,83" /><INIT seed="1,0,0,3,2,102" ten="329,229,239,203" oya="1" hai0="62,26,89,49,30,11,6,83,106,31,123,92,134" hai1="39,25,99,103,93,86,94,40,87,34,74,65,122" hai2="107,130,44,28,119,129,0,4,41,100,68,22,21" hai3="95,71,116,85,114,120,54,133,132,18,101,35,59"/><U1/><E122/><V64/><F119/><W12/><G120/><T8/><D106/><U29/><E74/><V53/><F53/><W70/><G114/><T72/><D123/><U3/><E65/><V63/><F4/><W51/><G35/><T57/><D134/><N who="3" m="51817" /><G116/><T15/><D49/><U88/><REACH who="1" step="1"/><E86/><REACH who="1" ten="329,219,239,203" step="2"/><V45/><F64/><W131/><G131/><T125/><D72/><U50/><E50/><V126/><F130/><W96/><G85/><T117/><D117/><U135/><E135/><V5/><F129/><W82/><G82/><T9/><D83/><U37/><E37/><V77/><F126/><W19/><G19/><T79/><D125/><U76/><E76/><V112/><F77/><W98/><G96/><T69/><D79/><U118/><E118/><V84/><F84/><W46/><G46/><AGARI ba="0,1" hai="1,3,25,29,34,39,40,46,87,88,93,94,99,103" machi="46" ten="40,3900,0" yaku="1,1,54,1,53,0" doraHai="102" doraHaiUra="109" who="1" fromWho="3" sc="329,0,219,49,239,0,203,-39" /><INIT seed="1,1,0,0,2,55" ten="329,268,239,164" oya="1" hai0="95,110,133,72,99,102,116,28,90,60,47,94,62" hai1="46,61,58,81,2,93,15,34,65,80,35,75,109" hai2="37,98,73,20,31,122,8,96,71,49,38,124,104" hai3="36,127,21,57,77,33,78,40,63,7,12,115,84"/><U56/><E2/><V16/><F122/><W107/><G115/><T112/><D112/><U9/><E109/><V14/><F71/><W13/><G33/><T43/><D116/><U117/><E117/><V92/><F73/><W29/><G107/><T83/><D110/><U82/><E75/><V126/><F104/><W18/><G127/><N who="2" m="48681" /><F49/><W10/><G29/><T97/><D133/><U125/><E125/><V132/><F132/><W41/><G36/><N who="2" m="13929" /><F92/><W42/><REACH who="3" step="1"/><G84/><REACH who="3" ten="329,268,239,154" step="2"/><T128/><D28/><U91/><E34/><V68/><F68/><W123/><G123/><T76/><D128/><U74/><E35/><V118/><F118/><W48/><G48/><AGARI ba="1,1" hai="43,47,48,60,62,72,76,83,90,94,95,97,99,102" machi="48" ten="30,1000,0" yaku="7,1" doraHai="55" who="0" fromWho="3" sc="329,23,268,0,239,0,154,-13" /><INIT seed="2,0,0,3,1,124" ten="352,268,239,141" oya="2" hai0="112,103,25,52,57,88,133,127,129,106,130,131,63" hai1="132,28,87,114,44,111,128,69,1,59,135,37,73" hai2="36,121,15,86,96,27,5,2,70,34,122,75,45" hai3="80,65,22,40,3,14,9,6,47,68,55,90,49"/><V109/><F109/><W116/><G116/><T78/><D133/><U29/><E111/><V46/><F75/><W31/><G3/><T41/><D127/><U118/><E118/><V20/><F34/><W54/><G68/><T101/><D112/><U39/><E69/><V98/><F2/><W82/><G65/><T30/><D106/><U93/><E73/><V115/><F115/><W11/><G11/><T77/><D41/><U84/><E114/><V62/><F86/><W13/><G90/><T125/><D88/><U83/><E1/><V95/><F98/><W10/><G22/><N who="0" m="15671" /><D125/><U89/><E59/><V85/><F85/><W72/><G31/><T67/><D67/><U102/><E102/><AGARI ba="0,0" hai="52,57,63,77,78,101,102,103,129,130,131" m="15671" machi="102" ten="30,8000,1" yaku="19,1,52,3,54,1" doraHai="124" who="0" fromWho="1" sc="352,80,268,-80,239,0,141,0" /><INIT seed="3,0,0,4,1,72" ten="432,188,239,141" oya="3" hai0="51,54,97,88,135,43,90,117,109,57,27,119,62" hai1="47,91,16,107,21,38,39,89,6,4,126,99,15" hai2="45,52,28,5,95,81,17,106,71,41,60,64,8" hai3="48,20,120,116,83,101,114,23,78,65,12,112,79"/><W69/><G116/><T70/><D109/><U35/><E35/><V3/><F106/><W37/><G120/><T113/><D135/><U118/><E126/><V129/><F129/><W80/><G37/><T58/><D113/><U104/><E118/><V56/><F28/><W59/><G101/><T125/><D125/><U46/><E21/><V24/><F81/><W115/><G69/><T19/><D70/><U73/><E15/><V36/><F95/><W40/><G40/><T66/><D43/><U127/><E73/><V123/><F123/><W124/><G124/><T29/><D19/><U100/><E127/><V122/><F122/><W49/><G65/><T98/><D119/><U93/><E93/><V94/><F94/><W2/><G2/><T50/><D50/><N who="3" m="19561" /><G59/><T121/><D121/><U0/><E0/><V33/><F33/><W96/><G96/><N who="0" m="36971" /><D117/><U75/><E75/><V131/><F131/><W61/><G61/><T18/><D29/><U77/><E99/><V84/><F64/><W92/><G92/><T55/><D66/><U30/><E30/><V132/><F71/><W22/><G12/><T31/><D31/><U134/><E134/><V26/><F132/><W87/><G87/><T85/><D85/><U25/><E100/><V63/><F63/><W82/><AGARI ba="0,0" hai="20,22,23,78,79,80,82,83,112,114,115" m="19561" machi="82" ten="40,18000,2" yaku="29,2,28,2,52,2" doraHai="72" who="3" fromWho="3" sc="432,-60,188,-60,239,-60,141,180" /><INIT seed="3,1,0,2,3,18" ten="372,128,179,321" oya="3" hai0="124,89,41,104,57,121,77,33,64,25,65,50,90" hai1="26,100,35,85,69,116,28,130,15,46,42,103,68" hai2="19,10,135,134,110,92,122,2,14,97,79,126,45" hai3="58,98,66,54,31,48,128,34,60,74,111,83,81"/><W8/><G128/><T32/><D121/><U120/><E120/><V93/><F122/><W129/><G129/><T52/><D104/><U30/><E130/><V117/><F117/><W115/><G115/><T118/><D118/><U0/><E116/><V7/><F110/><W72/><G111/><T87/><D124/><U61/><E0/><V95/><F126/><W112/><G112/><T88/><D33/><U44/><E30/><V125/><F125/><W36/><G36/><T12/><D32/><U76/><E46/><V40/><F79/><W80/><G8/><T20/><D12/><U108/><E108/><V106/><F106/><W59/><REACH who="3" step="1"/><G98/><REACH who="3" ten="372,128,179,311" step="2"/><T119/><D119/><U127/><E127/><V4/><F97/><W123/><G123/><T82/><D41/><U21/><E103/><V78/><F40/><W24/><AGARI ba="1,1" hai="24,31,34,48,54,58,59,60,66,72,74,80,81,83" machi="24" ten="30,3000,0" yaku="1,1,0,1,53,0" doraHai="18" doraHaiUra="113" who="3" fromWho="3" sc="372,-11,128,-11,179,-11,311,43" /><INIT seed="3,2,0,2,3,38" ten="361,117,168,354" oya="3" hai0="114,6,117,52,59,27,121,8,16,81,17,78,3" hai1="53,68,46,134,4,109,100,65,54,33,84,101,116" hai2="74,93,50,11,108,104,125,47,0,133,55,73,31" hai3="32,23,88,69,132,86,112,77,30,124,80,123,44"/><W102/><G112/><T61/><D117/><U57/><E116/><V19/><F104/><W95/><G123/><T41/><D121/><U119/><E119/><V70/><F70/><W127/><G132/><T39/><D114/><U40/><E134/><V51/><F133/><W9/><G69/><T21/><D41/><U22/><E33/><V94/><F108/><W7/><G32/><T113/><D113/><U24/><E109/><V10/><F125/><N who="3" m="48203" /><G102/><T75/><D39/><U63/><E4/><V14/><F31/><AGARI ba="2,0" hai="3,6,8,16,17,21,27,31,52,59,61,75,78,81" machi="31" ten="30,3900,0" yaku="7,1,54,2" doraHai="38" who="0" fromWho="2" sc="361,45,117,0,168,-45,354,0" owari="406,50.6,117,-38.3,123,-27.7,354,15.4" /></mjloggm>