<mjloggm ver="2.3"><GO type="225" lobby="0"/><UN n0="%E6%B7%91%E5%A5%B3%E3%81%AE%E5%97%9C%E3%81%BF" n1="%E3%81%AF%E3%82%88%E3%81%8A%E3%81%98%E3%81%95%E3%82%93" n2="%E5%B8%86%E7%AB%8B%E5%A4%8F%E8%A1%A3" n3="%4C%4F%4C%49%54%41" dan="16,17,17,16" rate="2120.01,2149.98,2173.00,2118.66" sx="M,M,M,F"/><TAIKYOKU oya="0"/><INIT seed="0,0,0,4,0,37" ten="250,250,250,250" oya="0" hai0="23,106,121,6,67,39,30,44,62,80,29,7,122" hai1="135,86,32,41,27,99,124,90,75,34,78,111,132" hai2="116,36,126,63,3,46,25,87,128,105,85,68,26" hai3="76,71,57,15,13,112,79,102,2,120,84,98,18"/><T61/><D106/><U38/><E111/><V10/><F105/><W65/><G112/><T4/><D80/><N who="1" m="45151" /><E99/><V69/><F128/><W97/><G71/><T1/><D1/><U104/><E104/><V127/><F116/><W52/><G2/><T88/><D88/><U54/><E54/><V50/><F36/><W19/><G65/><T51/><D39/><U47/><E27/><V113/><F113/><W74/><G74/><T59/><D62/><U43/><E43/><V64/><F69/><W109/><G120/><T55/><REACH who="0" step="1"/><D23/><REACH who="0" ten="240,250,250,250" step="2"/><U11/><E90/><V107/><F107/><W0/><G0/><T83/><D83/><U21/><E21/><V82/><F82/><W81/><G76/><T96/><D96/><U42/><E38/><V8/><F3/><W110/><G109/><T35/><D35/><U95/><E34/><V108/><F108/><W58/><G110/><T93/><D93/><U53/><E32/><V130/><F63/><W28/><G98/><T33/><D33/><U20/><E20/><V5/><F85/><W94/><G94/><T70/><D70/><U118/><E86/><V45/><F87/><W123/><G97/><T49/><D49/><N who="1" m="28863" /><E95/><V24/><F50/><W12/><G84/><T60/><D60/><U131/><E118/><V9/><F68/><W14/><G81/><T115/><D115/><U89/><E89/><V119/><F119/><W22/><G79/><T91/><D91/><U100/><E100/><V117/><F117/><W103/><G103/><T40/><D40/><U31/><E42/><V114/><F114/><W72/><G102/><RYUUKYOKU ba="0,1" sc="240,30,250,-10,250,-10,250,-10" hai0="4,6,7,29,30,44,51,55,59,61,67,121,122" /><INIT seed="0,1,1,0,5,10" ten="270,240,240,240" oya="0" hai0="45,2,12,78,84,98,122,105,40,15,9,67,20" hai1="101,36,55,23,132,116,115,130,5,94,58,43,109" hai2="100,89,26,118,42,62,80,21,97,75,25,126,104" hai3="29,63,52,57,112,14,61,90,70,96,77,110,119"/><T124/><D122/><U87/><E116/><V38/><F126/><W81/><G119/><T108/><D124/><U86/><E109/><V46/><F118/><W71/><G112/><T1/><D108/><U17/><E115/><V79/><F62/><W47/><G110/><T18/><D67/><U3/><E130/><V33/><F33/><W127/><G127/><T34/><D34/><U95/><E132/><V131/><F131/><W93/><G29/><T50/><D105/><U44/><E5/><V129/><F129/><W73/><G61/><T114/><D114/><U28/><E3/><V64/><F64/><W121/><G121/><T92/><D78/><U59/><E59/><V125/><F125/><W54/><G54/><T49/><D84/><U56/><E58/><V117/><F117/><W4/><REACH who="3" step="1"/><G47/><REACH who="3" ten="270,240,240,230" step="2"/><T88/><REACH who="0" step="1"/><D49/><REACH who="0" ten="260,240,240,230" step="2"/><U91/><E36/><V41/><F38/><W51/><G51/><T107/><D107/><U83/><E28/><V128/><F104/><W72/><G72/><T113/><D113/><U76/><E76/><V74/><F75/><W120/><G120/><T16/><AGARI ba="1,3" hai="1,2,9,12,15,16,18,20,40,45,50,88,92,98" machi="16" ten="20,18000,2" yaku="1,1,0,1,7,1,52,2,54,2,53,0" doraHai="10" doraHaiUra="66" who="0" fromWho="0" sc="260,213,240,-61,240,-61,230,-61" /><INIT seed="0,2,0,1,3,41" ten="473,179,179,169" oya="0" hai0="14,123,6,105,124,13,107,128,131,0,20,130,66" hai1="28,119,44,2,111,84,91,31,56,9,21,23,82" hai2="90,83,74,96,73,67,26,62,120,5,12,93,11" hai3="32,95,102,104,55,25,43,135,36,115,97,34,72"/><T108/><D123/><U58/><E119/><V125/><F125/><W77/><G115/><T53/><D124/><U48/><E111/><V110/><F110/><W35/><G55/><T103/><D108/><U61/><E9/><V4/><F120/><W92/><G135/><T54/><D66/><U98/><E2/><V7/><F26/><W100/><G100/><T40/><D40/><N who="1" m="24583" /><E56/><V122/><F122/><W17/><G17/><N who="0" m="10287" /><D0/><U78/><E98/><V99/><F99/><W94/><G72/><T69/><D69/><U70/><E70/><V106/><F106/><W109/><G109/><T87/><D87/><U50/><E50/><V89/><F74/><W59/><G59/><T116/><D116/><U117/><E117/><V133/><F133/><W132/><G132/><T86/><D86/><N who="1" m="48471" /><E21/><V80/><F73/><W24/><REACH who="3" step="1"/><G77/><REACH who="3" ten="473,179,179,159" step="2"/><T76/><D76/><U47/><E58/><N who="2" m="37335" /><F89/><W85/><G85/><T38/><D103/><U8/><E84/><V49/><F49/><W52/><G52/><N who="0" m="20075" /><D38/><U10/><E91/><V129/><F129/><W57/><G57/><T71/><D71/><U33/><E61/><V3/><F83/><W22/><G22/><T113/><D113/><U75/><E23/><V63/><F80/><W37/><G37/><T112/><D112/><U60/><E60/><V88/><F63/><W19/><G19/><T39/><D39/><U1/><E75/><V18/><F90/><W121/><G121/><T114/><D114/><U81/><E81/><V101/><F101/><W134/><G134/><T51/><D51/><U30/><E33/><V29/><F29/><RYUUKYOKU ba="2,1" sc="473,10,179,-30,179,10,159,10" hai0="6,14,105,107,128,130,131" hai2="3,4,5,7,11,12,18,88,93,96" hai3="24,25,32,34,35,36,43,92,94,95,97,102,104" /><INIT seed="0,3,1,1,1,0" ten="483,149,189,169" oya="0" hai0="55,95,7,96,46,60,47,132,94,31,69,41,131" hai1="92,28,57,80,62,122,64,15,93,29,90,5,16" hai2="125,103,119,18,105,21,104,58,99,17,30,9,63" hai3="19,133,4,129,76,51,68,118,39,128,82,22,81"/><T33/><D131/><N who="3" m="50249" /><G39/><T50/><D132/><U1/><E122/><V108/><F108/><W101/><G118/><T86/><D33/><U67/><E1/><V2/><F125/><W52/><G68/><T44/><D31/><N who="1" m="11851" /><E5/><V85/><F119/><W48/><G133/><T135/><D7/><U10/><E67/><V59/><F105/><W74/><G101/><T13/><D13/><U35/><E35/><V37/><F37/><W130/><G130/><T134/><D86/><AGARI ba="3,1" hai="10,15,16,57,62,64,80,86,90,92,93" m="11851" machi="86" ten="30,2000,0" yaku="8,1,54,1" doraHai="0" who="1" fromWho="0" sc="483,-29,149,39,189,0,169,0" /><INIT seed="1,0,0,4,0,133" ten="454,188,189,169" oya="1" hai0="58,99,39,65,121,35,123,89,56,19,34,26,113" hai1="2,70,102,10,90,107,28,92,120,68,23,103,0" hai2="59,44,97,20,16,96,22,63,46,45,66,4,5" hai3="17,25,127,94,124,53,83,18,74,47,78,62,1"/><U43/><E120/><N who="0" m="46153" /><D39/><U6/><E0/><V69/><F69/><W115/><G115/><T126/><D126/><N who="3" m="48169" /><G1/><T108/><D108/><U60/><E43/><V75/><F75/><W84/><G25/><T100/><D89/><U71/><E60/><V76/><F76/><W77/><G77/><T24/><D113/><U91/><E91/><V52/><F66/><W29/><G29/><N who="0" m="19751" /><D65/><U80/><E80/><V15/><F22/><W109/><G109/><T51/><D51/><U128/><E107/><V106/><F106/><W67/><G74/><T30/><D19/><N who="3" m="7177" /><G94/><AGARI ba="0,0" hai="26,30,35,56,58,94,99,100" m="19751,46153" machi="94" ten="30,1000,0" yaku="13,1" doraHai="133" who="0" fromWho="3" sc="454,10,188,0,189,0,169,-10" /><INIT seed="2,0,0,2,5,101" ten="464,188,189,159" oya="2" hai0="46,131,64,28,94,123,21,87,39,68,11,120,70" hai1="96,41,126,93,9,99,8,13,52,91,118,40,22" hai2="42,10,58,88,73,4,127,130,117,6,59,1,119" hai3="112,29,57,122,71,109,63,67,47,48,65,98,5"/><V27/><F127/><W111/><G122/><T76/><D131/><U49/><E118/><V24/><F130/><W34/><G5/><T3/><D28/><U26/><E99/><V124/><F124/><W2/><G2/><T37/><D21/><U43/><E126/><V23/><F73/><W134/><G98/><T90/><D76/><U25/><E13/><V56/><F42/><W128/><G128/><T115/><D11/><N who="1" m="4171" /><E22/><V51/><F6/><W72/><G72/><T54/><D90/><U69/><E69/><N who="0" m="26729" /><D94/><U89/><E91/><V16/><F51/><W108/><G134/><T60/><D3/><U36/><E36/><N who="0" m="13897" /><D87/><U38/><E38/><V32/><REACH who="2" step="1"/><F88/><REACH who="2" ten="464,188,179,159" step="2"/><W53/><G112/><T35/><D115/><U133/><E133/><V77/><F77/><W33/><REACH who="3" step="1"/><G29/><AGARI ba="0,1" hai="1,4,10,16,23,24,27,29,32,56,58,59,117,119" machi="29" ten="40,12000,1" yaku="1,1,54,1,53,3" doraHai="101" doraHaiUra="55" who="2" fromWho="3" sc="464,0,188,0,179,130,159,-120" /><INIT seed="2,1,0,0,3,43" ten="464,188,309,39" oya="2" hai0="86,78,59,106,129,122,12,77,72,87,27,13,115" hai1="96,67,58,29,30,1,112,14,93,39,21,47,79" hai2="6,64,83,54,120,33,22,65,17,131,46,135,127" hai3="95,15,5,57,25,100,19,55,45,124,126,49,7"/><V18/><F120/><W110/><G110/><T85/><D115/><U117/><E1/><V48/><F33/><W63/><G25/><T44/><D122/><U8/><E112/><V109/><F127/><W38/><G38/><T36/><D106/><U31/><E117/><V133/><F6/><W62/><G62/><T24/><D129/><U107/><E107/><V123/><F123/><W16/><G19/><T51/><D36/><U121/><E121/><V130/><F83/><W119/><G119/><T69/><D69/><U61/><E79/><N who="0" m="30217" /><D72/><U28/><E47/><V92/><F92/><W20/><G124/><T111/><D59/><U52/><E39/><V91/><F91/><W0/><G0/><T35/><D35/><U94/><E67/><N who="2" m="25675" /><F109/><W132/><G132/><N who="2" m="50761" /><F18/><W56/><G126/><T74/><D74/><U113/><E113/><V73/><F73/><W42/><REACH who="3" step="1"/><G57/><REACH who="3" ten="464,188,309,29" step="2"/><T101/><D111/><U50/><E61/><V125/><F125/><W71/><G71/><T76/><D101/><U118/><E118/><V11/><F11/><W32/><G32/><T37/><D76/><U108/><E108/><V9/><F9/><W81/><G81/><T116/><D116/><U80/><E80/><V2/><F2/><W68/><G68/><T88/><D88/><U34/><E34/><V26/><AGARI ba="1,1" hai="17,22,26,46,48,54,130,131" m="50761,25675" machi="26" ten="30,3000,0" yaku="20,1,52,1" doraHai="43" who="2" fromWho="2" sc="464,-11,188,-11,309,43,29,-11" /><INIT seed="2,2,0,1,1,89" ten="453,177,352,18" oya="2" hai0="27,106,11,110,111,73,87,41,2,121,66,95,135" hai1="130,13,117,115,101,124,61,59,43,60,50,6,109" hai2="9,37,85,122,45,48,93,65,91,67,58,0,105" hai3="33,51,88,70,94,96,97,19,4,84,40,56,55"/><V16/><F122/><W47/><G33/><T31/><D121/><U81/><E115/><V108/><F105/><W114/><G114/><T131/><D106/><U123/><E117/><V63/><F37/><W14/><G4/><N who="0" m="1431" /><D73/><U34/><E34/><V5/><F108/><N who="0" m="41514" /><D66/><U57/><E109/><V98/><F67/><W69/><G69/><T99/><D41/><U52/><E123/><V118/><F118/><W15/><G70/><T134/><D87/><U86/><E124/><V36/><F36/><W7/><G7/><T38/><D38/><U23/><E130/><V102/><F85/><W29/><G29/><T39/><D39/><U126/><E126/><V82/><F82/><W71/><G71/><T62/><D62/><U44/><E101/><V22/><F102/><W92/><G92/><T112/><D131/><U24/><E13/><V30/><F30/><W113/><G113/><T17/><D17/><N who="1" m="12399" /><E6/><V120/><F120/><W42/><G42/><T83/><D83/><U10/><E10/><V107/><F107/><W1/><G1/><T12/><D12/><N who="3" m="4649" /><G19/><T54/><D54/><U127/><E127/><V28/><F28/><W46/><G46/><T119/><D119/><U116/><E116/><V18/><REACH who="2" step="1"/><F22/><REACH who="2" ten="453,177,342,18" step="2"/><W75/><G75/><T133/><D112/><U80/><E86/><V68/><F68/><W100/><G100/><N who="0" m="60543" /><D135/><U74/><E74/><V103/><F103/><W3/><G3/><T79/><D79/><U32/><E32/><AGARI ba="2,1" hai="27,31,32,133,134" m="60543,41514,1431" machi="32" ten="30,2000,0" yaku="14,1,52,1" doraHai="89" who="0" fromWho="1" sc="453,36,177,-26,342,0,18,0" /><INIT seed="3,0,0,5,2,88" ten="489,151,342,18" oya="3" hai0="93,84,2,82,18,114,1,73,60,72,107,14,110" hai1="31,52,111,62,59,133,47,105,113,56,39,54,51" hai2="99,109,19,117,58,10,118,65,90,9,12,119,45" hai3="77,15,85,22,55,101,76,68,86,115,30,96,91"/><W27/><G115/><T97/><D110/><U53/><E105/><V70/><F70/><W50/><G68/><T21/><D114/><U8/><E113/><V130/><F109/><W126/><G126/><T125/><D125/><U46/><E111/><V94/><F130/><W32/><G32/><T34/><D34/><U35/><E8/><V122/><F122/><W81/><G15/><T7/><D107/><U104/><E104/><V87/><F45/><W40/><G40/><T78/><D60/><N who="1" m="35855" /><E31/><V57/><F65/><W108/><G108/><T11/><D1/><U20/><E20/><V69/><F69/><W37/><G37/><T103/><AGARI ba="0,0" hai="2,7,11,14,18,21,72,73,78,82,84,93,97,103" machi="103" ten="20,2700,0" yaku="0,1,7,1,52,1" doraHai="88" who="0" fromWho="0" sc="489,27,151,-7,342,-7,18,-13" owari="516,61.6,144,-25.6,335,13.5,5,-49.5" /></mjloggm>