<mjloggm ver="2.3"><GO type="225" lobby="0"/><UN n0="%72%65%6E%6B%75%6E" n1="%E7%99%BD%E5%80%89%E5%AF%9B%E4%B9%8B" n2="%E3%81%8B%E3%82%8F%E3%81%A1%E3%82%83%E3%82%93%35%38" n3="%E5%91%A8%E6%9D%B1" dan="17,16,16,16" rate="2171.94,2152.41,2152.95,2162.45" sx="M,M,M,M"/><TAIKYOKU oya="0"/><INIT seed="0,0,0,4,3,10" ten="250,250,250,250" oya="0" hai0="16,94,118,108,101,35,5,60,11,113,66,38,7" hai1="54,97,95,21,12,15,55,71,128,129,50,59,125" hai2="79,25,96,105,31,26,44,29,51,127,75,121,73" hai3="81,37,133,78,36,46,122,34,87,24,48,91,74"/><T93/><D35/><U84/><E71/><V117/><F121/><W100/><G122/><T67/><D38/><U6/><E125/><V13/><F127/><W130/><G133/><T4/><D113/><U20/><E84/><V32/><F117/><W119/><G119/><T40/><D118/><U83/><E83/><V72/><F105/><W115/><G115/><T111/><D40/><U49/><E6/><V19/><F96/><W8/><G130/><N who="1" m="50282" /><E21/><V109/><F109/><N who="0" m="42058" /><D101/><N who="1" m="60607" /><E20/><V88/><F88/><W135/><G100/><T62/><D67/><U120/><E120/><V28/><F79/><W65/><G65/><T30/><D30/><U68/><E68/><V123/><F123/><W57/><G135/><T22/><D11/><U63/><E63/><N who="0" m="24105" /><D66/><U53/><E53/><V77/><F77/><W102/><G8/><T58/><D58/><AGARI ba="0,0" hai="12,15,49,50,54,55,58,59" m="60607,50282" machi="58" ten="30,3900,0" yaku="19,1,52,2" doraHai="10" who="1" fromWho="0" sc="250,-39,250,39,250,0,250,0" /><INIT seed="1,0,0,4,4,118" ten="211,289,250,250" oya="1" hai0="42,92,21,0,66,111,100,88,47,84,64,26,123" hai1="56,85,3,18,90,19,126,12,32,46,57,53,131" hai2="31,82,80,36,122,76,63,114,115,35,10,16,54" hai3="106,110,67,44,24,59,93,1,87,119,41,40,62"/><U108/><E3/><V23/><F36/><W50/><G110/><T70/><D111/><U120/><E32/><V112/><F10/><W130/><G130/><T38/><D0/><U52/><E108/><V69/><F122/><W117/><G106/><T65/><D100/><U97/><E131/><V28/><F35/><W9/><G40/><T79/><D79/><U13/><E120/><V116/><F116/><W17/><G24/><T105/><D105/><U15/><E97/><V94/><F94/><W14/><BYE who="2" /><REACH who="3" step="1"/><G1/><REACH who="3" ten="211,289,250,240" step="2"/><T27/><D123/><U45/><E15/><V77/><F77/><W73/><G73/><T129/><D129/><U48/><E13/><V101/><F101/><W4/><G4/><T83/><D27/><U43/><E43/><V29/><F29/><W113/><G113/><T95/><REACH who="0" step="1"/><D70/><REACH who="0" ten="201,289,250,240" step="2"/><U128/><E128/><V71/><F71/><W102/><G102/><T51/><D51/><N who="1" m="28783" /><E12/><V5/><F5/><W33/><G33/><T135/><D135/><U8/><E8/><V20/><F20/><W34/><G34/><T6/><D6/><U127/><E126/><UN n2="%E3%81%8B%E3%82%8F%E3%81%A1%E3%82%83%E3%82%93%35%38" /><V109/><F109/><W89/><AGARI ba="0,2" hai="9,14,17,41,44,50,59,62,67,87,89,93,117,119" machi="89" ten="30,2000,0" yaku="1,1,0,1,53,0" doraHai="118" doraHaiUra="124" who="3" fromWho="3" sc="201,-5,289,-10,250,-5,240,40" /><INIT seed="2,0,0,5,1,98" ten="196,279,245,280" oya="2" hai0="55,87,77,110,45,30,60,24,69,32,134,118,73" hai1="61,18,14,99,0,113,108,23,112,21,5,43,122" hai2="27,83,51,12,41,130,50,40,46,29,93,106,95" hai3="103,81,117,74,86,2,135,13,80,15,25,68,62"/><V66/><F106/><W49/><G2/><T131/><D110/><U78/><E43/><V97/><F130/><W76/><G117/><T89/><D131/><U64/><E108/><V120/><F120/><W84/><G135/><T53/><D118/><U1/><E78/><V70/><F70/><W57/><G68/><T100/><D134/><U34/><E122/><V91/><F66/><W132/><G132/><T90/><D73/><U107/><E34/><V124/><F124/><W67/><G74/><T82/><D45/><U115/><E23/><V88/><F83/><W8/><G25/><T127/><D127/><U129/><E5/><V56/><F12/><W3/><G3/><T52/><REACH who="0" step="1"/><D100/><REACH who="0" ten="186,279,245,280" step="2"/><U20/><E129/><V16/><F41/><W128/><G128/><T11/><D11/><U58/><E115/><V102/><F95/><W101/><G49/><T126/><D126/><U109/><E113/><V17/><F51/><W54/><G67/><AGARI ba="0,1" hai="24,30,32,52,53,55,60,67,69,77,82,87,89,90" machi="67" ten="40,2600,0" yaku="1,1,54,1,53,0" doraHai="98" doraHaiUra="7" who="0" fromWho="3" sc="186,36,279,0,245,0,280,-26" /><INIT seed="3,0,0,2,4,105" ten="222,279,245,254" oya="3" hai0="34,81,32,93,116,62,121,48,49,22,104,120,39" hai1="132,94,123,56,60,42,20,74,115,90,77,30,114" hai2="126,103,71,33,44,72,127,65,51,37,108,59,13" hai3="67,17,27,75,40,100,70,106,54,61,10,129,53"/><W50/><G129/><T119/><D104/><U80/><E123/><V83/><F33/><W36/><G36/><T8/><D39/><U91/><E132/><V73/><F103/><W43/><G75/><N who="2" m="28745" /><F83/><W15/><G54/><T131/><D81/><U19/><E42/><N who="2" m="22607" /><F13/><W52/><G53/><T107/><D107/><U58/><E30/><V41/><F41/><W57/><REACH who="3" step="1"/><G27/><REACH who="3" ten="222,279,245,244" step="2"/><T112/><D131/><U23/><E115/><V45/><F45/><W28/><G28/><T7/><D112/><U63/><E114/><V85/><F108/><W11/><G11/><T101/><D8/><U96/><E23/><V16/><F126/><W135/><G135/><T2/><D22/><U24/><E20/><V31/><F127/><W97/><AGARI ba="0,1" hai="10,15,17,40,43,50,52,57,61,67,70,97,100,106" machi="97" ten="30,6000,0" yaku="1,1,0,1,54,1,53,0" doraHai="105" doraHaiUra="1" who="3" fromWho="3" sc="222,-20,279,-20,245,-20,244,70" owari="202,-29.8,259,5.9,225,-17.5,314,41.4" /></mjloggm>