<mjloggm ver="2.3"><GO type="225" lobby="0"/><UN n0="%E3%81%A4%E3%81%A3%E3%81%B1%E3%82%8A%E3%83%9D%E3%83%BC%E3%83%AB" n1="%E3%83%96%E3%83%83%E3%83%91%E3%82%AA%E3%83%96%E3%83%81%E3%82%AD%E3%83%B3" n2="%E6%A1%9C%E8%8A%B1%E9%96%83%E3%80%85" n3="%E5%B6%BA%E4%B8%8A%E5%92%B2" dan="17,16,17,16" rate="2272.67,2122.98,2166.74,2188.79" sx="M,M,M,F"/><TAIKYOKU oya="0"/><INIT seed="0,0,0,4,1,84" ten="250,250,250,250" oya="0" hai0="77,108,44,121,37,89,101,0,8,6,118,58,132" hai1="41,64,23,51,27,45,15,133,74,9,99,32,129" hai2="110,85,93,59,124,46,62,10,134,38,7,107,48" hai3="25,135,40,119,116,75,34,94,28,82,50,71,87"/><T109/><D118/><U76/><E32/><V122/><F122/><W21/><G135/><T114/><D114/><U42/><E133/><V19/><F134/><W100/><G71/><T83/><D132/><U128/><E64/><V78/><F107/><W80/><G34/><T16/><D121/><U22/><E42/><V61/><F110/><N who="0" m="42602" /><D101/><U86/><E74/><V14/><F124/><W70/><G70/><T3/><D58/><U4/><E99/><V88/><F38/><W1/><G1/><N who="0" m="79" /><D16/><U123/><E123/><V47/><F7/><W11/><G116/><T18/><D18/><U106/><E106/><V2/><F2/><W117/><G119/><T56/><D56/><U96/><E96/><V130/><F130/><W112/><G117/><T43/><D89/><U12/><E12/><V97/><F59/><W17/><G112/><T81/><D81/><U125/><E125/><V69/><F69/><W49/><G82/><T13/><D13/><U36/><E129/><V29/><F29/><W33/><G28/><T24/><D24/><U113/><E128/><V54/><F47/><W95/><G100/><T35/><D35/><U111/><E113/><V52/><F54/><W53/><G53/><T39/><D37/><U66/><E111/><V57/><F57/><W72/><G33/><T103/><D103/><U102/><E36/><V126/><F126/><W91/><G40/><T60/><D60/><U105/><E27/><V5/><F19/><W90/><G17/><T120/><D120/><U115/><E115/><V73/><F97/><W104/><G104/><T30/><D30/><RYUUKYOKU ba="0,0" sc="250,15,250,-15,250,15,250,-15" hai0="0,3,39,43,44,77,83" hai2="5,10,14,46,48,52,61,62,73,78,85,88,93" /><INIT seed="0,1,0,4,2,116" ten="265,235,265,235" oya="0" hai0="69,67,115,66,123,79,58,9,89,63,91,125,109" hai1="47,71,10,5,78,61,104,14,76,106,74,29,110" hai2="27,134,28,131,25,48,30,112,53,124,82,21,126" hai3="3,52,15,7,20,24,35,135,31,107,88,59,133"/><T85/><D115/><U41/><E110/><V62/><F62/><W86/><G107/><T113/><D113/><U100/><E29/><V33/><F112/><W45/><G45/><T65/><D109/><U98/><E106/><V55/><F131/><W121/><G121/><T96/><D123/><U4/><E4/><V90/><F134/><N who="3" m="51211" /><G3/><T50/><D125/><N who="2" m="48234" /><F48/><N who="3" m="31111" /><G7/><T132/><D132/><U57/><E71/><V72/><F90/><N who="0" m="34314" /><D69/><U118/><E74/><V18/><F30/><W44/><G44/><T84/><D96/><U129/><E118/><V81/><F81/><N who="3" m="49231" /><G15/><T12/><D50/><U11/><E129/><V0/><F0/><W120/><G120/><T73/><D73/><U108/><E108/><V60/><F60/><W13/><G13/><T95/><D95/><U1/><E47/><V70/><F70/><W68/><G68/><T26/><D79/><AGARI ba="1,0" hai="18,21,25,27,28,33,53,55,72,79,82" m="48234" machi="79" ten="30,1000,0" yaku="18,1" doraHai="116" who="2" fromWho="0" sc="265,-13,235,0,265,13,235,0" /><INIT seed="1,0,0,2,1,128" ten="252,235,278,235" oya="1" hai0="118,120,69,16,5,98,125,10,37,101,49,73,113" hai1="4,126,123,51,74,38,78,33,77,3,115,43,48" hai2="57,133,61,105,34,82,35,119,8,58,20,114,17" hai3="2,9,62,13,116,47,12,111,63,70,129,76,21"/><U29/><E115/><V24/><F119/><W79/><G111/><T45/><D113/><U99/><E123/><V53/><F114/><W71/><G129/><T41/><D118/><U56/><E126/><V26/><F105/><W7/><G116/><T121/><D69/><U135/><E99/><V108/><F108/><W25/><G70/><T84/><D73/><U66/><E33/><V104/><F104/><W97/><G71/><T59/><D125/><U109/><E29/><V89/><F133/><W103/><G2/><T110/><D84/><U88/><E109/><V132/><F132/><W81/><G47/><T55/><D110/><U127/><E127/><V30/><F8/><W52/><G12/><T75/><D75/><U22/><E22/><V64/><F34/><W95/><G81/><T31/><D31/><U39/><E135/><V27/><F30/><N who="3" m="17711" /><G63/><T92/><REACH who="0" step="1"/><D16/><REACH who="0" ten="242,235,278,235" step="2"/><U102/><E74/><V72/><F35/><W19/><G19/><T124/><D124/><U107/><E4/><V86/><F72/><W96/><G96/><T68/><D68/><U18/><E18/><V93/><F82/><W90/><G103/><T112/><D112/><U6/><E102/><V60/><AGARI ba="0,1" hai="17,20,24,26,27,53,57,58,60,61,64,86,89,93" machi="60" ten="20,2700,0" yaku="0,1,7,1,8,1" doraHai="128" who="2" fromWho="2" sc="242,-7,235,-13,278,37,235,-7" /><INIT seed="2,0,0,4,0,69" ten="235,222,315,228" oya="2" hai0="52,129,121,87,2,4,126,105,98,110,63,41,60" hai1="120,107,96,81,100,11,53,57,71,89,111,128,33" hai2="35,112,42,27,30,127,55,108,102,44,125,70,67" hai3="124,117,92,31,8,39,43,134,23,85,115,22,59"/><V9/><F112/><W51/><G117/><T5/><D121/><U6/><E120/><V82/><F9/><W103/><G134/><T118/><D2/><U24/><E111/><V90/><F55/><W131/><G124/><N who="2" m="47689" /><F102/><W45/><G131/><T47/><D126/><U29/><E128/><V94/><F82/><W21/><G115/><T14/><D129/><U76/><E71/><V38/><F108/><W25/><G8/><T65/><D110/><U49/><E89/><V16/><F16/><W109/><G109/><T10/><D5/><U114/><E114/><V34/><F67/><W46/><G59/><T135/><D65/><U54/><E54/><V80/><F80/><W0/><G0/><T104/><D135/><U62/><E62/><V19/><F19/><W50/><G103/><N who="0" m="62583" /><D52/><U3/><REACH who="1" step="1"/><E81/><REACH who="1" ten="235,212,315,228" step="2"/><V73/><F70/><W91/><REACH who="3" step="1"/><G39/><REACH who="3" ten="235,212,315,218" step="2"/><N who="0" m="21951" /><D118/><U37/><E37/><V116/><F116/><W18/><G18/><T48/><D63/><U26/><E26/><V72/><F27/><W86/><G86/><T79/><D60/><U132/><E132/><V17/><F17/><W58/><G58/><T75/><D87/><U99/><E99/><V56/><F56/><W77/><G77/><AGARI ba="0,2" hai="3,6,11,24,29,33,49,53,57,76,77,96,100,107" machi="77" ten="40,2600,0" yaku="1,1,53,1" doraHai="69" doraHaiUra="95" who="1" fromWho="3" sc="235,0,212,46,315,0,218,-26" /><INIT seed="3,0,0,0,1,58" ten="235,258,315,192" oya="3" hai0="115,23,10,101,26,0,111,95,49,42,59,105,88" hai1="108,104,40,28,50,113,114,69,37,41,5,66,47" hai2="57,54,30,70,29,134,102,34,63,64,92,44,17" hai3="6,119,45,31,13,99,22,36,86,87,77,46,132"/><W55/><G119/><T32/><D32/><U2/><E104/><V127/><F127/><W109/><G132/><T118/><D118/><U135/><E135/><V35/><F134/><W79/><G109/><T25/><D111/><U80/><E108/><V39/><F17/><W74/><G74/><T51/><D105/><U89/><E28/><N who="2" m="10859" /><F92/><W91/><G36/><T90/><D0/><U76/><E89/><N who="0" m="34409" /><D10/><N who="1" m="2359" /><E41/><N who="2" m="22591" /><F102/><W43/><G43/><T129/><D129/><U72/><E50/><AGARI ba="0,0" hai="34,35,50,54,57,63,64,70" m="22591,10859" machi="50" ten="30,2000,0" yaku="24,1,52,1" doraHai="58" who="2" fromWho="1" sc="235,0,258,-20,315,20,192,0" owari="235,-16.5,238,3.8,335,43.5,192,-30.8" /></mjloggm>