<mjloggm ver="2.3"><GO type="225" lobby="0"/><UN n0="%E5%91%A8%E6%9D%B1" n1="%E5%8D%A0%E3%81%84%E5%B8%AB%E8%A3%8F%E3%81%AA%E3%81%84%E3%81%97" n2="%33%74%72%65%65" n3="%E6%A1%9C%E8%8A%B1%E9%96%83%E3%80%85" dan="17,17,17,16" rate="2187.44,2247.74,2173.04,2117.18" sx="M,M,F,M"/><TAIKYOKU oya="0"/><INIT seed="0,0,0,4,5,98" ten="250,250,250,250" oya="0" hai0="54,100,90,42,9,71,6,38,17,34,108,13,45" hai1="68,15,95,78,113,72,129,14,32,67,96,75,94" hai2="123,26,110,106,102,24,31,7,47,0,20,50,92" hai3="84,63,109,117,29,104,28,131,2,77,69,30,25"/><T65/><D108/><U93/><E129/><V46/><F123/><W122/><G117/><T86/><D34/><U80/><E32/><V37/><F110/><W125/><G109/><T40/><D71/><U10/><E113/><V11/><F106/><W51/><G2/><T18/><D65/><U87/><E14/><V126/><F126/><W134/><G134/><T107/><D42/><U36/><E36/><V70/><F70/><W57/><G51/><T74/><D74/><U83/><E67/><V64/><F64/><W27/><G104/><T44/><D54/><U49/><E49/><V4/><F4/><W58/><G58/><T55/><D55/><U133/><E68/><V73/><F73/><W39/><G39/><T12/><D45/><U48/><E48/><V97/><F37/><W127/><G122/><T105/><D100/><U85/><E133/><V66/><F66/><N who="3" m="39279" /><G131/><T23/><REACH who="0" step="1"/><D6/><REACH who="0" ten="240,250,250,250" step="2"/><N who="1" m="3543" /><E72/><V41/><F41/><W115/><G69/><T99/><D99/><U89/><E75/><V19/><REACH who="2" step="1"/><F50/><REACH who="2" ten="240,250,240,250" step="2"/><W76/><G125/><T119/><D119/><U81/><E81/><AGARI ba="0,2" hai="9,12,13,17,18,23,38,40,44,81,86,90,105,107" machi="81" ten="30,2900,0" yaku="1,1,7,1,53,0" doraHai="98" doraHaiUra="22" who="0" fromWho="1" sc="240,49,250,-29,240,0,250,0" /><INIT seed="0,1,0,1,5,45" ten="289,221,240,250" oya="0" hai0="88,133,23,93,43,117,98,1,17,76,66,75,129" hai1="92,32,9,31,14,2,89,74,55,38,110,115,44" hai2="124,67,27,126,3,105,71,130,72,39,36,127,80" hai3="35,26,91,33,101,73,58,7,25,109,83,0,135"/><T132/><D1/><U111/><E2/><V61/><F130/><W59/><G101/><T37/><D117/><U40/><E74/><V112/><F112/><W19/><G73/><T134/><D129/><U52/><E115/><V106/><F3/><W69/><G69/><T18/><D66/><U97/><E31/><V85/><F27/><W64/><G83/><N who="0" m="45471" /><D37/><N who="2" m="14410" /><F72/><W94/><G135/><N who="0" m="34563" /><T120/><DORA hai="5" /><D120/><U84/><E84/><V70/><F70/><W4/><G109/><N who="1" m="41482" /><E32/><V6/><F6/><AGARI ba="1,0" hai="6,9,14,38,40,44,52,55,89,92,97" m="41482" machi="6" ten="30,3900,0" yaku="14,1,52,1,54,1" doraHai="45,5" who="1" fromWho="2" sc="289,0,221,42,240,-42,250,0" /><INIT seed="1,0,0,5,5,102" ten="289,263,198,250" oya="1" hai0="10,41,16,111,24,54,35,88,99,47,69,9,117" hai1="57,58,129,131,85,82,34,50,42,2,60,15,30" hai2="115,66,32,124,90,31,14,114,67,70,63,118,89" hai3="75,25,27,52,46,133,91,5,39,103,33,43,121"/><U83/><E2/><V44/><F118/><W76/><G121/><T12/><D117/><U135/><E135/><V59/><F124/><W21/><G133/><T96/><D111/><U28/><E34/><V93/><F89/><W79/><G33/><T132/><D132/><U4/><E42/><V64/><F44/><W72/><G5/><T92/><D69/><U71/><E71/><V123/><F123/><W23/><G103/><T122/><D122/><U38/><E38/><V40/><F40/><W55/><G91/><T107/><D54/><N who="1" m="31959" /><E82/><V11/><F31/><W48/><G48/><T125/><D125/><U112/><E112/><N who="2" m="43051" /><F32/><W0/><G43/><T100/><D35/><U3/><E3/><V7/><F70/><W81/><G81/><T119/><D24/><U56/><E56/><V84/><AGARI ba="0,0" hai="7,11,14,59,63,64,66,67,84,90,93" m="43051" machi="84" ten="30,1100,0" yaku="11,1" doraHai="102" who="2" fromWho="2" sc="289,-3,263,-5,198,11,250,-3" /><INIT seed="2,0,0,2,4,91" ten="286,258,209,247" oya="2" hai0="85,90,70,83,64,0,89,27,101,109,96,82,115" hai1="9,126,47,65,59,81,37,66,11,40,76,123,60" hai2="56,74,112,32,67,22,14,43,18,75,107,100,110" hai3="93,1,69,53,26,80,117,15,122,88,45,10,104"/><V133/><F112/><W42/><G117/><T36/><D36/><U68/><E126/><V50/><F32/><W131/><G104/><T86/><D0/><U28/><E123/><V19/><F133/><W62/><G122/><T98/><D115/><U3/><E28/><V30/><F110/><W16/><G131/><T29/><D109/><U72/><E9/><V7/><F30/><W77/><G1/><T4/><D4/><U33/><E59/><V25/><F7/><W130/><G26/><T108/><D108/><U95/><E95/><V46/><F107/><W57/><G69/><T121/><D121/><U105/><E66/><V94/><F67/><W106/><G106/><T21/><D101/><U63/><E63/><AGARI ba="0,0" hai="21,27,29,63,64,70,82,83,85,86,89,90,96,98" machi="63" ten="40,1300,0" yaku="9,1" doraHai="91" who="0" fromWho="1" sc="286,13,258,-13,209,0,247,0" /><INIT seed="3,0,0,2,0,33" ten="299,245,209,247" oya="3" hai0="20,23,93,113,117,25,118,24,115,17,120,63,101" hai1="65,62,133,3,58,31,37,26,85,11,97,30,100" hai2="49,119,57,130,127,73,9,132,122,50,61,87,82" hai3="7,10,4,109,0,39,21,44,72,125,32,123,18"/><W74/><G123/><T78/><D78/><U53/><E37/><V2/><F119/><W42/><G125/><T98/><D63/><U70/><E133/><V114/><F114/><N who="0" m="43530" /><D120/><U86/><E30/><AGARI ba="0,0" hai="17,20,23,24,25,30,93,98,101,117,118" m="43530" machi="30" ten="30,1000,0" yaku="11,1" doraHai="33" who="0" fromWho="1" sc="299,10,245,-10,209,0,247,0" owari="309,40.9,235,-16.5,209,-29.1,247,4.7" /></mjloggm>