<mjloggm ver="2.3"><GO type="225" lobby="0"/><UN n0="%E6%9D%B1%E9%A2%A8%E3%81%AE%E3%81%8D%E3%82%83%E3%81%B7%E3%81%95%E3%82%93" n1="%E3%83%B4%E3%83%A0%EF%BC%99%E3%81%A6" n2="%E3%81%8B%E3%82%8F%E3%81%A1%E3%82%83%E3%82%93%35%38" n3="%E6%A1%9C%E8%8A%B1%E9%96%83%E3%80%85" dan="16,17,16,16" rate="2170.56,2129.22,2163.54,2205.70" sx="M,M,M,M"/><TAIKYOKU oya="0"/><INIT seed="0,0,0,4,5,19" ten="250,250,250,250" oya="0" hai0="97,47,42,24,56,37,114,54,23,13,122,22,115" hai1="119,41,18,78,94,14,89,133,105,125,87,86,132" hai2="74,92,113,26,79,82,118,49,10,35,76,117,36" hai3="123,134,46,3,12,103,51,130,34,63,88,8,99"/><T25/><D122/><U112/><E41/><V66/><F113/><W91/><G123/><T81/><D13/><U4/><E4/><V67/><F36/><W107/><G3/><T55/><D97/><U69/><E69/><V33/><F79/><W75/><G130/><T9/><D9/><U83/><E119/><N who="2" m="45579" /><F26/><W60/><G75/><T40/><D81/><U48/><E112/><V80/><F80/><W108/><G34/><N who="2" m="12809" /><F92/><N who="3" m="58855" /><G108/><T16/><D40/><U70/><E70/><V127/><F127/><W62/><G107/><T0/><D0/><U73/><E125/><V6/><F49/><W43/><G134/><T101/><D101/><U68/><E68/><V104/><F104/><W61/><N who="3" m="15360" /><DORA hai="15" /><W129/><G129/><T64/><D64/><U126/><E126/><V98/><F98/><W124/><G124/><T39/><D39/><U28/><E105/><V121/><F121/><W44/><G44/><T29/><REACH who="0" step="1"/><D56/><REACH who="0" ten="240,250,250,250" step="2"/><U21/><E132/><V111/><F111/><W2/><G2/><AGARI ba="0,1" hai="2,6,10,66,67,74,76,82" m="12809,45579" machi="2" ten="30,1000,0" yaku="12,1" doraHai="19,15" who="2" fromWho="3" sc="240,0,250,0,250,20,250,-10" /><INIT seed="1,0,0,2,1,68" ten="240,250,270,240" oya="1" hai0="70,12,50,82,75,69,90,16,91,80,40,4,100" hai1="107,88,2,102,20,55,127,28,65,126,95,108,39" hai2="34,128,13,61,96,115,8,44,11,73,72,133,83" hai3="98,119,116,15,71,110,14,135,24,26,0,85,129"/><U9/><E107/><V22/><F34/><W63/><G0/><T101/><D4/><N who="1" m="1175" /><E102/><N who="0" m="39529" /><D69/><U3/><E3/><V51/><F96/><W49/><G98/><T77/><D75/><U123/><E123/><V79/><F73/><W59/><G49/><T78/><D70/><U109/><E55/><V124/><F61/><W53/><G71/><T122/><D122/><U125/><E39/><V66/><F66/><W93/><G24/><T87/><D50/><U113/><E113/><V30/><F115/><W106/><G26/><T105/><D40/><U67/><E20/><V27/><F11/><W121/><G106/><T92/><D105/><U43/><E43/><V111/><F8/><W74/><G121/><T97/><D80/><U52/><E52/><V37/><F83/><W36/><G53/><T35/><D35/><U45/><E45/><V118/><F44/><W18/><G36/><T48/><D48/><U42/><E42/><V130/><F51/><W25/><G63/><T32/><D32/><U103/><E103/><V1/><F37/><W84/><G59/><T112/><D112/><U114/><E114/><V31/><F1/><W60/><G60/><T46/><D46/><U19/><E19/><V134/><F27/><W38/><G25/><T120/><D120/><U7/><E7/><V17/><F17/><W117/><G18/><T132/><D132/><U5/><E5/><V94/><F134/><W41/><G135/><T58/><D58/><U62/><E28/><V99/><F133/><W21/><G38/><T81/><D81/><U10/><E62/><V29/><F29/><RYUUKYOKU ba="0,0" sc="240,30,250,-10,270,-10,240,-10" hai0="12,16,77,78,82,87,90,91,92,97" /><INIT seed="2,1,0,2,1,16" ten="270,240,260,230" oya="2" hai0="42,29,95,14,35,63,57,72,22,75,5,11,30" hai1="80,124,109,41,61,1,32,68,135,24,102,67,37" hai2="93,19,69,133,39,86,51,108,106,130,18,21,122" hai3="38,134,4,59,110,70,83,47,46,92,27,36,113"/><V13/><F106/><W112/><G4/><T54/><D42/><U3/><E109/><V71/><F122/><W101/><G70/><T128/><D128/><U117/><E117/><V73/><F73/><W53/><G83/><T40/><D40/><U82/><E124/><V91/><F39/><N who="3" m="14891" /><G27/><T85/><D35/><U87/><E82/><V115/><F115/><N who="3" m="44107" /><G110/><T111/><D111/><U97/><E135/><V96/><F130/><W2/><G2/><T58/><D58/><U98/><E98/><V25/><F108/><W31/><G31/><T74/><REACH who="0" step="1"/><D22/><REACH who="0" ten="260,240,260,230" step="2"/><U132/><E41/><V79/><F133/><W104/><G134/><T56/><D56/><U120/><E132/><V105/><F71/><W114/><N who="3" m="44115" /><W89/><DORA hai="123" /><G59/><T12/><D12/><U49/><E120/><V15/><F69/><W94/><G53/><T7/><D7/><U60/><E68/><V88/><F13/><W107/><G46/><T103/><D103/><U77/><E102/><N who="2" m="62663" /><F15/><W121/><G47/><T76/><D76/><U10/><E1/><V6/><F79/><W78/><G78/><T8/><D8/><U55/><E10/><V28/><F6/><W17/><G121/><T48/><D48/><U90/><E3/><V129/><F129/><W119/><G119/><T64/><D64/><U45/><E67/><V0/><F0/><W99/><G17/><N who="2" m="6153" /><F51/><W65/><G65/><T23/><D23/><U52/><E37/><V118/><F118/><W127/><G127/><T125/><D125/><U116/><E116/><V84/><F91/><AGARI ba="1,1" hai="5,11,14,29,30,54,57,63,72,74,75,85,91,95" machi="91" ten="40,1300,0" yaku="1,1,53,0" doraHai="16,123" doraHaiUra="131,44" who="0" fromWho="2" sc="260,26,240,0,260,-16,230,0" /><INIT seed="3,0,0,5,4,66" ten="286,240,244,230" oya="3" hai0="24,95,94,74,21,45,84,120,13,68,72,33,19" hai1="99,88,109,54,41,10,8,28,25,35,91,123,56" hai2="63,4,53,71,17,37,93,130,5,51,102,38,2" hai3="12,100,82,103,0,22,97,101,112,124,3,40,14"/><W108/><G112/><T34/><D45/><U58/><E123/><V55/><F130/><W115/><G115/><T16/><D120/><U127/><E109/><V78/><F78/><W87/><G108/><T36/><D36/><U122/><E122/><V29/><F29/><W107/><G40/><T134/><D68/><U89/><E127/><V125/><F125/><W76/><G124/><T27/><D134/><U26/><E41/><V61/><F17/><W1/><REACH who="3" step="1"/><G22/><REACH who="3" ten="286,240,244,220" step="2"/><T81/><D21/><U106/><E26/><V110/><F110/><W83/><G83/><T98/><D81/><U11/><REACH who="1" step="1"/><E54/><REACH who="1" ten="286,230,244,220" step="2"/><V80/><F55/><W118/><G118/><T43/><D43/><U7/><E7/><V79/><F4/><W20/><G20/><T132/><D24/><U129/><E129/><V62/><F5/><W126/><G126/><T111/><D27/><U32/><E32/><V116/><F116/><W96/><G96/><T44/><D98/><U52/><E52/><V75/><F53/><W57/><G57/><T18/><D33/><U117/><E117/><V65/><F38/><W92/><G92/><T48/><D95/><U119/><E119/><V23/><F37/><W131/><G131/><T85/><D34/><U39/><E39/><V105/><F93/><W59/><G59/><T133/><D94/><U31/><E31/><V47/><F23/><W9/><G9/><T73/><D111/><U67/><E67/><N who="2" m="41455" /><F80/><W114/><G114/><T15/><D133/><U113/><E113/><V30/><F65/><W50/><G50/><T60/><D132/><U6/><E6/><RYUUKYOKU ba="0,2" sc="286,-15,230,15,244,-15,220,15" hai1="8,10,11,25,28,35,56,58,88,89,91,99,106" hai3="0,1,3,12,14,76,82,87,97,100,101,103,107" /><INIT seed="3,1,2,5,0,53" ten="271,245,229,235" oya="3" hai0="110,116,27,125,105,35,42,74,54,106,8,94,69" hai1="2,121,113,9,77,55,0,18,111,19,26,61,47" hai2="127,29,102,16,72,23,131,50,109,38,117,6,33" hai3="97,32,36,81,82,130,12,126,31,88,92,68,87"/><W37/><G126/><T52/><D94/><U115/><E121/><V63/><F117/><W95/><G68/><T60/><D8/><U78/><E111/><V89/><F38/><W98/><G130/><T75/><D42/><U3/><E47/><V84/><F72/><W62/><G62/><T120/><D120/><U30/><E55/><V114/><F114/><W134/><G134/><T123/><D123/><U17/><E61/><V135/><F102/><W24/><G12/><T5/><D5/><N who="1" m="1191" /><E77/><V118/><F118/><W46/><G82/><T70/><D110/><U104/><E78/><V7/><F109/><W124/><G124/><T86/><D125/><U133/><E104/><V100/><F100/><W119/><G119/><T49/><D116/><U128/><E133/><V101/><F101/><W90/><G46/><T64/><D69/><U73/><E73/><V48/><F127/><W57/><G57/><T108/><D108/><U80/><E80/><N who="2" m="49287" /><F135/><W66/><G66/><T71/><D71/><U56/><E56/><V41/><F131/><W59/><G59/><N who="0" m="33167" /><D54/><U122/><E122/><V91/><F63/><W65/><G65/><T67/><D64/><U93/><E128/><V79/><F48/><W83/><G83/><T34/><D74/><U129/><E129/><V51/><F51/><W107/><G107/><N who="0" m="40971" /><D75/><U25/><E93/><V1/><F50/><W15/><G15/><T13/><D13/><U40/><E40/><V11/><F41/><W58/><G58/><T20/><D86/><U45/><E45/><V4/><F1/><N who="1" m="9" /><E25/><V43/><F43/><W99/><G81/><RYUUKYOKU ba="1,2" sc="271,10,245,10,229,-30,235,10" hai0="20,27,34,35,60,67,70" hai1="17,18,19,26,30,113,115" hai3="24,31,32,36,37,87,88,90,92,95,97,98,99" /><INIT seed="3,2,2,0,5,52" ten="281,255,199,245" oya="3" hai0="110,7,46,20,74,29,75,48,118,6,107,100,120" hai1="133,87,3,57,5,49,102,16,9,96,95,101,91" hai2="34,131,116,97,89,69,72,90,108,71,128,23,80" hai3="105,59,134,42,12,122,99,43,0,77,50,130,115"/><W132/><G122/><T113/><D120/><U11/><E133/><N who="3" m="51306" /><G130/><N who="2" m="49705" /><F34/><W124/><G124/><T67/><D118/><U13/><E49/><V55/><F116/><W40/><G0/><T84/><D107/><U94/><E57/><V111/><F23/><W98/><G115/><T35/><D35/><U1/><E3/><V68/><F55/><N who="3" m="32247" /><G77/><T62/><D75/><U61/><E61/><V104/><F72/><W27/><G105/><T32/><D74/><U65/><E65/><V119/><F119/><W18/><G27/><N who="0" m="16615" /><D32/><U37/><E37/><V45/><F45/><W24/><G24/><T109/><D113/><U21/><E21/><AGARI ba="2,2" hai="12,18,21,40,42,43,98,99" m="32247,51306" machi="21" ten="30,2900,0" yaku="20,1,52,1" doraHai="52" who="3" fromWho="1" sc="281,0,255,-35,199,0,245,55" owari="281,8.1,220,-18.0,199,-30.1,300,40.0" /></mjloggm>