<mjloggm ver="2.3"><GO type="225" lobby="0"/><UN n0="%E5%8D%A0%E3%81%84%E5%B8%AB%E8%A3%8F%E3%81%AA%E3%81%84%E3%81%97" n1="%E5%91%A8%E6%9D%B1" n2="%E6%A1%9C%E8%8A%B1%E9%96%83%E3%80%85" n3="%E3%80%93%E3%81%97%E3%83%BC%E3%82%89%E3%80%93" dan="17,17,16,16" rate="2245.41,2193.41,2119.51,2231.93" sx="M,M,M,M"/><TAIKYOKU oya="0"/><INIT seed="0,0,0,5,4,83" ten="250,250,250,250" oya="0" hai0="21,39,94,47,122,114,74,10,63,4,49,35,6" hai1="107,90,132,48,59,27,5,72,22,52,57,99,108" hai2="135,95,73,117,116,120,89,79,36,42,78,113,14" hai3="106,118,61,125,66,102,101,119,3,58,12,69,128"/><T51/><D114/><U77/><E108/><V103/><F120/><W121/><G3/><T43/><D35/><U80/><E132/><V30/><F113/><W98/><G121/><T65/><D122/><U2/><E2/><V123/><F123/><W29/><G128/><T126/><D126/><U45/><E5/><V86/><F30/><W41/><G125/><T28/><D74/><U26/><E26/><V85/><F73/><W130/><G130/><T110/><D110/><U100/><REACH who="1" step="1"/><E90/><REACH who="1" ten="250,240,250,250" step="2"/><N who="2" m="53711" /><F135/><W38/><G118/><N who="2" m="45673" /><F14/><W84/><G12/><T111/><D111/><U23/><E23/><V131/><F131/><W25/><G119/><T37/><D21/><U11/><E11/><V105/><F36/><W76/><G38/><T81/><D37/><U124/><E124/><V97/><F42/><W71/><G41/><T64/><D39/><U127/><E127/><V13/><F13/><W56/><G25/><T104/><D43/><U96/><E96/><V44/><F44/><W18/><G98/><T67/><D47/><U17/><AGARI ba="0,1" hai="17,22,27,45,48,52,57,59,72,77,80,99,100,107" machi="17" ten="20,5200,0" yaku="1,1,0,1,7,1,54,1,53,0" doraHai="83" doraHaiUra="24" who="1" fromWho="1" sc="250,-26,240,62,250,-13,250,-13" /><INIT seed="1,0,0,2,5,82" ten="224,302,237,237" oya="1" hai0="0,81,54,36,16,106,134,56,99,101,34,120,51" hai1="3,41,94,76,32,18,68,24,55,17,124,117,7" hai2="48,11,78,125,88,128,25,19,72,93,5,77,67" hai3="60,38,9,126,13,121,85,123,28,103,113,40,105"/><U130/><E117/><V12/><F125/><W30/><G126/><T27/><D0/><U50/><E124/><V57/><F128/><W92/><G113/><T47/><D134/><U79/><E68/><V80/><F77/><W65/><G105/><T23/><D120/><U74/><E41/><V22/><F48/><W91/><G103/><T115/><D115/><U52/><E130/><V95/><F95/><W111/><G111/><T131/><D131/><U83/><E79/><V96/><F57/><W132/><G132/><T114/><D114/><U69/><E69/><V71/><F71/><W66/><G66/><T90/><D34/><U108/><E55/><V37/><REACH who="2" step="1"/><F67/><REACH who="2" ten="224,302,227,237" step="2"/><W110/><G65/><T15/><D36/><AGARI ba="0,1" hai="5,11,12,19,22,25,36,37,72,78,80,88,93,96" machi="36" ten="40,5200,0" yaku="1,1,2,1,54,1,53,0" doraHai="82" doraHaiUra="42" who="2" fromWho="0" sc="224,-52,302,0,227,62,237,0" /><INIT seed="2,0,0,3,1,13" ten="172,302,289,237" oya="2" hai0="47,82,91,77,23,132,41,89,97,60,71,113,40" hai1="105,15,62,20,96,16,39,128,75,0,135,53,118" hai2="84,28,49,130,8,46,114,111,106,68,121,120,58" hai3="19,90,88,115,1,119,92,3,86,83,110,37,76"/><V43/><F106/><W104/><G37/><T133/><D113/><U65/><E128/><V131/><F28/><W103/><G115/><T44/><D71/><U109/><E109/><V52/><F114/><W45/><G110/><T107/><D60/><U32/><E135/><V85/><F111/><W59/><G45/><T50/><D107/><U125/><E125/><V56/><F8/><W38/><G38/><T26/><D97/><U25/><E39/><N who="2" m="21887" /><F68/><W112/><G112/><T73/><D132/><U98/><E0/><V74/><F74/><N who="3" m="43415" /><G90/><T51/><REACH who="0" step="1"/><D133/><REACH who="0" ten="162,302,289,237" step="2"/><U102/><E98/><V87/><F121/><W24/><G119/><T93/><D93/><U95/><E118/><V61/><F120/><W126/><G126/><T122/><D122/><U70/><E105/><V34/><F61/><W36/><G104/><T124/><D124/><U134/><E134/><V18/><F131/><W78/><G92/><T100/><D100/><U42/><E102/><V48/><F130/><W129/><G103/><T35/><D35/><U66/><E95/><V64/><F34/><W21/><G129/><T11/><D11/><U29/><E32/><V116/><F116/><W31/><G21/><T94/><D94/><U9/><E20/><V57/><F64/><W6/><G36/><T4/><D4/><U17/><E66/><V127/><F127/><W30/><G6/><T108/><D108/><U99/><E65/><V72/><F48/><W22/><G22/><T123/><D123/><U101/><E101/><V63/><F49/><W33/><G33/><T69/><D69/><U54/><E70/><RYUUKYOKU ba="0,1" sc="162,30,302,-10,289,-10,237,-10" hai0="23,26,40,41,44,47,50,51,73,77,82,89,91" /><INIT seed="3,1,1,2,0,97" ten="192,292,279,227" oya="3" hai0="14,128,53,15,123,108,111,58,129,125,61,48,52" hai1="78,105,133,25,33,34,2,60,77,27,88,110,21" hai2="40,79,41,1,29,56,7,118,73,45,6,89,43" hai3="80,44,95,36,72,135,81,68,100,122,134,30,90"/><W113/><G68/><T116/><D116/><U18/><E2/><V127/><F118/><W24/><G122/><T0/><D0/><U4/><E105/><V109/><F109/><N who="0" m="42058" /><D123/><U117/><E4/><N who="2" m="1579" /><F73/><W120/><G120/><T82/><D82/><U28/><E110/><V54/><F1/><W85/><G113/><T8/><D8/><U93/><E117/><V20/><F127/><W69/><G69/><T98/><D125/><U102/><E133/><V46/><F89/><W91/><G72/><T103/><D53/><U83/><E33/><V71/><F71/><W119/><G119/><T94/><D61/><U49/><E60/><N who="2" m="35863" /><F79/><W17/><G134/><T107/><D107/><U26/><E49/><V23/><F29/><W76/><G30/><T70/><D70/><U126/><E126/><V59/><F59/><W130/><G135/><T37/><D37/><U3/><E3/><V50/><F46/><W57/><G44/><T84/><D84/><N who="1" m="50207" /><E34/><V87/><F87/><W9/><G85/><T131/><AGARI ba="1,1" hai="14,15,48,52,58,94,98,103,128,129,131" m="42058" machi="131" ten="40,8000,1" yaku="19,1,14,1,52,1,54,1" doraHai="97" who="0" fromWho="0" sc="192,93,292,-21,279,-21,227,-41" /><INIT seed="4,0,0,4,3,32" ten="285,271,258,186" oya="0" hai0="6,40,19,117,35,52,30,27,47,7,134,16,84" hai1="131,132,78,92,57,118,55,73,80,129,48,71,90" hai2="63,72,108,82,20,51,100,70,33,21,91,68,101" hai3="13,12,77,83,24,38,86,113,74,124,106,75,110"/><T31/><D117/><U123/><E123/><V25/><F108/><W114/><G38/><T107/><D107/><U14/><E118/><V46/><F33/><W22/><G110/><T50/><D134/><U37/><E37/><V3/><F3/><W109/><G109/><T43/><D35/><U45/><E71/><V61/><F72/><N who="3" m="27691" /><G106/><T130/><D130/><N who="1" m="49675" /><E132/><V66/><F82/><W1/><G124/><T34/><D84/><N who="1" m="52295" /><E14/><V23/><F91/><W104/><G104/><T15/><D19/><U17/><E17/><V54/><REACH who="2" step="1"/><F25/><REACH who="2" ten="285,271,248,186" step="2"/><W26/><G1/><T98/><D27/><N who="3" m="10281" /><G22/><N who="0" m="11551" /><D34/><U10/><E10/><V96/><F96/><W39/><G39/><T94/><D30/><U0/><E0/><V60/><F60/><W97/><G97/><T125/><D31/><U5/><E5/><V128/><F128/><W105/><G105/><T88/><D125/><U126/><E126/><V44/><F44/><AGARI ba="0,1" hai="44,45,48,55,57,73,78,80" m="52295,49675" machi="44" ten="30,1000,0" yaku="19,1" doraHai="32" who="1" fromWho="2" sc="285,0,271,20,248,-10,186,0" /><INIT seed="5,0,0,2,4,124" ten="285,291,238,186" oya="1" hai0="59,129,33,85,57,87,18,5,15,69,120,8,56" hai1="76,20,77,104,64,46,25,73,29,1,55,47,93" hai2="108,40,10,100,99,78,71,123,35,0,92,52,98" hai3="53,60,16,50,2,112,130,113,58,44,17,118,133"/><U22/><E104/><V84/><F108/><W119/><G2/><T80/><D69/><U79/><E73/><V19/><F123/><W82/><G82/><T121/><D33/><U42/><E1/><V101/><F71/><W116/><G133/><T14/><D129/><U24/><E64/><V91/><F35/><W111/><G111/><T88/><REACH who="0" step="1"/><D87/><REACH who="0" ten="275,291,238,186" step="2"/><U54/><E93/><N who="2" m="58447" /><F0/><W27/><G130/><T62/><D62/><U21/><E21/><AGARI ba="0,1" hai="5,8,14,15,18,21,56,57,59,80,85,88,120,121" machi="21" ten="40,5200,0" yaku="1,1,54,1,53,1" doraHai="124" doraHaiUra="81" who="0" fromWho="1" sc="275,62,291,-52,238,0,186,0" owari="337,43.7,239,3.9,238,-16.2,186,-31.4" /></mjloggm>