<mjloggm ver="2.3"><GO type="225" lobby="0"/><UN n0="%E3%81%90%E3%81%A1%E3%82%84%E3%81%BE" n1="%E3%83%96%E3%83%83%E3%83%91%E3%82%AA%E3%83%96%E3%83%81%E3%82%AD%E3%83%B3" n2="%E3%83%A9%E3%82%A4%E3%83%B3%E3%81%AE%E8%99%8E" n3="%E3%81%BE%E3%81%A8%E3%81%9F" dan="16,16,16,16" rate="2135.47,2150.86,2152.93,2115.29" sx="M,M,M,M"/><TAIKYOKU oya="0"/><INIT seed="0,0,0,0,1,29" ten="250,250,250,250" oya="0" hai0="81,109,9,116,120,45,118,106,117,62,61,79,10" hai1="46,37,102,43,0,123,19,73,82,122,13,26,16" hai2="64,129,76,30,84,56,77,59,4,111,75,23,104" hai3="67,39,42,18,114,40,127,63,95,12,24,80,91"/><T88/><D120/><U44/><E0/><V58/><F104/><W38/><G127/><T68/><D106/><U49/><E102/><V71/><F75/><W96/><G114/><T41/><D109/><U85/><E73/><V119/><F129/><W51/><G24/><T7/><D68/><U14/><E26/><N who="2" m="16735" /><F71/><W108/><G108/><T103/><D103/><U89/><E14/><V101/><F111/><W35/><G35/><T132/><D132/><U99/><E99/><V125/><F125/><W128/><G128/><T5/><D10/><U48/><E19/><V53/><F119/><W15/><G15/><T112/><D112/><U124/><E124/><V134/><F134/><W90/><G51/><T130/><D130/><U121/><REACH who="1" step="1"/><E44/><REACH who="1" ten="250,240,250,250" step="2"/><V131/><F101/><W78/><G12/><T87/><D7/><U113/><E113/><V105/><F4/><W3/><G18/><T97/><D97/><U1/><E1/><V98/><F98/><W34/><G96/><T11/><D11/><AGARI ba="0,1" hai="11,13,16,37,43,46,48,49,82,85,89,121,122,123" machi="11" ten="40,2600,0" yaku="1,1,54,1,53,0" doraHai="29" doraHaiUra="133" who="1" fromWho="0" sc="250,-26,240,36,250,0,250,0" /><INIT seed="1,0,0,5,5,53" ten="224,276,250,250" oya="1" hai0="92,38,12,129,52,17,118,91,75,63,66,2,115" hai1="36,24,10,19,108,60,83,120,113,37,89,95,86" hai2="119,84,48,57,105,94,51,82,97,111,88,47,54" hai3="107,116,49,15,77,76,20,44,80,8,100,61,122"/><U16/><E113/><V67/><F111/><W45/><G122/><T71/><D129/><U33/><E120/><V22/><F119/><W102/><G20/><T23/><D115/><U43/><E108/><V74/><F22/><W0/><G0/><T13/><D2/><U128/><E128/><V70/><F70/><W104/><G61/><T9/><D75/><U85/><E43/><V56/><F67/><W32/><G32/><T79/><D79/><U130/><E130/><V78/><REACH who="2" step="1"/><F51/><REACH who="2" ten="224,276,240,250" step="2"/><W27/><G49/><T135/><D118/><U28/><E60/><V5/><F5/><W58/><G116/><T11/><D38/><U114/><E114/><V40/><F40/><W103/><G8/><T30/><D135/><U121/><E121/><V123/><F123/><W81/><G107/><T112/><D112/><U64/><E64/><V109/><F109/><W134/><G104/><T6/><D30/><U127/><E127/><V25/><F25/><W124/><G134/><T21/><REACH who="0" step="1"/><D52/><REACH who="0" ten="214,276,240,250" step="2"/><U101/><E37/><V99/><F99/><AGARI ba="0,2" hai="6,9,11,12,13,17,21,23,63,66,71,91,92,99" machi="99" ten="30,3900,0" yaku="1,1,2,1,7,1,53,0" doraHai="53" doraHaiUra="126" who="0" fromWho="2" sc="214,59,276,0,240,-39,250,0" /><INIT seed="2,0,0,0,2,25" ten="273,276,201,250" oya="2" hai0="30,47,100,58,90,114,10,43,96,11,87,110,134" hai1="89,59,121,129,20,8,13,46,68,22,5,78,80" hai2="86,54,133,76,1,81,37,28,113,63,120,66,12" hai3="15,106,0,84,95,118,93,79,31,131,69,24,44"/><V123/><F1/><W32/><G118/><T82/><D114/><U135/><E68/><V49/><F37/><W97/><G0/><T62/><D110/><U21/><E129/><V128/><F113/><W102/><G131/><T108/><D134/><U36/><E135/><V4/><F133/><W9/><G69/><T83/><D108/><U7/><E121/><V41/><F41/><W57/><G57/><T2/><D2/><U48/><E36/><V117/><F117/><W92/><G44/><T107/><D83/><U17/><E59/><V29/><F128/><W51/><G51/><T71/><D71/><U35/><E35/><V130/><F130/><W42/><G42/><T50/><REACH who="0" step="1"/><D30/><REACH who="0" ten="263,276,201,250" step="2"/><U3/><E3/><V112/><F112/><W126/><G126/><T103/><D103/><U55/><REACH who="1" step="1"/><E78/><REACH who="1" ten="263,266,201,250" step="2"/><V105/><F123/><W40/><G79/><T94/><D94/><U109/><E109/><V85/><F120/><W60/><G93/><T61/><D61/><U23/><N who="1" m="5120" /><DORA hai="88" /><U73/><E73/><V16/><F76/><W14/><G60/><T77/><D77/><U72/><E72/><V119/><F119/><W104/><G92/><T27/><D27/><U18/><E18/><V75/><F16/><W53/><G95/><T98/><D98/><U45/><E45/><V122/><F63/><W111/><G97/><T91/><D91/><U127/><E127/><V125/><F75/><W101/><G111/><T33/><D33/><U67/><E67/><AGARI ba="0,2" hai="10,11,43,47,50,58,62,67,82,87,90,96,100,107" machi="67" ten="30,2000,0" yaku="1,1,7,1,53,0" doraHai="25,88" doraHaiUra="124,26" who="0" fromWho="1" sc="263,40,266,-20,201,0,250,0" /><INIT seed="3,0,0,4,5,55" ten="303,246,201,250" oya="3" hai0="39,57,73,69,16,118,130,86,28,97,111,33,93" hai1="70,3,95,9,85,104,2,65,109,17,131,84,133" hai2="63,71,62,48,92,90,26,0,45,58,108,40,7" hai3="135,53,22,56,114,119,116,120,126,54,13,98,78"/><W5/><G120/><T41/><D73/><U19/><E104/><V115/><F115/><W10/><G135/><T101/><D69/><U112/><E112/><V123/><F108/><W110/><G114/><T61/><D118/><U8/><E109/><V11/><F123/><W46/><G110/><T30/><D111/><U60/><E133/><V107/><F107/><W94/><G126/><T4/><D33/><U35/><E35/><V64/><F26/><W124/><G124/><T79/><D130/><U59/><E131/><V51/><F51/><W29/><G78/><T15/><D4/><U14/><E70/><V6/><F6/><W67/><G46/><T1/><D1/><U68/><E68/><V88/><REACH who="2" step="1"/><F92/><REACH who="2" ten="303,246,191,250" step="2"/><W100/><G119/><T121/><D121/><U122/><E122/><V132/><F132/><W66/><G116/><T12/><D93/><U49/><E49/><V80/><F80/><W89/><G100/><T47/><D101/><U23/><E95/><V127/><F127/><W18/><G5/><T96/><D39/><U82/><E82/><V75/><F75/><W91/><G94/><T31/><D96/><U38/><E38/><V21/><F21/><W37/><G98/><T77/><D97/><U102/><E102/><V25/><F25/><W43/><G37/><T87/><D87/><N who="1" m="33355" /><E23/><V125/><F125/><W24/><G22/><T129/><D129/><U42/><E42/><V27/><F27/><W32/><G43/><T50/><D86/><U72/><E72/><V74/><F74/><W106/><G106/><T36/><D36/><U117/><E117/><RYUUKYOKU ba="0,1" sc="303,-15,246,15,191,15,250,-15" hai1="2,3,8,9,14,17,19,59,60,65" hai2="0,7,11,40,45,48,58,62,63,64,71,88,90" /><INIT seed="4,1,1,5,2,3" ten="288,261,206,235" oya="0" hai0="107,67,91,39,134,105,132,61,85,100,125,83,44" hai1="84,114,87,17,77,41,33,66,7,29,38,40,8" hai2="116,73,48,4,71,130,121,112,127,79,113,93,99" hai3="124,26,12,58,74,37,18,11,45,88,31,43,60"/><T5/><D125/><U32/><E114/><N who="2" m="44139" /><F71/><W119/><G119/><T13/><D5/><U98/><E66/><V129/><F48/><W20/><G124/><T135/><D13/><U6/><E38/><V76/><F4/><N who="1" m="1577" /><E33/><V115/><N who="2" m="44147" /><V0/><DORA hai="59" /><F0/><W34/><G74/><T101/><D39/><U80/><E32/><V89/><F127/><W57/><G57/><N who="0" m="37295" /><D44/><U53/><E29/><V122/><F116/><W62/><G58/><T19/><D19/><U117/><E117/><V86/><F73/><W47/><G47/><T56/><D56/><U69/><E69/><V52/><F52/><W133/><G133/><T123/><D123/><N who="2" m="47114" /><F86/><W16/><G88/><T14/><D14/><AGARI ba="1,1" hai="11,12,14,16,18,20,26,31,34,37,43,45,60,62" machi="14" ten="30,7700,0" yaku="7,1,52,2,54,1" doraHai="3,59" who="3" fromWho="0" sc="288,-80,261,0,206,0,235,90" owari="208,-19.2,261,6.1,206,-29.4,325,42.5" /></mjloggm>