<mjloggm ver="2.3"><GO type="225" lobby="0"/><UN n0="%E6%9C%88%E5%B3%B6%E5%9F%BA" n1="%41%6F%54" n2="%E6%98%93%E5%88%A9%E8%96%A9%E4%BC%AF" n3="%E6%9D%B1%E9%A2%A8%E3%81%AE%E3%81%8D%E3%82%83%E3%81%B7%E3%81%95%E3%82%93" dan="16,16,17,16" rate="2036.28,2073.87,2189.20,2104.95" sx="M,M,F,M"/><TAIKYOKU oya="0"/><INIT seed="0,0,0,5,4,81" ten="250,250,250,250" oya="0" hai0="34,20,15,127,80,76,120,64,0,74,16,135,112" hai1="43,26,57,17,32,116,65,89,42,6,55,39,12" hai2="117,128,28,44,111,121,21,103,69,72,67,40,102" hai3="22,118,132,114,105,60,68,41,3,63,19,47,35"/><T85/><D112/><U79/><E116/><V7/><F121/><W98/><G114/><T129/><D120/><U95/><E39/><V2/><F111/><W134/><G3/><T58/><D129/><U49/><E79/><V62/><F128/><W97/><G35/><T33/><D127/><U30/><E65/><V106/><F21/><W31/><G31/><T104/><D135/><N who="3" m="51753" /><G118/><T93/><D104/><U100/><E100/><V51/><F72/><W54/><G54/><T5/><D64/><U75/><E6/><V77/><F28/><W110/><G110/><T45/><D58/><U18/><E18/><V46/><F106/><W10/><G10/><T53/><D53/><U113/><E75/><V84/><F46/><W37/><G68/><T131/><D45/><U24/><E24/><V23/><F23/><W8/><G8/><T59/><D59/><U71/><E71/><V13/><F2/><W125/><G125/><T130/><D130/><U27/><E27/><V29/><F29/><W115/><G115/><T4/><D131/><U78/><E78/><V1/><F1/><W82/><G82/><T66/><D66/><U119/><E119/><V48/><F48/><W86/><G86/><T126/><D126/><U109/><E109/><V50/><F50/><W56/><G105/><T107/><D107/><U11/><REACH who="1" step="1"/><E113/><REACH who="1" ten="250,240,250,250" step="2"/><V61/><F117/><W133/><G133/><T73/><D73/><U36/><E36/><V90/><F69/><W96/><G56/><T38/><D38/><U124/><E124/><V92/><F67/><W88/><G88/><N who="0" m="53391" /><D0/><U52/><E52/><RYUUKYOKU ba="0,1" sc="250,10,240,10,250,-30,250,10" hai0="4,5,15,16,20,33,34,74,76,80" hai1="11,12,17,26,30,32,42,43,49,55,57,89,95" hai3="19,22,37,41,47,60,63,96,97,98" /><INIT seed="0,1,1,5,0,56" ten="260,250,220,260" oya="0" hai0="27,111,76,86,135,15,9,80,1,129,51,102,83" hai1="4,48,98,130,45,78,0,74,123,17,108,90,10" hai2="60,32,68,64,21,41,121,85,22,87,82,30,92" hai3="114,124,125,59,122,50,23,25,95,118,14,12,77"/><T105/><D129/><U101/><E123/><V84/><F121/><W93/><G122/><T37/><D37/><U18/><E130/><V2/><F2/><W3/><G3/><T70/><D135/><U69/><E69/><V57/><F32/><W103/><G77/><T52/><D1/><U132/><E132/><V20/><F41/><W29/><G118/><T62/><D111/><U55/><E108/><V112/><F112/><W24/><G114/><T107/><D102/><U66/><E66/><V36/><F36/><W11/><G25/><T40/><D40/><U67/><E67/><V127/><F127/><N who="3" m="48715" /><G103/><T53/><D27/><U99/><E78/><V131/><F131/><W35/><G35/><T79/><D79/><U104/><E74/><V63/><F92/><N who="3" m="35403" /><G11/><T88/><D105/><U120/><E120/><V34/><F34/><W5/><G5/><T91/><D107/><U106/><E90/><V47/><F47/><W75/><G75/><T133/><D133/><U115/><E115/><V134/><F134/><W19/><G29/><T126/><D126/><U44/><E44/><V28/><REACH who="2" step="1"/><F82/><REACH who="2" ten="260,250,210,260" step="2"/><W13/><G50/><T38/><D38/><U110/><E110/><V31/><F31/><W128/><G128/><T65/><D83/><U26/><E104/><V116/><F116/><W7/><G7/><N who="0" m="3519" /><D51/><U49/><E49/><V46/><F46/><W96/><G96/><T16/><D16/><N who="1" m="6251" /><E98/><V119/><F119/><W113/><G113/><T117/><D117/><U94/><E106/><V8/><F8/><W39/><G39/><T61/><D80/><U89/><E101/><RYUUKYOKU ba="1,2" sc="260,-30,250,10,210,10,260,10" hai1="0,4,10,26,45,48,55,89,94,99" hai2="20,21,22,28,30,57,60,63,64,68,84,85,87" hai3="12,13,14,19,23,24,59" /><INIT seed="1,2,2,4,2,16" ten="230,260,220,270" oya="1" hai0="121,49,7,1,72,131,100,2,113,4,76,81,128" hai1="40,70,69,6,125,29,68,3,38,107,99,98,30" hai2="60,80,28,32,73,51,36,20,62,78,114,48,75" hai3="126,33,116,52,117,34,92,8,79,132,124,106,61"/><U120/><E120/><V9/><F36/><W90/><G106/><T50/><D113/><U110/><E125/><N who="3" m="48234" /><G79/><T12/><D121/><U46/><E110/><V11/><F32/><W58/><G8/><N who="0" m="4103" /><D100/><U94/><E107/><V111/><F111/><W67/><G67/><T10/><D2/><U56/><E56/><V39/><F39/><W104/><G104/><T86/><D72/><U109/><E109/><V82/><F114/><W26/><G132/><T5/><D5/><U21/><E98/><V83/><F28/><N who="3" m="19607" /><G34/><T122/><D122/><U77/><E77/><V123/><F78/><W65/><G65/><T108/><D108/><U130/><E130/><AGARI ba="2,2" hai="1,7,10,49,50,76,81,86,128,130,131" m="4103" machi="130" ten="30,1000,0" yaku="19,1" doraHai="16" who="0" fromWho="1" sc="230,36,260,-16,220,0,270,0" /><INIT seed="2,0,0,5,4,96" ten="266,244,220,270" oya="2" hai0="24,46,11,52,116,45,103,79,81,25,72,88,73" hai1="51,100,16,38,128,132,85,75,77,82,68,26,111" hai2="127,9,99,114,64,39,129,122,95,6,121,102,106" hai3="44,27,31,14,21,50,0,8,108,118,66,97,61"/><V33/><F114/><W41/><G0/><T2/><D116/><U42/><E68/><V23/><F33/><W67/><G118/><T90/><D103/><U48/><E111/><V87/><F39/><W37/><G108/><T15/><D2/><U109/><E109/><V60/><F129/><W17/><G37/><T12/><D73/><U91/><E128/><V89/><F23/><W19/><G97/><T13/><D11/><U119/><E119/><V1/><REACH who="2" step="1"/><F127/><REACH who="2" ten="266,244,210,270" step="2"/><W4/><G67/><T126/><D126/><U124/><E124/><V74/><F74/><W10/><REACH who="3" step="1"/><G10/><REACH who="3" ten="266,244,210,260" step="2"/><T110/><D110/><U5/><E38/><V133/><F133/><W56/><AGARI ba="0,2" hai="4,8,14,17,19,21,27,31,41,44,50,56,61,66" machi="56" ten="20,8000,1" yaku="1,1,2,1,0,1,7,1,8,1,53,0" doraHai="96" doraHaiUra="117" who="3" fromWho="3" sc="266,-20,244,-20,210,-40,260,100" /><INIT seed="3,0,0,2,4,112" ten="246,224,170,360" oya="3" hai0="72,40,91,73,106,3,32,34,31,8,100,49,56" hai1="85,130,65,62,37,75,11,125,133,116,135,107,17" hai2="29,39,36,10,57,50,41,0,131,52,7,22,55" hai3="35,128,113,118,63,13,110,1,77,126,28,6,64"/><W109/><G77/><T134/><D134/><N who="1" m="51211" /><E75/><V97/><F131/><W5/><G13/><T58/><D34/><U83/><E37/><V20/><F41/><W71/><G113/><T54/><D32/><U92/><E107/><V79/><F79/><W38/><G38/><T61/><D106/><U123/><E123/><V119/><F119/><W15/><G118/><T47/><D100/><U96/><E130/><V26/><F97/><W108/><G126/><T103/><D103/><N who="1" m="60807" /><E125/><V48/><REACH who="2" step="1"/><F22/><REACH who="2" ten="246,224,160,360" step="2"/><W69/><G128/><T76/><D76/><N who="1" m="46311" /><E116/><V68/><F68/><W23/><G23/><T33/><D40/><U60/><E65/><V101/><F101/><W89/><G71/><T42/><D42/><U117/><E117/><V80/><F80/><W16/><G69/><T93/><D33/><U127/><E127/><V115/><F115/><W88/><G64/><T129/><D129/><U59/><E59/><AGARI ba="0,1" hai="0,7,10,20,26,29,36,39,48,50,52,55,57,59" machi="59" ten="30,12000,2" yaku="1,1,7,1,9,1,54,1,53,2" doraHai="112" doraHaiUra="53" who="2" fromWho="1" sc="246,0,224,-120,160,130,360,0" owari="246,-15.4,104,-39.6,290,9.0,360,46.0" /></mjloggm>