<mjloggm ver="2.3"><GO type="225" lobby="0"/><UN n0="%54%4F%52" n1="%E3%83%96%E3%83%83%E3%83%91%E3%82%AA%E3%83%96%E3%83%81%E3%82%AD%E3%83%B3" n2="%E3%81%8B%E3%82%8F%E3%81%A1%E3%82%83%E3%82%93%35%38" n3="%E6%9C%88%E5%B3%B6%E5%9F%BA" dan="16,16,16,17" rate="2161.34,2217.12,2160.84,2209.62" sx="M,M,M,M"/><TAIKYOKU oya="0"/><INIT seed="0,0,0,4,2,118" ten="250,250,250,250" oya="0" hai0="36,14,3,29,126,5,37,34,107,98,22,38,123" hai1="115,82,7,105,132,117,53,6,4,66,135,92,120" hai2="9,20,11,108,49,16,63,80,83,84,104,35,95" hai3="19,70,86,67,47,90,73,10,76,111,43,79,100"/><T101/><D126/><U2/><E117/><V40/><F104/><W48/><G111/><T13/><D123/><U0/><E105/><V113/><F113/><W99/><G73/><T72/><D72/><U8/><E115/><V25/><F108/><W33/><G33/><T69/><D69/><U41/><E66/><V124/><F35/><W27/><G70/><T71/><D71/><U62/><E41/><V68/><F124/><W103/><G67/><T15/><D34/><U51/><E62/><V65/><F95/><N who="3" m="54743" /><G99/><T31/><REACH who="0" step="1"/><D22/><REACH who="0" ten="240,250,250,250" step="2"/><U78/><E120/><V93/><F68/><W128/><G128/><T44/><D44/><U21/><E21/><V28/><F20/><N who="3" m="13727" /><G10/><AGARI ba="0,1" hai="3,5,10,13,14,15,29,31,36,37,38,98,101,107" machi="10" ten="50,2400,0" yaku="1,1,53,0" doraHai="118" doraHaiUra="39" who="0" fromWho="3" sc="240,34,250,0,250,0,250,-24" /><INIT seed="0,1,0,4,1,13" ten="274,250,250,226" oya="0" hai0="112,39,91,43,122,118,27,90,102,51,30,37,29" hai1="126,71,132,97,36,31,5,58,82,125,26,65,46" hai2="103,69,79,121,40,32,123,8,110,127,133,53,7" hai3="70,22,119,56,57,78,55,92,17,95,38,15,96"/><T3/><D112/><U89/><E132/><V94/><F69/><W116/><G70/><T84/><D118/><U135/><E135/><V21/><F32/><W14/><G38/><T42/><D122/><U41/><E71/><V77/><F40/><W23/><G78/><T101/><D3/><U18/><E5/><V107/><F107/><W50/><G57/><T1/><D1/><U54/><E65/><V74/><F133/><W9/><G23/><T34/><D51/><U49/><E82/><V129/><F53/><W128/><G128/><T105/><D84/><U35/><E89/><V2/><F77/><W62/><G50/><T93/><D93/><U48/><E97/><N who="2" m="59831" /><F129/><W81/><G81/><T63/><D27/><U108/><E108/><V100/><F100/><W75/><G95/><T106/><REACH who="0" step="1"/><D34/><REACH who="0" ten="264,250,250,226" step="2"/><U134/><E134/><V117/><F117/><W19/><REACH who="3" step="1"/><G75/><REACH who="3" ten="264,250,250,216" step="2"/><T76/><D76/><U45/><E49/><V99/><F74/><W72/><G72/><T114/><D114/><U59/><E46/><V67/><F79/><W104/><G104/><T113/><D113/><U4/><E45/><V33/><F33/><W52/><G52/><T87/><D87/><U68/><E54/><V20/><F123/><W16/><G16/><T131/><D131/><U80/><E18/><V88/><F121/><W60/><G60/><AGARI ba="1,2" hai="29,30,37,39,42,43,60,63,90,91,101,102,105,106" machi="60" ten="25,4800,0" yaku="1,1,22,2,53,0" doraHai="13" doraHaiUra="6" who="0" fromWho="3" sc="264,71,250,0,250,0,216,-51" /><INIT seed="0,2,0,5,5,85" ten="335,250,250,165" oya="0" hai0="27,71,97,56,120,64,22,105,48,15,109,80,24" hai1="114,11,52,134,39,32,43,30,25,33,18,117,127" hai2="115,135,98,66,49,106,123,53,81,4,118,7,103" hai3="92,82,57,78,21,16,26,59,69,0,74,54,122"/><T84/><D120/><U100/><E117/><V119/><F115/><W95/><G122/><T2/><D2/><U70/><E70/><V68/><F123/><W91/><G69/><T101/><D71/><U83/><E114/><V99/><F135/><W76/><G0/><T37/><D37/><U55/><E134/><V90/><F66/><W102/><G78/><T128/><D128/><U113/><E113/><V17/><F17/><W62/><G102/><T96/><D96/><U63/><E33/><V8/><F68/><W9/><G9/><T31/><D109/><U28/><E28/><V94/><F81/><W93/><REACH who="3" step="1"/><G59/><REACH who="3" ten="335,250,250,155" step="2"/><T20/><D56/><U5/><E11/><V107/><F107/><W129/><G129/><T51/><D15/><U41/><E100/><V108/><F108/><W79/><G79/><T10/><D10/><U6/><E127/><V126/><F126/><W45/><G45/><T112/><D112/><U77/><E77/><V104/><F104/><W58/><G58/><T132/><D132/><U50/><E5/><V72/><F72/><W1/><G1/><T75/><D75/><U47/><E6/><N who="2" m="2091" /><F8/><W116/><G116/><T131/><D131/><U65/><E47/><N who="2" m="27839" /><F119/><W23/><G23/><T38/><D22/><U121/><E121/><V3/><F118/><W111/><G111/><T89/><D20/><U133/><E133/><V14/><F3/><W73/><G73/><T29/><D101/><U61/><E32/><V124/><F124/><W19/><G19/><T87/><D105/><U13/><E18/><V35/><F35/><W44/><G44/><RYUUKYOKU ba="2,1" sc="335,-15,250,-15,250,15,155,15" hai2="14,90,94,98,99,103,106" hai3="16,21,26,54,57,62,74,76,82,91,92,93,95" /><INIT seed="1,3,1,2,3,124" ten="320,235,265,170" oya="1" hai0="49,15,67,108,70,58,89,113,115,53,21,25,112" hai1="48,84,9,46,76,44,18,69,29,130,78,63,45" hai2="109,123,88,37,19,38,118,110,92,86,117,47,20" hai3="6,96,119,35,83,62,39,26,31,2,52,134,95"/><U128/><E29/><V98/><F123/><W32/><G39/><N who="2" m="14857" /><F47/><N who="1" m="17993" /><E69/><V132/><F132/><W42/><G134/><T51/><D108/><N who="2" m="41578" /><F98/><W64/><G42/><T17/><D49/><U103/><E63/><V57/><F57/><W74/><G119/><T91/><D67/><U8/><E103/><V131/><F131/><N who="1" m="50217" /><E84/><V50/><F50/><W81/><G35/><T27/><D70/><U5/><E18/><V79/><F79/><N who="1" m="30249" /><E5/><V122/><F122/><W0/><G6/><T28/><REACH who="0" step="1"/><D27/><AGARI ba="3,1" hai="19,20,27,86,88,92,117,118" m="41578,14857" machi="27" ten="30,2000,0" yaku="14,1,54,1" doraHai="124" who="2" fromWho="0" sc="320,-29,235,0,265,39,170,0" /><INIT seed="2,0,0,4,5,123" ten="291,235,304,170" oya="2" hai0="14,77,56,53,40,9,97,66,78,110,39,88,15" hai1="2,13,103,68,131,44,27,22,70,108,125,127,119" hai2="117,86,87,49,83,63,54,33,50,135,29,91,82" hai3="19,94,132,57,59,8,4,36,1,115,10,93,101"/><V74/><F117/><W25/><G36/><T51/><D110/><U3/><E119/><V16/><F74/><W109/><G132/><T20/><D39/><U17/><E103/><V126/><F135/><W90/><G115/><T80/><D40/><U47/><E131/><V112/><F112/><W102/><G1/><N who="1" m="10" /><E108/><V18/><F126/><N who="1" m="48137" /><E27/><V81/><F29/><W124/><G124/><T79/><D66/><U23/><E23/><V28/><F28/><W73/><G73/><T128/><D128/><U60/><E60/><V5/><F5/><W75/><G75/><T130/><D130/><U46/><AGARI ba="0,0" hai="13,17,22,44,46,47,68,70" m="48137,10" machi="46" ten="40,1500,0" yaku="18,1" doraHai="123" who="1" fromWho="1" sc="291,-4,235,15,304,-7,170,-4" /><INIT seed="3,0,0,1,1,108" ten="287,250,297,166" oya="3" hai0="107,68,100,101,124,14,96,71,56,103,67,127,48" hai1="92,15,6,37,3,75,5,18,35,133,97,128,38" hai2="120,109,24,117,8,102,125,9,90,17,131,81,46" hai3="69,55,19,36,11,13,2,86,32,10,12,106,132"/><W51/><G132/><T122/><D122/><U87/><E75/><V49/><F117/><W1/><G36/><T94/><D14/><U84/><E35/><V66/><F102/><W121/><G121/><T43/><D107/><U58/><E3/><V77/><F120/><W70/><G106/><T28/><D28/><U34/><E34/><V123/><F123/><W79/><G32/><T105/><D105/><U45/><E133/><V52/><F109/><W65/><G2/><T91/><D43/><U20/><E128/><V33/><F66/><W80/><G65/><T113/><D113/><U23/><E38/><V72/><F125/><N who="0" m="48202" /><D48/><U95/><E45/><V50/><F131/><W93/><G1/><T119/><D119/><U4/><E37/><V59/><F90/><W85/><G93/><T98/><D98/><U31/><E58/><V40/><REACH who="2" step="1"/><F17/><REACH who="2" ten="287,250,287,166" step="2"/><W41/><G41/><T25/><D25/><N who="1" m="16831" /><E95/><V74/><F74/><W60/><G85/><T22/><D22/><U64/><E64/><V110/><F110/><W44/><REACH who="3" step="1"/><G60/><AGARI ba="0,1" hai="56,60,67,68,71,91,94,96,100,101,103" m="48202" machi="60" ten="30,1000,0" yaku="18,1" doraHai="108" who="0" fromWho="3" sc="287,20,250,0,287,0,166,-10" owari="307,40.7,250,-15.0,287,8.7,156,-34.4" /></mjloggm>