<mjloggm ver="2.3"><GO type="225" lobby="0"/><UN n0="%E3%81%BF%E3%81%BF%E3%81%9A" n1="%E8%90%BD%E6%97%A5" n2="%E5%B8%86%E7%AB%8B%E5%A4%8F%E8%A1%A3" n3="%E3%83%A9%E3%82%A4%E3%83%B3%E3%81%AE%E8%99%8E" dan="18,17,17,16" rate="2241.55,2205.15,2151.12,2129.12" sx="M,F,M,M"/><TAIKYOKU oya="0"/><INIT seed="0,0,0,0,1,17" ten="250,250,250,250" oya="0" hai0="45,119,53,85,109,47,18,100,76,73,66,61,128" hai1="124,44,94,99,134,27,70,93,39,22,6,14,105" hai2="133,51,4,88,16,102,7,59,67,25,118,91,9" hai3="116,72,130,62,115,2,11,49,63,60,54,108,65"/><T30/><D119/><U112/><E70/><V38/><F118/><W107/><G107/><T101/><D73/><U80/><E124/><V98/><F38/><W26/><G116/><T77/><D30/><U117/><E117/><V12/><F133/><W125/><G115/><T34/><D34/><U5/><E134/><V33/><F33/><W35/><G72/><T71/><D128/><U78/><E105/><V32/><F32/><W121/><G108/><T106/><D109/><U103/><E94/><N who="2" m="58711" /><F25/><W0/><G125/><T43/><D106/><U123/><E123/><V19/><F19/><W10/><G121/><T55/><D77/><U36/><E112/><V84/><F91/><W122/><G130/><T129/><D129/><U87/><E14/><V28/><F28/><W29/><G65/><T79/><D79/><U23/><E39/><V95/><F67/><W132/><G132/><T50/><D18/><U52/><E36/><V40/><F59/><W131/><G122/><T127/><D127/><U92/><E92/><V96/><F84/><W81/><G81/><T135/><D135/><U82/><E82/><V21/><F9/><W24/><G131/><T3/><D3/><N who="3" m="1065" /><G26/><T31/><D31/><N who="1" m="17911" /><E23/><V20/><F20/><W46/><G10/><T15/><D15/><U104/><E104/><V113/><F113/><W41/><G11/><T57/><D76/><U126/><E126/><V58/><F58/><W90/><G90/><T120/><D120/><U64/><E64/><V56/><F56/><W42/><G35/><T69/><D69/><U111/><E111/><V13/><F13/><RYUUKYOKU ba="0,0" sc="250,-30,250,10,250,10,250,10" hai1="5,6,44,52,78,80,87,93,99,103" hai2="4,7,12,16,21,40,51,88,95,96" hai3="24,29,41,42,46,49,54,60,62,63" /><INIT seed="1,1,0,3,4,52" ten="220,260,260,260" oya="1" hai0="88,103,112,28,5,3,74,91,0,83,68,49,79" hai1="85,35,119,42,86,30,80,124,65,130,40,26,87" hai2="64,14,4,8,72,31,54,59,13,122,62,99,47" hai3="22,102,107,63,67,24,78,34,41,27,109,114,100"/><U61/><E119/><V133/><F72/><W12/><G114/><T46/><D112/><U29/><E124/><V115/><F122/><W17/><G109/><T50/><D68/><U128/><E30/><V45/><F133/><W51/><G78/><T92/><D28/><U101/><E80/><V105/><F115/><W98/><G102/><T44/><D103/><U60/><E101/><V81/><F105/><W135/><G135/><T94/><D5/><U69/><REACH who="1" step="1"/><E61/><REACH who="1" ten="220,250,260,260" step="2"/><V120/><F31/><W38/><G63/><T1/><D92/><U19/><E19/><V39/><F81/><W84/><G17/><T6/><D6/><U125/><E125/><V127/><F127/><W89/><G100/><T48/><REACH who="0" step="1"/><D91/><REACH who="0" ten="210,250,260,260" step="2"/><U71/><E71/><V11/><F4/><W55/><G89/><T25/><D25/><U23/><E23/><V16/><F16/><W43/><G22/><T33/><D33/><U66/><E66/><V123/><F64/><W9/><G67/><T7/><D7/><U77/><E77/><V108/><F123/><W82/><G24/><T134/><D134/><U132/><E132/><V57/><F120/><W36/><G27/><T96/><AGARI ba="1,2" hai="0,1,3,44,46,48,49,50,74,79,83,88,94,96" machi="96" ten="40,5200,0" yaku="1,1,0,1,54,1,53,0" doraHai="52" doraHaiUra="121" who="0" fromWho="0" sc="210,75,250,-27,260,-14,260,-14" /><INIT seed="2,0,0,0,4,25" ten="285,223,246,246" oya="2" hai0="2,23,64,121,119,67,35,59,9,82,117,3,96" hai1="48,106,97,83,111,101,93,40,10,15,24,122,32" hai2="55,92,49,84,28,108,85,29,12,124,130,26,71" hai3="99,89,66,98,102,17,76,105,91,69,107,54,112"/><V38/><F38/><W14/><G112/><T53/><D35/><U13/><E111/><V65/><F71/><W128/><G128/><T46/><D121/><U20/><E122/><V44/><F130/><W7/><G7/><T21/><D96/><U110/><E110/><V22/><F108/><W73/><G54/><T75/><D46/><N who="1" m="25671" /><E32/><V51/><F124/><W68/><G76/><N who="0" m="44319" /><D23/><U36/><E36/><V104/><F104/><W34/><G73/><T39/><D21/><U80/><E106/><V42/><F65/><N who="0" m="25162" /><D9/><U61/><E61/><V109/><F109/><W4/><G34/><T72/><D72/><U88/><E101/><V79/><F12/><N who="1" m="4681" /><E10/><V58/><F79/><W115/><G115/><T126/><D39/><U60/><E60/><V47/><F58/><W45/><G45/><T16/><D126/><U81/><E83/><V57/><F57/><W62/><G69/><T123/><D123/><U125/><E125/><V18/><F92/><W132/><G107/><T127/><D127/><U129/><E129/><V118/><F118/><N who="0" m="45066" /><D16/><AGARI ba="0,0" hai="16,20,24,80,81,88,93,97" m="4681,25671" machi="16" ten="30,3900,0" yaku="8,1,54,2" doraHai="25" who="1" fromWho="0" sc="285,-39,223,39,246,0,246,0" /><INIT seed="3,0,0,2,1,127" ten="246,262,246,246" oya="3" hai0="73,1,84,119,68,4,87,95,53,59,58,102,91" hai1="36,82,38,113,116,26,117,83,125,108,61,11,94" hai2="25,44,132,103,105,8,18,78,75,47,3,28,65" hai3="109,70,37,104,24,81,90,0,131,85,50,51,60"/><W79/><G37/><N who="1" m="14442" /><E113/><V69/><F132/><W86/><G0/><T99/><D119/><N who="1" m="45643" /><E125/><V133/><F133/><W7/><G7/><T106/><D68/><U135/><E135/><V124/><F124/><W71/><G104/><T16/><D1/><U15/><E108/><V67/><F47/><W118/><G118/><T80/><D4/><U54/><E26/><V74/><F44/><W39/><G39/><T89/><D53/><U98/><E61/><V122/><F122/><W42/><G109/><T115/><D115/><U29/><E29/><V96/><F3/><W27/><G60/><T130/><D130/><U123/><E54/><V110/><F110/><W35/><G42/><T13/><REACH who="0" step="1"/><D73/><REACH who="0" ten="236,262,246,246" step="2"/><U64/><E64/><V129/><F67/><W6/><G6/><T97/><D97/><U5/><E123/><V112/><F65/><W32/><G131/><T14/><D14/><U23/><E23/><AGARI ba="0,1" hai="13,16,23,58,59,80,84,87,89,91,95,99,102,106" machi="23" ten="30,3900,0" yaku="1,1,7,1,54,1,53,0" doraHai="127" doraHaiUra="31" who="0" fromWho="1" sc="236,49,262,-39,246,0,246,0" /><INIT seed="4,0,0,3,1,33" ten="285,223,246,246" oya="0" hai0="72,89,46,4,31,6,97,98,132,76,56,10,104" hai1="54,133,48,83,68,53,69,103,96,5,24,115,62" hai2="64,35,44,30,20,119,1,94,101,121,25,74,55" hai3="14,135,99,2,12,92,41,45,37,27,7,118,26"/><T67/><D31/><U131/><E131/><V50/><F74/><W93/><G118/><T75/><D46/><U32/><E133/><V134/><F121/><W40/><G135/><T95/><D132/><U58/><E115/><V123/><F123/><W38/><G45/><T51/><D4/><U130/><E130/><V57/><F119/><W9/><G99/><T122/><D122/><U42/><E42/><V108/><F108/><W70/><G70/><T109/><D76/><U91/><E5/><V36/><F134/><W105/><G7/><T113/><D113/><U16/><E83/><V59/><F35/><W102/><G102/><T3/><D109/><U73/><E73/><V61/><F36/><W128/><G128/><T84/><D98/><U82/><E82/><V71/><F71/><W34/><G34/><T114/><D114/><U117/><E117/><V66/><F1/><W18/><G18/><T124/><D124/><U63/><E63/><V23/><F23/><W80/><G80/><T85/><D85/><U21/><E32/><V110/><F110/><W78/><G9/><T47/><D67/><U87/><E87/><V52/><F44/><W17/><G17/><T112/><D56/><N who="1" m="32807" /><E103/><V107/><F107/><W0/><G78/><T79/><D112/><U49/><E49/><V100/><F100/><W11/><G11/><T111/><D111/><U60/><E60/><V90/><F101/><W126/><G105/><T127/><D104/><U120/><E120/><V77/><F77/><W88/><G126/><T81/><D127/><U19/><E19/><V106/><F106/><RYUUKYOKU ba="0,0" sc="285,0,223,0,246,0,246,0" hai0="3,6,10,47,51,72,75,79,81,84,89,95,97" hai1="16,21,24,54,58,62,68,69,91,96" hai2="20,25,30,50,52,55,57,59,61,64,66,90,94" hai3="0,2,12,14,26,27,37,38,40,41,88,92,93" /><INIT seed="4,1,0,2,5,92" ten="285,223,246,246" oya="0" hai0="123,54,35,43,90,13,27,10,22,0,93,112,120" hai1="73,24,32,26,38,95,122,25,18,50,61,110,62" hai2="5,127,9,125,59,129,117,79,134,51,108,128,41" hai3="97,49,72,116,70,46,1,42,119,52,103,45,75"/><T126/><D43/><U56/><E110/><V55/><F108/><W78/><G70/><T48/><D0/><U63/><E122/><V89/><F79/><W102/><G1/><T60/><D35/><U113/><E38/><V11/><F117/><W23/><G103/><T16/><D112/><U132/><E73/><V6/><F89/><W111/><G111/><T101/><D101/><U28/><E132/><V135/><F41/><W67/><G67/><T30/><D60/><U107/><E107/><V105/><F105/><W53/><G23/><T33/><D33/><U36/><E36/><V71/><F71/><W121/><G121/><T130/><D126/><N who="2" m="48138" /><F11/><W40/><G75/><T131/><D130/><N who="2" m="50282" /><F6/><W34/><G72/><T88/><D131/><U99/><E113/><V100/><F100/><W98/><G78/><T4/><D90/><U69/><E69/><V76/><F76/><W124/><G124/><T19/><D120/><U66/><E18/><V109/><F109/><W31/><G102/><T82/><D82/><U86/><E86/><V77/><F77/><W44/><G119/><T21/><D123/><U15/><E15/><AGARI ba="1,0" hai="5,9,15,51,55,59,134,135" m="50282,48138" machi="15" ten="30,7700,0" yaku="30,2,18,1,19,1" doraHai="92" who="2" fromWho="1" sc="285,0,223,-80,246,80,246,0" owari="285,8.5,143,-35.7,326,42.6,246,-15.4" /></mjloggm>