<mjloggm ver="2.3"><GO type="225" lobby="0"/><UN n0="%E6%97%A5%E6%9B%9C%E6%97%A5%E3%82%88%E3%82%8A%E3%81%AE%E4%BD%BF%E8%80%85" n1="%50%69%73%38" n2="%E3%81%8B%E3%82%8F%E3%81%A1%E3%82%83%E3%82%93%35%38" n3="%28%EF%BF%A3%E2%96%BD%EF%BF%A3%29%CE%B4%E2%8C%92%E3%83%BB" dan="16,16,16,17" rate="2143.03,2146.72,2146.25,2276.29" sx="M,M,M,M"/><TAIKYOKU oya="0"/><INIT seed="0,0,0,0,1,114" ten="250,250,250,250" oya="0" hai0="31,58,24,93,1,19,73,46,108,88,54,65,95" hai1="132,27,61,122,41,115,123,25,109,21,51,100,74" hai2="69,16,35,102,68,89,48,71,103,78,94,29,0" hai3="126,23,135,4,113,86,121,34,52,33,134,20,84"/><T39/><D73/><U28/><E74/><V110/><F0/><W15/><G113/><T81/><D1/><U59/><E115/><V72/><F110/><W37/><G37/><T12/><D108/><U96/><E132/><N who="3" m="50730" /><G126/><T133/><D133/><U105/><E109/><V56/><F29/><W90/><G121/><T10/><D65/><U13/><E13/><V101/><F35/><N who="3" m="13323" /><G4/><T36/><D36/><U125/><E125/><V55/><F72/><W120/><G120/><T92/><D39/><U45/><REACH who="1" step="1"/><E25/><REACH who="1" ten="250,240,250,250" step="2"/><V98/><F78/><W42/><G15/><T11/><D24/><U44/><E44/><V50/><REACH who="2" step="1"/><F16/><REACH who="2" ten="250,240,240,250" step="2"/><W17/><G17/><T2/><D19/><U97/><E97/><V76/><F76/><W5/><G86/><T99/><D2/><U62/><E62/><AGARI ba="0,2" hai="48,50,55,56,62,68,69,71,89,94,98,101,102,103" machi="62" ten="50,1600,0" yaku="1,1,53,0" doraHai="114" doraHaiUra="32" who="2" fromWho="1" sc="250,0,240,-16,240,36,250,0" /><INIT seed="1,0,0,0,2,49" ten="250,224,276,250" oya="1" hai0="111,8,122,0,37,133,129,12,71,47,28,11,128" hai1="95,60,81,125,68,19,48,109,70,2,18,131,127" hai2="59,33,20,55,120,14,121,103,69,13,26,51,41" hai3="124,3,16,54,99,43,24,6,64,96,66,135,21"/><U32/><E2/><V92/><F69/><N who="1" m="26729" /><E32/><V100/><F33/><W118/><G124/><N who="1" m="47690" /><E131/><N who="0" m="50249" /><D71/><U75/><E109/><V110/><F110/><W126/><G135/><T77/><D111/><U39/><E39/><V72/><F72/><W115/><G43/><N who="0" m="23023" /><D133/><U84/><E60/><V86/><F41/><W104/><G126/><T29/><D122/><U67/><E67/><V5/><F121/><W53/><G66/><T42/><D42/><U102/><E75/><V57/><F120/><W65/><G64/><T36/><D36/><U88/><E48/><V132/><F132/><W117/><G65/><T40/><D40/><U80/><E80/><V90/><F57/><W7/><G3/><T38/><D38/><U79/><E102/><N who="2" m="38955" /><F5/><N who="3" m="1547" /><G104/><T10/><D0/><U97/><AGARI ba="0,0" hai="18,19,79,81,84,88,95,97" m="47690,26729" machi="97" ten="30,3000,0" yaku="18,1,54,1" doraHai="49" who="1" fromWho="1" sc="250,-10,224,30,276,-10,250,-10" /><INIT seed="1,1,0,2,4,53" ten="240,254,266,240" oya="1" hai0="36,133,112,23,124,86,116,61,74,80,48,32,115" hai1="121,77,97,51,83,3,106,19,89,92,11,44,25" hai2="110,126,15,69,37,24,62,78,29,17,35,114,12" hai3="111,42,26,107,127,81,135,30,43,5,96,13,55"/><U65/><E121/><V68/><F37/><W129/><G111/><T70/><D32/><U59/><E106/><V71/><F110/><W100/><G127/><T63/><D36/><U105/><E105/><V14/><F126/><W75/><G129/><T16/><D116/><U6/><E25/><V21/><F114/><W54/><G135/><T22/><D74/><U41/><E19/><V40/><F40/><W113/><G113/><T73/><D73/><U130/><E130/><V101/><F101/><W9/><G75/><T8/><D124/><U98/><E97/><V123/><F78/><W108/><G81/><T72/><D72/><U57/><REACH who="1" step="1"/><E65/><REACH who="1" ten="240,244,266,240" step="2"/><V45/><F123/><W109/><G108/><T82/><D115/><U84/><AGARI ba="1,1" hai="3,6,11,41,44,51,57,59,77,83,84,89,92,98" machi="84" ten="20,18000,2" yaku="1,1,2,1,0,1,7,1,52,2,53,1" doraHai="53" doraHaiUra="4" who="1" fromWho="1" sc="240,-61,244,193,266,-61,240,-61" /><INIT seed="1,2,0,2,5,68" ten="179,437,205,179" oya="1" hai0="32,11,13,2,101,77,64,63,109,91,83,55,108" hai1="14,49,75,62,21,133,117,58,29,65,31,100,115" hai2="125,76,48,79,66,135,81,7,121,20,3,57,5" hai3="113,54,90,97,111,110,43,12,27,28,45,61,116"/><U95/><E115/><V34/><F34/><W42/><G113/><T44/><D32/><U39/><E117/><V94/><F121/><W36/><G116/><T89/><D2/><U74/><E133/><V73/><F135/><W51/><G61/><T82/><D101/><U37/><E29/><V40/><F3/><W105/><G12/><T92/><D55/><U87/><E49/><V118/><F118/><W86/><G97/><T60/><D44/><U9/><E75/><V126/><F79/><W120/><G105/><T129/><D129/><U72/><E74/><V10/><F10/><W88/><G43/><T67/><D92/><U47/><E47/><N who="2" m="25703" /><F94/><W24/><G120/><T52/><D77/><U35/><E72/><V103/><F20/><N who="3" m="15367" /><G27/><T53/><REACH who="0" step="1"/><D11/><REACH who="0" ten="169,437,205,179" step="2"/><U22/><E9/><V56/><F103/><W123/><G123/><T128/><D128/><U33/><E100/><V4/><F66/><W134/><G134/><T106/><D106/><U131/><E65/><V112/><F112/><W41/><G41/><T114/><D114/><U23/><E95/><V98/><F98/><W99/><G99/><T46/><D46/><U17/><E33/><V8/><F8/><W122/><G122/><T18/><D18/><U50/><E17/><V78/><F78/><W25/><G54/><T104/><D104/><U80/><E35/><V124/><AGARI ba="2,1" hai="4,5,7,56,57,73,76,81,124,125,126" m="25703" machi="124" ten="40,1500,0" yaku="18,1" doraHai="68" who="2" fromWho="2" sc="169,-6,437,-9,205,31,179,-6" /><INIT seed="2,0,0,1,5,68" ten="163,428,236,173" oya="2" hai0="13,107,101,126,5,47,33,28,26,66,100,80,12" hai1="41,31,69,90,57,56,124,24,48,63,113,131,99" hai2="114,87,25,7,36,60,15,112,44,76,125,129,18" hai3="0,40,121,98,128,132,102,61,91,135,119,86,35"/><V116/><F116/><W38/><G121/><T67/><D126/><U73/><E73/><V32/><F125/><W104/><G119/><T109/><D109/><U122/><E124/><V115/><F129/><W82/><G128/><T17/><D5/><U71/><E113/><V78/><F7/><W70/><G0/><T92/><D107/><U84/><E99/><V72/><F72/><W108/><G35/><T27/><D80/><U53/><E122/><V88/><F60/><W97/><G97/><T54/><D27/><U8/><E8/><V64/><F64/><N who="3" m="41231" /><G40/><T43/><D54/><U95/><E131/><V1/><F1/><W105/><G108/><T50/><D12/><U52/><E41/><V62/><F62/><W85/><G85/><T75/><D75/><U6/><E6/><V22/><F44/><W103/><G38/><T120/><D120/><U20/><AGARI ba="0,0" hai="20,24,31,48,52,53,56,57,63,69,71,84,90,95" machi="20" ten="20,2700,0" yaku="0,1,7,1,54,1" doraHai="68" who="1" fromWho="1" sc="163,-7,428,27,236,-13,173,-7" /><INIT seed="3,0,0,1,4,103" ten="156,455,223,166" oya="3" hai0="129,62,88,118,4,52,84,90,13,97,66,25,93" hai1="124,59,83,39,19,101,43,134,32,89,107,68,116" hai2="51,40,86,132,77,71,31,99,61,102,7,96,45" hai3="92,24,106,47,37,91,128,126,14,108,3,23,63"/><W72/><G3/><T35/><D129/><U67/><E89/><V36/><F31/><W57/><G72/><T8/><D118/><U75/><E59/><V9/><F36/><W21/><G128/><T82/><D35/><U42/><E19/><V69/><F132/><W50/><G37/><T22/><D52/><U60/><E101/><V73/><F73/><W55/><G126/><T78/><D78/><U2/><E83/><N who="2" m="47471" /><F61/><W79/><G79/><T87/><D97/><N who="2" m="37450" /><F102/><W120/><G63/><T5/><D5/><U131/><E43/><V64/><F64/><W112/><G112/><T15/><D15/><AGARI ba="0,0" hai="7,9,15,40,45,51,69,71" m="37450,47471" machi="15" ten="30,1000,0" yaku="25,1" doraHai="103" who="2" fromWho="0" sc="156,-10,455,0,223,10,166,0" owari="146,-35.4,455,55.5,233,3.3,166,-23.4" /></mjloggm>