<mjloggm ver="2.3"><GO type="225" lobby="0"/><UN n0="%E6%A1%9C%E8%8A%B1%E9%96%83%E3%80%85" n1="%E7%9A%AE%E3%80%85" n2="%E9%B7%B9%E5%80%89%E6%9D%8F%E9%88%B4" n3="%E3%81%94%E3%81%BE%E6%B2%B9%E9%A3%B2%E3%81%BF%E5%A4%AA%E9%83%8E" dan="16,16,16,16" rate="2124.23,2159.70,2088.47,2098.45" sx="M,F,F,M"/><TAIKYOKU oya="0"/><INIT seed="0,0,0,0,0,130" ten="250,250,250,250" oya="0" hai0="7,29,119,102,5,131,55,4,13,61,74,15,59" hai1="87,30,33,48,22,17,26,85,57,115,49,3,51" hai2="50,125,24,71,107,91,34,67,68,132,97,9,6" hai3="126,79,84,104,110,134,116,44,120,133,39,47,65"/><T122/><D119/><U38/><E38/><V58/><F125/><W25/><G116/><T92/><D122/><U109/><E109/><V56/><F56/><W66/><G110/><T118/><D118/><U46/><E3/><V63/><F50/><W16/><G104/><T64/><D131/><U28/><E115/><V77/><F77/><W72/><G72/><T86/><D74/><U93/><E57/><V112/><F112/><W76/><G126/><T40/><D40/><U1/><E1/><V62/><F91/><W35/><G39/><T127/><D127/><U31/><E93/><V98/><F98/><W14/><G25/><T113/><D113/><U89/><E89/><V70/><F58/><W37/><G35/><T20/><D55/><U11/><E11/><V60/><F60/><W90/><G65/><T117/><D117/><U105/><E105/><V52/><F52/><W2/><G2/><T19/><D29/><N who="1" m="10763" /><E33/><V53/><F53/><W121/><G66/><T103/><D15/><U75/><E75/><V94/><F107/><W123/><G79/><T23/><D23/><N who="1" m="15455" /><E46/><N who="3" m="17450" /><G76/><T45/><D45/><U96/><E96/><V101/><F67/><W80/><G37/><T18/><D18/><U10/><E10/><AGARI ba="0,0" hai="10,14,16,80,84,90,120,121,123,133,134" m="17450" machi="10" ten="40,8000,1" yaku="13,1,52,2,54,1" doraHai="130" who="3" fromWho="1" sc="250,0,250,-80,250,0,250,80" /><INIT seed="1,0,0,5,4,121" ten="250,170,250,330" oya="1" hai0="2,7,111,38,126,4,112,92,37,72,36,133,104" hai1="131,87,40,118,103,91,33,96,11,135,109,98,39" hai2="47,54,105,26,84,65,55,71,86,117,60,128,23" hai3="114,58,45,8,74,32,88,95,99,50,108,29,90"/><U102/><E118/><V5/><F117/><W82/><G114/><T83/><D92/><U81/><E33/><V85/><F128/><W30/><G58/><T64/><D64/><U31/><E31/><V113/><F113/><W16/><G108/><T61/><D61/><U70/><E70/><V119/><F60/><W0/><G0/><T49/><D49/><U9/><E131/><V122/><F122/><W62/><G62/><T123/><D7/><U127/><E127/><V27/><F105/><W73/><G73/><T21/><D21/><U97/><E135/><V52/><F71/><W14/><G32/><T22/><D22/><U25/><E25/><V68/><F68/><W15/><G15/><T100/><D126/><U53/><E109/><V110/><F65/><W67/><G67/><T28/><D28/><U1/><E1/><V51/><F119/><W56/><G56/><T41/><D133/><U43/><E53/><N who="2" m="20587" /><F110/><W57/><G57/><T116/><D111/><U134/><E134/><V130/><F130/><W44/><G74/><T80/><D116/><U78/><E78/><V13/><F23/><W106/><G106/><T79/><D123/><U77/><E77/><V115/><F115/><W75/><G75/><T66/><D66/><U107/><E39/><V93/><F93/><W6/><G30/><T125/><D112/><U20/><E20/><V132/><F132/><W18/><G29/><T10/><D125/><U24/><E24/><V46/><F47/><N who="3" m="17995" /><G50/><T59/><D59/><U12/><E107/><V94/><F94/><W17/><G82/><N who="0" m="45415" /><D41/><N who="1" m="15947" /><E9/><AGARI ba="0,0" hai="5,9,13,26,27,46,51,55,84,85,86" m="20587" machi="9" ten="30,2000,0" yaku="8,1,54,1" doraHai="121" who="2" fromWho="1" sc="250,0,170,-20,250,20,330,0" /><INIT seed="2,0,0,5,3,8" ten="250,150,270,330" oya="2" hai0="130,106,35,70,78,113,115,23,95,49,96,105,121" hai1="31,92,15,19,117,40,60,102,11,10,64,16,73" hai2="107,22,54,26,53,125,34,93,69,44,108,124,114" hai3="81,50,36,58,82,84,27,56,7,133,122,118,1"/><V119/><F107/><N who="0" m="40970" /><D23/><U39/><E73/><V25/><F114/><W99/><G99/><T4/><D4/><U14/><E117/><V109/><F119/><W135/><G36/><T20/><D20/><U128/><E128/><V111/><F69/><W66/><G122/><T28/><D49/><U65/><E31/><N who="2" m="19831" /><F93/><W87/><G50/><T72/><D70/><U2/><E2/><V9/><F9/><W126/><G7/><T98/><D28/><U112/><E112/><V101/><F101/><W12/><G27/><T42/><D42/><U38/><E40/><V67/><F67/><W68/><G66/><T41/><D41/><U110/><E110/><N who="2" m="28163" /><V131/><DORA hai="76" /><F131/><W100/><G1/><T120/><D130/><U91/><E102/><V47/><F54/><W3/><G3/><T132/><D95/><U59/><REACH who="1" step="1"/><E65/><REACH who="1" ten="250,140,270,330" step="2"/><V71/><F53/><W45/><G118/><T90/><D115/><U83/><E83/><V13/><F71/><W123/><G81/><N who="0" m="45255" /><D113/><U80/><E80/><V63/><F63/><W5/><G82/><T134/><D35/><U75/><E75/><V97/><F44/><W74/><G45/><T88/><D121/><U18/><E18/><N who="2" m="10575" /><F47/><W6/><G123/><T103/><D120/><U79/><E79/><V46/><F46/><W52/><G68/><T0/><D103/><U85/><AGARI ba="0,1" hai="10,11,14,15,16,19,38,39,59,60,64,85,91,92" machi="85" ten="20,12000,2" yaku="1,1,0,1,7,1,9,1,52,2,54,1,53,0" doraHai="8,76" doraHaiUra="17,30" who="1" fromWho="1" sc="250,-30,140,130,270,-60,330,-30" /><INIT seed="3,0,0,4,3,44" ten="220,270,210,300" oya="3" hai0="132,29,48,71,46,15,106,120,13,30,5,86,91" hai1="94,79,110,129,63,80,7,87,133,64,4,108,90" hai2="23,47,50,58,9,39,25,88,131,118,21,82,24" hai3="10,128,38,73,40,41,52,65,109,6,126,11,130"/><W100/><G109/><N who="1" m="42090" /><E133/><V117/><F39/><W107/><G73/><T12/><D120/><U70/><E129/><N who="3" m="49770" /><G65/><T68/><D106/><U34/><E34/><V121/><F131/><W74/><G74/><AGARI ba="0,0" hai="4,7,63,64,70,74,79,80,87,90,94" m="42090" machi="74" ten="30,1000,0" yaku="14,1" doraHai="44" who="1" fromWho="3" sc="220,0,270,10,210,0,300,-10" /><INIT seed="4,0,0,2,4,41" ten="220,280,210,290" oya="0" hai0="8,51,109,102,126,89,18,16,3,58,105,66,27" hai1="22,86,57,104,13,72,114,116,110,53,108,42,97" hai2="7,25,93,133,113,132,130,87,39,38,5,40,103" hai3="0,78,125,115,35,99,67,107,54,56,117,2,135"/><T21/><D126/><U48/><E72/><V10/><F113/><W37/><G117/><T46/><D109/><U36/><E116/><V75/><F75/><W79/><G115/><T112/><D112/><U94/><E114/><V4/><F130/><W111/><G111/><T62/><D89/><N who="1" m="53559" /><E97/><N who="2" m="59823" /><F25/><W34/><G37/><N who="2" m="13833" /><F87/><W106/><G67/><T73/><D73/><U20/><E20/><V52/><F40/><W121/><G56/><T123/><D123/><U122/><E104/><V33/><F33/><W96/><G125/><T92/><D105/><U82/><E82/><V124/><F124/><W77/><G54/><N who="0" m="30071" /><D3/><U83/><E83/><V29/><F52/><W101/><G77/><T131/><D131/><U90/><E90/><V85/><F85/><W26/><G121/><T31/><D8/><U23/><E23/><V50/><F50/><W30/><G35/><T19/><D19/><N who="1" m="10607" /><E122/><V128/><F128/><W65/><G2/><T15/><D15/><U28/><E28/><V64/><F29/><W70/><G0/><T63/><D63/><U100/><E100/><V127/><F127/><W119/><G119/><T95/><D95/><U45/><AGARI ba="0,0" hai="36,42,45,48,53,57,108,110" m="10607,53559" machi="45" ten="30,2000,0" yaku="25,1,52,1" doraHai="41" who="1" fromWho="1" sc="220,-10,280,20,210,-5,290,-5" owari="210,-19.0,300,40.0,205,-29.5,285,8.5" /></mjloggm>