<mjloggm ver="2.3"><GO type="225" lobby="0"/><UN n0="%4B%2E%32%2E%4B%2E" n1="%E3%83%96%E3%83%83%E3%83%91%E3%82%AA%E3%83%96%E3%83%81%E3%82%AD%E3%83%B3" n2="%E7%B4%94%E6%BD%94%E3%83%94%E3%83%A9%E3%83%8B%E3%82%A2" n3="%65%78%69%73%74%2D%79" dan="17,16,17,16" rate="2158.43,2199.12,2229.26,2081.03" sx="M,M,M,M"/><TAIKYOKU oya="0"/><INIT seed="0,0,0,2,3,94" ten="250,250,250,250" oya="0" hai0="100,90,34,17,104,33,13,55,79,25,58,7,42" hai1="74,6,47,38,135,28,87,40,88,121,31,85,64" hai2="103,0,120,48,20,83,16,84,52,108,63,18,46" hai3="73,123,122,89,39,24,45,68,21,129,65,116,75"/><T37/><D79/><U23/><E121/><N who="3" m="46090" /><G116/><T101/><D37/><U127/><E74/><V30/><F120/><W105/><G129/><T41/><D34/><U27/><E127/><V61/><F0/><W57/><G68/><T93/><D33/><U107/><E135/><V98/><F108/><W111/><G105/><T10/><D42/><U26/><E107/><V114/><F114/><W22/><G111/><T133/><D41/><U35/><E6/><V126/><F30/><N who="3" m="17679" /><G39/><T128/><D133/><U60/><REACH who="1" step="1"/><E88/><REACH who="1" ten="250,240,250,250" step="2"/><N who="2" m="51231" /><F126/><W131/><G89/><T4/><D104/><U51/><E51/><V59/><F63/><W102/><G75/><T97/><D128/><U110/><E110/><V69/><F69/><AGARI ba="0,1" hai="23,26,27,28,31,35,38,40,47,60,64,69,85,87" machi="69" ten="30,2000,0" yaku="1,1,7,1,53,0" doraHai="94" doraHaiUra="50" who="1" fromWho="2" sc="250,0,240,30,250,-20,250,0" /><INIT seed="1,0,0,5,2,107" ten="250,270,230,250" oya="1" hai0="80,90,5,32,28,88,52,119,83,92,4,24,1" hai1="96,101,66,43,42,9,86,113,20,73,100,76,33" hai2="22,84,37,3,45,41,58,14,97,62,26,105,123" hai3="59,94,21,27,79,127,85,50,77,132,110,8,49"/><U51/><E113/><V81/><F3/><W65/><G127/><T87/><D119/><U111/><E33/><V16/><F123/><W2/><G132/><T47/><D1/><U134/><E134/><V104/><F97/><W135/><G135/><T118/><D118/><U93/><E111/><V48/><F37/><W103/><G2/><T23/><D32/><U121/><E121/><V91/><REACH who="2" step="1"/><F26/><REACH who="2" ten="250,270,220,250" step="2"/><W57/><G110/><T44/><D80/><U99/><E99/><V46/><F46/><N who="0" m="17450" /><D52/><AGARI ba="0,1" hai="14,16,22,41,45,48,52,58,62,81,84,91,104,105" machi="52" ten="30,8000,1" yaku="1,1,7,1,54,2,53,1" doraHai="107" doraHaiUra="10" who="2" fromWho="0" sc="250,-80,270,0,220,90,250,0" /><INIT seed="2,0,0,1,1,53" ten="170,270,310,250" oya="2" hai0="31,35,3,70,63,85,68,121,9,135,44,113,87" hai1="125,134,27,43,51,89,28,64,129,130,101,123,94" hai2="127,109,73,132,71,2,20,131,52,110,23,41,115" hai3="102,50,80,60,107,25,83,10,12,38,14,99,19"/><V21/><F115/><W66/><G38/><T79/><D113/><U65/><E125/><V33/><F127/><W96/><G96/><T111/><D121/><U119/><E119/><V29/><F73/><W36/><G36/><T77/><D111/><N who="2" m="42506" /><F41/><W1/><G1/><T82/><D135/><U59/><E134/><V7/><F132/><W24/><G50/><T42/><D87/><U116/><E101/><V0/><F71/><W86/><G14/><T55/><D55/><N who="1" m="32255" /><E43/><V69/><F69/><W133/><G133/><T11/><D70/><U8/><E8/><N who="2" m="2151" /><F2/><W72/><G72/><T78/><D3/><U22/><E116/><V97/><F97/><W40/><G40/><T18/><D68/><U81/><E123/><V17/><F52/><W75/><G75/><T88/><D63/><U103/><E65/><V62/><F62/><W84/><G60/><T92/><D42/><U128/><E64/><V118/><F118/><W47/><G66/><T98/><D44/><U34/><E103/><V67/><F67/><W90/><G47/><T49/><D49/><U13/><E129/><V91/><F91/><AGARI ba="0,0" hai="10,12,19,24,25,80,83,84,86,90,91,99,102,107" machi="91" ten="30,2000,0" yaku="7,1,9,1" doraHai="53" who="3" fromWho="2" sc="170,0,270,0,310,-20,250,20" /><INIT seed="3,0,0,5,3,19" ten="170,270,290,270" oya="3" hai0="88,16,43,76,104,68,86,97,109,82,69,130,95" hai1="33,24,77,103,107,133,31,37,55,114,110,66,112" hai2="122,17,94,36,26,27,51,90,128,73,113,99,123" hai3="78,132,89,93,64,53,74,119,124,20,120,6,0"/><W129/><G119/><T8/><D109/><U92/><E110/><V56/><F113/><W126/><G120/><N who="2" m="46121" /><F128/><W65/><G129/><T60/><D130/><U105/><E37/><V101/><F73/><W9/><G132/><T108/><D108/><U87/><E66/><V10/><F36/><W54/><G78/><T117/><D117/><U2/><E2/><V71/><F71/><W58/><G74/><T46/><D60/><U62/><E62/><V42/><F17/><W116/><G116/><T1/><D104/><U28/><E55/><N who="2" m="31871" /><F42/><W32/><G32/><T85/><D85/><U45/><E45/><V11/><F90/><W81/><G81/><T15/><REACH who="0" step="1"/><D1/><REACH who="0" ten="160,270,290,270" step="2"/><U75/><E87/><V63/><F63/><N who="3" m="38007" /><G65/><T5/><D5/><U22/><E75/><V40/><F40/><W61/><G61/><T41/><D41/><U102/><E107/><V125/><F125/><W3/><G3/><T50/><AGARI ba="0,1" hai="8,15,16,43,46,50,68,69,76,82,86,88,95,97" machi="50" ten="20,12000,2" yaku="1,1,0,1,7,1,54,2,53,1" doraHai="19" doraHaiUra="91" who="0" fromWho="0" sc="160,130,270,-30,290,-30,270,-60" /><INIT seed="4,0,0,4,4,7" ten="290,240,260,210" oya="0" hai0="34,55,68,59,35,97,91,104,120,52,14,112,2" hai1="65,67,71,63,92,66,73,83,21,40,70,79,105" hai2="110,121,45,47,128,56,8,62,132,75,12,31,22" hai3="95,98,60,119,118,85,123,84,69,133,129,19,30"/><T124/><D120/><U76/><E105/><V101/><F75/><W37/><G37/><T28/><D68/><U50/><E79/><V107/><F110/><W13/><G123/><T102/><D2/><U109/><E109/><V126/><F128/><W122/><G122/><T88/><D112/><U89/><E71/><V81/><F132/><W15/><G129/><T115/><D115/><U38/><E38/><V61/><F61/><W58/><G133/><T117/><D117/><U116/><E116/><V11/><F126/><W74/><G69/><T33/><D124/><U4/><E4/><V20/><F107/><W29/><G74/><T32/><D14/><U78/><E78/><V125/><F101/><W57/><G98/><T103/><D103/><U100/><E100/><V0/><F81/><W114/><G114/><T108/><D108/><U94/><E94/><V77/><F77/><W43/><G95/><T127/><D127/><U87/><REACH who="1" step="1"/><E21/><REACH who="1" ten="290,230,260,210" step="2"/><V18/><F125/><W1/><G118/><T53/><D59/><U96/><E96/><V99/><F99/><W23/><G23/><T10/><D10/><N who="2" m="3626" /><F121/><W51/><G119/><T130/><D130/><U25/><E25/><N who="2" m="16807" /><F0/><W48/><G1/><T106/><D104/><U134/><E134/><V36/><F36/><W9/><G9/><T93/><D106/><U3/><E3/><V113/><F113/><W80/><G80/><T44/><D44/><AGARI ba="0,1" hai="40,44,50,63,65,66,67,70,73,76,83,87,89,92" machi="44" ten="40,2600,0" yaku="1,1,53,1" doraHai="7" doraHaiUra="46" who="1" fromWho="0" sc="290,-26,230,36,260,0,210,0" /><INIT seed="5,0,0,3,4,128" ten="264,266,260,210" oya="1" hai0="16,120,92,93,98,66,37,125,33,1,15,64,87" hai1="45,18,113,63,130,7,82,114,126,101,72,2,89" hai2="27,124,79,73,110,131,31,127,48,115,134,117,19" hai3="26,50,24,51,103,78,35,133,85,67,20,68,28"/><U91/><E130/><V74/><F131/><W94/><G68/><T108/><D108/><U61/><E101/><V6/><F110/><W41/><G67/><T29/><D37/><U22/><E126/><N who="2" m="48171" /><F117/><W86/><G133/><T62/><D1/><U3/><E45/><V95/><F134/><W12/><G12/><T99/><D125/><U11/><E3/><V49/><F6/><W13/><G13/><T96/><D120/><U109/><E109/><V43/><F19/><W123/><G123/><T8/><D87/><U118/><E118/><V10/><F10/><W80/><G41/><T88/><D99/><U135/><E135/><V56/><F115/><N who="1" m="44041" /><E72/><N who="2" m="27755" /><F79/><W70/><G70/><T42/><D42/><U122/><E122/><V69/><F69/><W119/><G119/><T23/><D33/><U100/><E100/><V44/><F95/><W55/><G103/><N who="0" m="60807" /><D62/><N who="1" m="23563" /><E82/><V112/><F112/><W57/><G94/><T53/><D53/><U21/><E21/><N who="2" m="15855" /><F56/><W25/><G86/><T0/><D0/><U39/><E39/><AGARI ba="0,0" hai="39,43,44,48,49" m="15855,27755,48171" machi="39" ten="30,1000,0" yaku="18,1" doraHai="128" who="2" fromWho="1" sc="264,0,266,-10,260,10,210,0" /><INIT seed="6,0,0,4,0,130" ten="264,256,270,210" oya="2" hai0="33,119,11,73,103,55,67,63,22,126,4,72,13" hai1="86,69,75,40,30,109,118,42,59,48,38,104,110" hai2="135,68,74,134,66,62,56,117,99,123,129,95,108" hai3="97,120,61,82,46,112,65,125,105,58,19,36,25"/><V91/><F117/><W92/><G120/><T31/><D33/><U114/><E75/><V101/><F123/><W10/><G125/><T83/><D119/><U94/><E104/><V111/><F129/><W34/><G112/><T60/><D126/><U57/><E30/><V107/><F74/><W96/><G82/><T15/><D103/><U24/><E94/><V85/><F68/><W124/><G124/><T27/><D83/><U51/><E86/><V133/><AGARI ba="0,0" hai="56,62,66,85,91,95,99,101,107,108,111,133,134,135" machi="133" ten="40,12000,1" yaku="0,1,20,1,52,3" doraHai="130" who="2" fromWho="2" sc="264,-40,256,-40,270,120,210,-40" owari="224,2.4,216,-18.4,390,49.0,170,-33.0" /></mjloggm>