<mjloggm ver="2.3"><GO type="225" lobby="0"/><UN n0="%72%69%6F%75%63%68%61%6E" n1="%E6%B8%A9%E2%98%85%E6%83%85%E2%98%85%E6%8E%AA%E2%98%85%E7%BD%AE" n2="%E3%81%BE%E3%81%A8%E3%81%9F" n3="%41%6F%54" dan="16,17,16,16" rate="2154.17,2169.72,2115.00,2078.20" sx="M,M,M,M"/><TAIKYOKU oya="0"/><INIT seed="0,0,0,4,4,51" ten="250,250,250,250" oya="0" hai0="116,115,100,87,64,24,10,44,78,7,97,8,3" hai1="103,69,39,111,83,113,88,34,82,35,132,16,75" hai2="14,101,43,66,70,126,135,46,109,33,21,79,61" hai3="13,112,122,74,22,105,36,96,127,104,65,119,72"/><T38/><D115/><U68/><E39/><V49/><F109/><W121/><G36/><T9/><D116/><U129/><E103/><V50/><F33/><W124/><G65/><T123/><D123/><N who="3" m="47113" /><G22/><T106/><D64/><U23/><E111/><V19/><F126/><N who="3" m="48171" /><G13/><T1/><D1/><U30/><E30/><V53/><F79/><W98/><G112/><T63/><D63/><U58/><E113/><V125/><F125/><W71/><G71/><T41/><REACH who="0" step="1"/><D24/><REACH who="0" ten="240,250,250,250" step="2"/><N who="1" m="14439" /><E69/><V40/><F135/><W52/><G119/><T29/><D29/><U0/><E68/><V80/><F66/><W128/><G128/><T117/><D117/><U4/><E0/><V89/><F61/><W31/><G31/><T45/><D45/><U17/><E132/><V56/><F70/><W55/><G104/><T5/><D5/><U42/><E4/><V94/><F46/><W90/><G105/><T37/><D37/><U28/><E28/><V54/><F49/><W77/><G77/><T85/><D85/><U76/><E76/><V12/><F50/><W114/><G114/><T99/><D99/><N who="3" m="37929" /><G90/><T18/><D18/><U86/><E17/><V73/><F19/><W91/><G91/><T15/><D15/><U47/><E129/><V59/><F14/><W108/><G108/><T26/><D26/><U25/><E25/><V118/><F12/><W81/><G81/><AGARI ba="0,1" hai="3,7,8,9,10,38,41,44,78,81,87,97,100,106" machi="81" ten="40,2000,0" yaku="1,1,53,0" doraHai="51" doraHaiUra="133" who="0" fromWho="3" sc="240,30,250,0,250,0,250,-20" /><INIT seed="0,1,0,0,5,31" ten="270,250,250,230" oya="0" hai0="111,62,107,43,21,132,28,82,45,81,20,115,135" hai1="65,9,73,72,0,97,104,5,90,29,130,11,109" hai2="7,16,47,52,121,40,103,84,110,54,113,23,12" hai3="49,126,83,46,3,34,4,19,124,94,59,22,8"/><T66/><D115/><U112/><E112/><V105/><F121/><W70/><G70/><T18/><D107/><U48/><E109/><V30/><F113/><W74/><G94/><T131/><D131/><U123/><E123/><V92/><F110/><W80/><G59/><T75/><D111/><U96/><E130/><V68/><F68/><W129/><G129/><T1/><D1/><U100/><E65/><V64/><F64/><W133/><G133/><N who="0" m="51275" /><D28/><U38/><E38/><V61/><F105/><W95/><G95/><T15/><D75/><U67/><E67/><V99/><F61/><W71/><G71/><N who="0" m="42455" /><D20/><U50/><E29/><V89/><F7/><W63/><G63/><T6/><D6/><U33/><E5/><V10/><F23/><W79/><G34/><T106/><D106/><U36/><E0/><V101/><F30/><W120/><G120/><T56/><D56/><U119/><E33/><V69/><F69/><W53/><REACH who="3" step="1"/><G80/><REACH who="3" ten="270,250,250,220" step="2"/><T88/><D88/><U35/><E90/><V57/><F57/><W14/><AGARI ba="1,1" hai="3,4,8,14,19,22,46,49,53,74,79,83,124,126" machi="14" ten="30,4000,0" yaku="1,1,2,1,0,1,53,0" doraHai="31" doraHaiUra="60" who="3" fromWho="3" sc="270,-21,250,-11,250,-11,220,53" /><INIT seed="1,0,0,2,1,14" ten="249,239,239,273" oya="1" hai0="15,39,94,110,72,68,93,54,133,124,78,32,43" hai1="59,20,1,18,40,75,122,84,48,100,83,66,62" hai2="7,57,128,101,102,64,130,121,79,30,9,17,117" hai3="10,37,60,105,38,51,103,53,13,52,50,73,28"/><U47/><E1/><V132/><F117/><W3/><G73/><T19/><D110/><U26/><E122/><V70/><F121/><W115/><G115/><T134/><D124/><U8/><E75/><V87/><F70/><W89/><G3/><T41/><D32/><U120/><E120/><V91/><F30/><W55/><G28/><T0/><D0/><U88/><E100/><V125/><F79/><W29/><G29/><T85/><D68/><U16/><E8/><V24/><F7/><W5/><G60/><T4/><D4/><U81/><E18/><V97/><F132/><N who="0" m="50794" /><D72/><U69/><E69/><V2/><F2/><W45/><G89/><N who="0" m="53423" /><D39/><U77/><E77/><V86/><F125/><W106/><G103/><T80/><D94/><AGARI ba="0,0" hai="16,20,26,40,47,48,59,62,66,81,83,84,88,94" machi="94" ten="30,12000,1" yaku="7,1,8,1,52,1,54,2" doraHai="14" who="1" fromWho="0" sc="249,-120,239,120,239,0,273,0" /><INIT seed="1,1,0,3,2,69" ten="129,359,239,273" oya="1" hai0="72,98,29,103,18,110,114,41,26,0,32,23,11" hai1="117,40,10,15,93,49,2,75,37,108,34,57,101" hai2="80,70,129,86,74,48,13,83,94,62,53,89,90" hai3="104,126,1,24,45,88,17,3,20,6,128,25,92"/><U39/><E117/><V60/><F129/><W51/><G128/><T8/><D114/><U31/><E75/><V105/><F105/><W9/><G126/><T107/><D110/><U133/><E2/><V27/><F70/><W127/><G127/><T7/><D72/><U97/><E108/><V12/><F74/><W56/><G104/><T78/><D11/><U135/><E31/><V122/><F122/><W59/><G25/><T84/><D41/><U100/><E100/><V22/><F62/><W58/><G1/><T121/><D121/><U116/><E34/><V81/><F89/><W130/><G130/><T73/><D73/><U125/><E116/><V14/><F60/><W109/><G109/><T95/><D95/><U28/><E28/><V71/><F71/><W42/><REACH who="3" step="1"/><G58/><REACH who="3" ten="129,359,239,263" step="2"/><T4/><D4/><N who="1" m="3527" /><E57/><N who="2" m="32935" /><F27/><W102/><G102/><T61/><D61/><U38/><E125/><V65/><F65/><W50/><G50/><T44/><D107/><U91/><E49/><V82/><N who="2" m="20480" /><DORA hai="64" /><V19/><AGARI ba="1,1" hai="12,13,14,19,22,86,90,94" m="20480,32935" machi="19" ten="40,5200,0" yaku="4,1,25,1,8,1" doraHai="69,64" who="2" fromWho="2" sc="129,-14,359,-27,239,65,263,-14" /><INIT seed="2,0,0,0,0,62" ten="115,332,304,249" oya="2" hai0="8,129,48,57,47,102,91,2,49,106,93,133,31" hai1="121,18,15,101,17,110,50,125,108,96,122,24,55" hai2="28,45,1,104,71,32,120,81,109,105,42,40,7" hai3="103,123,41,86,14,27,72,3,99,59,13,107,54"/><V128/><F120/><N who="1" m="46185" /><E125/><V114/><F71/><W4/><G123/><T5/><D129/><U82/><E82/><V33/><F114/><W44/><G72/><T98/><D133/><U64/><E64/><V126/><F81/><W94/><G27/><T68/><D68/><U117/><E24/><V134/><F28/><W52/><G3/><T90/><D31/><U35/><E35/><V38/><F1/><W95/><G4/><T30/><D30/><U51/><E51/><V70/><F38/><W88/><G107/><T87/><D47/><N who="1" m="28127" /><E117/><V23/><F45/><W75/><G75/><T6/><D6/><U85/><E85/><V84/><F84/><W78/><G78/><T89/><REACH who="0" step="1"/><D48/><REACH who="0" ten="105,332,304,249" step="2"/><U77/><E18/><V76/><F134/><W124/><G124/><T132/><D132/><U83/><E17/><V67/><F126/><W60/><REACH who="3" step="1"/><G54/><AGARI ba="0,1" hai="2,5,8,49,54,57,87,89,90,91,93,98,102,106" machi="54" ten="40,1300,0" yaku="1,1,53,0" doraHai="62" doraHaiUra="21" who="0" fromWho="3" sc="105,23,332,0,304,0,249,-13" /><INIT seed="3,0,0,5,3,118" ten="128,332,304,236" oya="3" hai0="61,90,0,117,81,86,41,22,27,56,52,125,2" hai1="12,30,19,57,17,76,95,87,5,49,48,110,18" hai2="16,89,101,60,45,42,74,115,120,131,98,99,119" hai3="96,107,130,10,93,108,9,105,100,127,64,109,94"/><W25/><G64/><T114/><D125/><U14/><E110/><N who="3" m="42602" /><G127/><T97/><D117/><U4/><E30/><V135/><F119/><W79/><G25/><T111/><D111/><U59/><E95/><N who="3" m="36362" /><G130/><T129/><D114/><U39/><E39/><V73/><F131/><W75/><G9/><T83/><D129/><U112/><E112/><V71/><F115/><W38/><G10/><T78/><D41/><U26/><E26/><V65/><F135/><W103/><G38/><T91/><D97/><U55/><E12/><V70/><F70/><W3/><G3/><T50/><D61/><U20/><E20/><V63/><F63/><W88/><G88/><T32/><D32/><U6/><E14/><V62/><F89/><W124/><G124/><T47/><D91/><U21/><E21/><V43/><F62/><W80/><G96/><T126/><D126/><U77/><E49/><V122/><F98/><W67/><G67/><T51/><D50/><U24/><E24/><V35/><F35/><W134/><G134/><T113/><D113/><U106/><E48/><V33/><F33/><W133/><G133/><T82/><D56/><U11/><E59/><V40/><F45/><W28/><G28/><T46/><D47/><U92/><E11/><V68/><F68/><W15/><G15/><T121/><D121/><U54/><E57/><V29/><F29/><W36/><G36/><T69/><D69/><U31/><E31/><V66/><F66/><W116/><G116/><T128/><D128/><U34/><E34/><V13/><F122/><W104/><AGARI ba="0,0" hai="75,79,80,100,103,104,105,107" m="36362,42602" machi="104" ten="40,12000,1" yaku="14,1,10,1,34,2" doraHai="118" who="3" fromWho="3" sc="128,-40,332,-40,304,-40,236,120" owari="88,-41.2,292,9.2,264,-13.6,356,45.6" /></mjloggm>