<mjloggm ver="2.3"><GO type="225" lobby="0"/><UN n0="%E3%82%B3%E3%83%90%E3%83%AC%E3%82%A4" n1="%E3%81%BF%E3%81%BF%E3%81%9A" n2="%E6%9C%88%E5%B3%B6%E5%9F%BA" n3="%E7%89%B9%E6%9D%B1%E5%96%B0%E8%B5%A4%E9%80%9F" dan="16,17,16,16" rate="2153.64,2195.76,2115.76,2033.08" sx="M,M,M,M"/><TAIKYOKU oya="0"/><INIT seed="0,0,0,4,0,32" ten="250,250,250,250" oya="0" hai0="28,60,6,130,98,119,50,48,66,64,62,127,131" hai1="93,24,43,19,39,125,113,112,33,124,7,61,75" hai2="54,107,111,11,109,14,123,55,80,22,44,92,114" hai3="37,73,94,18,10,21,15,108,49,76,0,121,132"/><T110/><D119/><U87/><E75/><V100/><F123/><W13/><G108/><N who="2" m="41545" /><F114/><N who="1" m="44137" /><E61/><N who="0" m="23657" /><D28/><N who="1" m="19591" /><E19/><N who="2" m="10615" /><F107/><W129/><G37/><T4/><D98/><U27/><E27/><V53/><F80/><W16/><G132/><T31/><D31/><U5/><E87/><V59/><F44/><W117/><G129/><N who="0" m="49163" /><D110/><U99/><E43/><V83/><F83/><W103/><G117/><T118/><D118/><U72/><E72/><V29/><F29/><W12/><G121/><T17/><D17/><U77/><E77/><V86/><F11/><W23/><G10/><T81/><D81/><U95/><E95/><V85/><F59/><W1/><G94/><T30/><D30/><U41/><E41/><V96/><AGARI ba="0,0" hai="53,54,55,85,86,92,96,100" m="10615,41545" machi="96" ten="40,1500,0" yaku="14,1" doraHai="32" who="2" fromWho="2" sc="250,-7,250,-4,250,15,250,-4" /><INIT seed="1,0,0,5,1,7" ten="243,246,265,246" oya="1" hai0="130,118,10,94,93,105,29,5,91,110,82,96,123" hai1="107,69,95,33,16,20,9,13,74,124,36,19,39" hai2="53,81,86,32,4,68,80,18,27,50,104,23,44" hai3="133,38,63,46,85,135,25,15,115,66,87,2,54"/><U51/><E107/><V30/><F104/><W35/><G2/><T99/><D118/><U120/><E120/><V72/><F68/><W102/><G115/><T89/><D123/><U127/><E33/><V116/><F116/><W111/><G102/><T40/><D105/><U113/><E113/><V129/><F129/><W28/><G111/><T34/><D110/><U90/><E69/><V128/><F128/><W109/><G109/><T31/><D130/><U62/><E62/><V70/><F70/><W98/><G98/><T77/><D34/><U97/><E74/><V49/><F72/><W42/><G54/><T75/><REACH who="0" step="1"/><D40/><REACH who="0" ten="233,246,265,246" step="2"/><U108/><E108/><V88/><F32/><W45/><G133/><T114/><D114/><U121/><E121/><V14/><F4/><W92/><G135/><T84/><D84/><U64/><E64/><V37/><F37/><W11/><G42/><T0/><AGARI ba="0,1" hai="0,5,10,29,31,75,77,82,89,91,93,94,96,99" machi="0" ten="20,12000,2" yaku="1,1,0,1,7,1,9,1,52,1,53,1" doraHai="7" doraHaiUra="6" who="0" fromWho="0" sc="233,130,246,-60,265,-30,246,-30" /><INIT seed="2,0,0,3,1,122" ten="363,186,235,216" oya="2" hai0="102,71,0,11,23,13,104,27,15,25,48,129,49" hai1="30,38,83,74,64,116,81,55,69,16,76,44,6" hai2="65,7,4,61,85,79,120,125,106,51,97,95,17" hai3="98,2,135,60,94,103,91,100,109,107,34,119,114"/><V96/><F120/><W123/><G2/><T99/><D71/><U24/><E116/><V73/><F125/><W112/><G34/><T21/><D129/><U86/><E6/><V20/><F73/><W80/><G123/><T113/><D0/><U75/><E69/><V126/><F126/><W45/><G119/><T8/><D113/><N who="3" m="43625" /><G135/><T84/><D84/><U22/><E64/><V29/><F106/><W3/><G3/><T92/><D104/><U19/><E75/><V72/><F72/><W26/><G26/><N who="0" m="9739" /><D11/><U127/><E127/><V77/><F29/><W32/><G32/><T128/><D128/><U1/><E1/><V43/><F7/><W41/><G107/><T58/><D15/><U57/><E44/><N who="2" m="26015" /><F4/><W36/><G109/><T90/><D102/><N who="3" m="38953" /><G60/><T87/><D99/><U131/><E38/><V56/><F96/><W117/><G117/><T31/><D31/><U63/><REACH who="1" step="1"/><E131/><REACH who="1" ten="363,176,235,216" step="2"/><V67/><F67/><W33/><G33/><T59/><D58/><U50/><E50/><V14/><F85/><W28/><G28/><T132/><D132/><U46/><E46/><V70/><F70/><W18/><G18/><N who="0" m="8487" /><D48/><U89/><AGARI ba="0,1" hai="16,19,22,24,30,55,57,63,74,76,81,83,86,89" machi="89" ten="20,5200,0" yaku="1,1,0,1,7,1,54,1,53,0" doraHai="122" doraHaiUra="9" who="1" fromWho="1" sc="363,-13,176,62,235,-26,216,-13" /><INIT seed="3,0,0,2,5,83" ten="350,238,209,203" oya="3" hai0="78,119,133,104,9,32,16,109,6,76,33,93,31" hai1="74,25,85,95,58,13,14,90,54,47,29,23,3" hai2="127,96,120,73,81,62,126,57,129,5,64,110,34" hai3="19,112,72,12,8,132,86,0,59,39,106,36,24"/><W114/><G72/><T77/><D104/><U108/><E3/><V100/><F34/><W45/><G106/><T43/><D119/><U44/><E74/><V79/><F110/><W68/><G68/><T130/><D109/><U51/><E108/><V48/><F129/><W63/><G0/><T11/><D31/><U102/><E102/><V4/><F48/><W21/><G132/><T91/><D133/><U98/><E98/><V37/><F37/><W122/><G122/><T55/><D43/><U75/><E75/><V20/><F120/><W18/><G36/><T30/><D30/><U35/><E35/><V56/><F56/><W80/><G45/><AGARI ba="0,0" hai="13,14,23,25,29,44,45,47,51,54,58,85,90,95" machi="45" ten="40,2600,0" yaku="8,1,52,1" doraHai="83" who="1" fromWho="3" sc="350,0,238,26,209,0,203,-26" owari="350,45.0,264,6.4,209,-19.1,177,-32.3" /></mjloggm>