<mjloggm ver="2.3"><GO type="225" lobby="0"/><UN n0="%E5%91%A8%E6%9D%B1" n1="%63%68%78%62%64" n2="%45%6C%79%73%69%75%6D" n3="%33%74%72%65%65" dan="17,16,16,17" rate="2173.45,2084.75,2130.06,2227.31" sx="M,M,M,F"/><TAIKYOKU oya="0"/><INIT seed="0,0,0,3,0,37" ten="250,250,250,250" oya="0" hai0="48,130,1,54,56,127,8,81,96,61,111,102,57" hai1="26,49,94,0,92,88,117,32,47,84,74,31,53" hai2="25,38,90,114,40,58,121,46,126,18,36,20,29" hai3="51,43,97,93,124,129,4,122,86,67,75,113,82"/><T70/><D127/><U7/><E117/><V109/><F121/><W50/><G113/><T60/><D130/><U15/><E74/><V133/><F114/><W77/><G124/><T9/><D111/><U6/><E0/><V85/><F126/><W12/><G129/><T23/><D70/><U105/><E105/><V71/><F71/><W19/><G122/><T123/><D123/><U63/><E63/><V28/><F109/><W62/><G4/><T10/><D1/><U16/><REACH who="1" step="1"/><E94/><REACH who="1" ten="250,240,250,250" step="2"/><V34/><F133/><W33/><G75/><T41/><D61/><U108/><E108/><V103/><F103/><W118/><G62/><T116/><D116/><U134/><E134/><V44/><F34/><W52/><G33/><T91/><D81/><U59/><E59/><V107/><F58/><N who="3" m="33047" /><G118/><T100/><D57/><U76/><E76/><V3/><F107/><W128/><G128/><T106/><D106/><U11/><AGARI ba="0,1" hai="6,7,11,15,16,26,31,32,47,49,53,84,88,92" machi="11" ten="20,8000,1" yaku="1,1,0,1,7,1,54,2,53,0" doraHai="37" doraHaiUra="119" who="1" fromWho="1" sc="250,-40,240,90,250,-20,250,-20" /><INIT seed="1,0,0,1,4,30" ten="210,330,230,230" oya="1" hai0="87,107,9,17,40,94,38,32,19,24,63,71,70" hai1="93,129,18,95,42,23,117,80,110,3,66,91,130" hai2="105,53,81,98,85,123,88,22,96,36,58,39,78" hai3="11,114,127,61,13,46,89,101,8,2,15,59,122"/><U126/><E117/><V62/><F123/><W76/><G114/><T133/><D107/><U131/><E3/><V121/><F121/><W20/><G122/><T135/><D63/><U35/><E35/><V4/><F4/><W124/><G2/><T128/><D128/><U104/><E104/><V43/><F43/><W67/><G101/><T72/><D72/><U119/><E119/><V68/><F68/><W100/><G100/><T69/><D38/><U14/><E126/><N who="3" m="48170" /><G76/><T31/><D40/><U75/><E110/><V25/><F105/><W60/><G46/><T7/><D87/><N who="1" m="50663" /><E42/><V49/><F49/><W103/><G103/><T79/><D94/><N who="1" m="35851" /><E66/><V16/><REACH who="2" step="1"/><F78/><REACH who="2" ten="210,330,220,230" step="2"/><W10/><G89/><T34/><D79/><U84/><E84/><V12/><F12/><W83/><G13/><T51/><D51/><U55/><E75/><V45/><F45/><W5/><G15/><T111/><D111/><U99/><E99/><AGARI ba="0,1" hai="16,22,25,36,39,53,58,62,81,85,88,96,98,99" machi="99" ten="40,8000,1" yaku="1,1,54,2,53,1" doraHai="30" doraHaiUra="86" who="2" fromWho="1" sc="210,0,330,-80,220,90,230,0" /><INIT seed="2,0,0,2,5,77" ten="210,250,310,230" oya="2" hai0="65,31,90,111,17,63,107,124,101,73,123,128,125" hai1="24,78,118,94,41,25,85,66,33,61,53,96,3" hai2="29,30,45,83,57,127,5,34,44,39,23,92,58" hai3="68,126,27,79,105,120,18,122,75,16,104,54,37"/><V103/><F127/><W28/><G126/><T20/><D123/><U43/><E3/><V56/><F34/><W38/><G68/><T132/><D132/><U13/><E118/><V4/><F39/><W72/><G27/><T36/><D36/><U21/><E53/><V12/><F23/><W115/><G79/><T35/><D128/><U52/><E13/><V11/><F4/><W106/><G106/><T95/><D73/><U67/><E33/><V81/><F92/><W10/><G54/><T46/><D46/><N who="2" m="18026" /><F103/><W99/><G99/><N who="0" m="61887" /><D111/><U134/><E134/><V130/><F130/><W2/><G2/><T109/><D109/><U64/><E25/><V0/><F0/><W14/><G14/><T42/><D42/><U9/><E9/><V80/><AGARI ba="0,0" hai="5,11,12,29,30,56,57,58,80,81,83" m="18026" machi="80" ten="40,12000,1" yaku="8,1,52,3" doraHai="77" who="2" fromWho="2" sc="210,-40,250,-40,310,120,230,-40" /><INIT seed="2,1,0,5,5,99" ten="170,210,430,190" oya="2" hai0="128,42,69,46,34,73,22,41,6,47,4,60,127" hai1="126,119,38,118,40,8,44,111,48,100,35,108,45" hai2="134,102,113,132,49,63,88,135,75,116,10,20,15" hai3="81,72,123,82,16,24,54,7,36,84,11,56,112"/><V66/><F75/><W1/><G123/><T103/><D34/><U101/><E35/><V59/><F113/><W17/><G112/><T13/><D73/><U62/><E8/><V117/><F20/><W70/><G70/><T74/><D74/><U105/><E105/><V26/><F26/><W50/><G36/><T92/><D128/><U130/><E130/><V97/><F49/><W57/><G24/><T65/><D127/><U104/><E104/><N who="2" m="63567" /><F88/><W32/><G32/><T131/><D131/><U18/><E62/><V53/><F53/><W43/><G43/><T122/><D122/><U61/><E61/><V30/><F30/><W52/><G72/><T109/><D22/><U27/><E126/><V76/><F76/><W95/><G95/><T89/><D13/><U28/><E119/><V98/><F98/><W23/><G23/><T39/><D103/><U115/><E115/><V96/><F96/><W77/><G81/><T31/><D31/><U120/><E118/><V114/><F114/><W125/><G125/><T87/><REACH who="0" step="1"/><D109/><REACH who="0" ten="160,210,430,190" step="2"/><N who="1" m="42059" /><E28/><V12/><F12/><W86/><REACH who="3" step="1"/><G86/><REACH who="3" ten="160,210,430,180" step="2"/><T58/><D58/><U68/><E120/><V83/><F117/><W64/><G64/><T124/><D124/><U90/><E68/><V67/><F67/><W33/><G33/><T133/><D133/><U91/><E27/><V78/><F116/><W3/><G3/><T79/><D79/><U9/><E91/><V0/><F0/><W80/><G80/><T71/><D71/><U5/><E90/><V110/><F78/><W37/><G37/><AGARI ba="1,2" hai="4,6,37,39,41,42,46,47,60,65,69,87,89,92" machi="37" ten="30,3900,0" yaku="1,1,7,1,9,1,53,0" doraHai="99" doraHaiUra="29" who="0" fromWho="3" sc="160,62,210,0,430,0,180,-42" /><INIT seed="3,0,0,1,4,123" ten="222,210,430,138" oya="3" hai0="67,12,32,54,11,16,89,72,111,97,51,75,7" hai1="65,21,6,96,100,81,27,10,69,110,106,31,64" hai2="125,84,63,40,82,132,91,99,43,37,47,134,93" hai3="13,121,42,59,26,73,56,131,105,94,95,17,116"/><W86/><G73/><T0/><D32/><U87/><E110/><V48/><F125/><W83/><G105/><T15/><D111/><U85/><E69/><V28/><F28/><W80/><G116/><T45/><D67/><U36/><E36/><V102/><F63/><W24/><G121/><T74/><D0/><U49/><E49/><V8/><F8/><W44/><G131/><T68/><D68/><U35/><E35/><V71/><F71/><W119/><G119/><T18/><D15/><U70/><E70/><V60/><F60/><W14/><G86/><T38/><D38/><U114/><E85/><V108/><F108/><W133/><G133/><N who="2" m="51305" /><F37/><W129/><G129/><T46/><D46/><U52/><E52/><AGARI ba="0,0" hai="40,43,47,48,52,82,84,91,93,99,102" m="51305" machi="52" ten="30,2000,0" yaku="20,1,54,1" doraHai="123" who="2" fromWho="1" sc="222,0,210,-20,430,20,138,0" owari="222,2.2,190,-21.0,450,55.0,138,-36.2" /></mjloggm>