<mjloggm ver="2.3"><GO type="225" lobby="0"/><UN n0="%E7%99%BD%E5%80%89%E5%AF%9B%E4%B9%8B" n1="%E5%B6%BA%E4%B8%8A%E5%92%B2" n2="%E3%81%94%E3%83%BC%E3%81%A9%E3%82%93" n3="%E6%81%A5%E6%99%92%E3%81%97" dan="16,16,16,16" rate="2179.66,2142.65,2086.88,2071.02" sx="M,F,M,M"/><TAIKYOKU oya="0"/><INIT seed="0,0,0,3,3,98" ten="250,250,250,250" oya="0" hai0="47,4,74,30,56,129,28,117,43,91,97,70,29" hai1="44,52,46,134,16,122,123,63,111,127,119,48,40" hai2="89,125,115,75,14,114,10,78,57,130,79,84,92" hai3="118,36,54,83,94,90,33,32,87,41,108,34,37"/><T2/><D70/><U128/><E119/><V88/><F130/><W61/><G118/><T13/><D117/><U65/><E128/><V116/><F116/><W1/><G1/><T81/><D129/><U51/><E134/><V38/><F38/><W107/><G107/><T22/><D56/><N who="1" m="37095" /><E16/><V72/><F57/><W12/><G108/><T64/><D64/><U106/><E106/><V100/><F14/><W62/><G12/><T49/><D2/><U71/><E127/><V42/><F10/><W67/><G41/><T31/><D74/><N who="2" m="28202" /><F42/><W120/><G120/><N who="1" m="46122" /><E71/><V121/><F121/><W45/><G32/><T82/><N who="0" m="7168" /><DORA hai="95" /><T102/><D91/><U80/><E80/><N who="2" m="49287" /><F100/><W9/><G33/><T104/><REACH who="0" step="1"/><D22/><REACH who="0" ten="240,250,250,250" step="2"/><U113/><E111/><V15/><F125/><W11/><G34/><T131/><D131/><U112/><AGARI ba="0,1" hai="40,44,46,48,51,52,112,113" m="46122,37095" machi="112" ten="30,4000,0" yaku="34,2,54,1" doraHai="98,95" who="1" fromWho="1" sc="240,-20,250,50,250,-10,250,-10" /><INIT seed="1,0,0,1,5,21" ten="220,300,240,240" oya="1" hai0="12,89,6,52,57,97,124,34,68,83,118,123,56" hai1="92,46,101,38,39,84,59,85,93,132,17,8,128" hai2="96,0,111,81,135,107,23,60,100,121,102,33,103" hai3="54,114,19,14,1,122,65,76,29,42,50,98,134"/><U61/><E128/><V55/><F121/><W108/><G122/><T43/><D123/><U127/><E132/><V24/><F111/><W79/><G108/><T22/><D68/><U28/><E127/><V74/><F135/><W58/><G1/><T45/><D34/><U75/><E75/><V95/><F33/><W64/><G114/><T32/><D32/><U73/><E73/><V49/><F0/><W77/><G134/><T82/><D124/><U131/><E131/><V105/><F60/><W18/><G29/><T15/><D118/><U53/><E28/><V20/><F20/><W4/><G42/><T110/><D110/><U9/><E46/><V119/><F119/><W87/><G98/><T26/><D57/><U48/><E61/><V120/><F120/><W88/><G4/><T109/><D109/><U130/><E130/><V104/><F81/><N who="0" m="30730" /><D6/><U113/><E113/><V67/><F67/><W69/><G69/><T126/><D126/><U90/><E39/><V35/><F35/><W80/><REACH who="3" step="1"/><G19/><REACH who="3" ten="220,300,240,230" step="2"/><N who="0" m="12639" /><D43/><U36/><E36/><V63/><F74/><W125/><G125/><T91/><D45/><U115/><E38/><V116/><F116/><W94/><G94/><N who="0" m="56527" /><D91/><N who="1" m="53351" /><E115/><V66/><F105/><W41/><G41/><T30/><D30/><U133/><E133/><V86/><F107/><W129/><G129/><T16/><D16/><U62/><E17/><N who="2" m="12399" /><F104/><W31/><G31/><T5/><D5/><U27/><E101/><V47/><F86/><W106/><G106/><T72/><D72/><U25/><E62/><AGARI ba="0,1" hai="12,15,52,56,62" m="56527,12639,30730" machi="62" ten="30,7700,0" yaku="25,1,8,1,52,1,54,1" doraHai="21" who="0" fromWho="1" sc="220,87,300,-77,240,0,230,0" /><INIT seed="2,0,0,2,1,107" ten="307,223,240,230" oya="2" hai0="76,118,65,126,5,111,53,51,69,132,22,2,120" hai1="35,82,134,67,44,135,94,124,102,127,117,26,3" hai2="114,61,24,119,86,0,101,40,21,89,88,13,8" hai3="57,31,58,12,113,15,30,1,80,48,73,121,43"/><V84/><F114/><W38/><G121/><T20/><D120/><U42/><E3/><V27/><F119/><W125/><G113/><T105/><D105/><U87/><E117/><V56/><F0/><W96/><G1/><T32/><D32/><U52/><E67/><N who="2" m="39335" /><F40/><W71/><G71/><T36/><D36/><U74/><E74/><V109/><F101/><W70/><G70/><T17/><D118/><U4/><E4/><N who="2" m="3207" /><F109/><W11/><G38/><T64/><D111/><U37/><E35/><V103/><F103/><W66/><G125/><N who="1" m="48202" /><E26/><N who="2" m="9771" /><F21/><W49/><G73/><T91/><D22/><U78/><E102/><V83/><F84/><W79/><G43/><T46/><D69/><U110/><E110/><V50/><F50/><W10/><G49/><T133/><D126/><U131/><E94/><V97/><F97/><W93/><G96/><T59/><D2/><U129/><E52/><V68/><F68/><W90/><G93/><T100/><D53/><U85/><E87/><V16/><F16/><W77/><G48/><T92/><D51/><U28/><E28/><V106/><F106/><W18/><G18/><T9/><D17/><U54/><E54/><V123/><F123/><W81/><G66/><T45/><D65/><U116/><E116/><V62/><F62/><W63/><G63/><T25/><D64/><U60/><E60/><V98/><F98/><W112/><G112/><T99/><D99/><U23/><E23/><V34/><F34/><W19/><G19/><T108/><D20/><U95/><E95/><V33/><F33/><W130/><G31/><T104/><D108/><RYUUKYOKU ba="0,0" sc="307,-15,223,15,240,15,230,-15" hai1="37,42,44,78,82,85,129,131,134,135" hai2="83,86,88,89" /><INIT seed="2,1,0,5,2,119" ten="292,238,255,215" oya="2" hai0="1,3,59,125,74,38,106,54,132,63,0,28,135" hai1="15,69,94,71,126,33,57,100,122,82,25,13,87" hai2="41,117,19,62,72,111,67,128,85,109,43,123,53" hai3="95,84,91,35,92,61,9,39,133,68,4,65,29"/><V52/><F72/><W37/><G133/><N who="0" m="51275" /><D74/><U121/><E126/><V45/><F117/><W103/><G35/><T26/><D106/><U77/><E57/><N who="2" m="37327" /><F85/><W18/><G29/><T27/><D125/><U88/><E100/><V97/><F97/><W2/><G103/><T96/><D96/><N who="1" m="57415" /><E33/><V81/><F81/><W58/><G95/><T75/><D75/><U76/><E76/><V86/><F86/><W120/><G120/><N who="1" m="46186" /><E25/><N who="0" m="9225" /><D38/><U90/><E77/><V78/><F19/><W89/><G89/><T51/><D28/><U98/><E98/><V104/><F78/><W60/><REACH who="3" step="1"/><G18/><REACH who="3" ten="292,238,255,205" step="2"/><T5/><D5/><U17/><E17/><V44/><F123/><W56/><G56/><T32/><D32/><U66/><E66/><AGARI ba="1,1" hai="2,4,9,37,39,58,60,61,65,66,68,84,91,92" machi="66" ten="30,2000,0" yaku="1,1,7,1,53,0" doraHai="119" doraHaiUra="131" who="3" fromWho="1" sc="292,0,238,-23,255,0,205,33" /><INIT seed="3,0,0,3,3,92" ten="292,215,255,238" oya="3" hai0="15,33,101,10,9,97,25,121,106,87,63,45,114" hai1="39,8,11,53,79,20,12,3,103,124,108,59,13" hai2="73,18,58,123,14,74,28,27,126,120,113,135,131" hai3="64,133,86,43,98,89,47,111,52,44,56,80,55"/><W68/><G133/><T7/><D121/><N who="2" m="46666" /><F113/><W16/><G68/><T130/><D130/><U105/><E39/><V110/><F110/><W30/><G111/><T62/><D114/><U107/><E108/><V67/><F135/><W6/><G6/><T1/><D87/><U112/><E112/><V82/><F82/><W115/><G30/><T32/><D45/><U119/><E3/><V71/><F71/><W54/><G115/><T125/><D125/><U91/><E124/><V36/><F36/><W94/><G16/><T70/><D25/><U42/><E79/><V48/><F131/><W85/><G43/><T51/><D51/><U24/><E42/><V34/><F126/><W49/><G86/><T132/><D132/><U75/><E75/><V88/><F88/><N who="3" m="55623" /><G44/><T122/><D122/><U84/><E103/><V46/><F58/><W69/><G69/><T60/><REACH who="0" step="1"/><D70/><REACH who="0" ten="282,215,255,238" step="2"/><U57/><E24/><V4/><F27/><W31/><G47/><T77/><D77/><U128/><E128/><V99/><F46/><W22/><G56/><T41/><D41/><U38/><E59/><V76/><F76/><W90/><G85/><T23/><D23/><U78/><E20/><V134/><F134/><W17/><G22/><T96/><D96/><U117/><E78/><V81/><F99/><W26/><G49/><T104/><D104/><U66/><E105/><V0/><F48/><W50/><G50/><T93/><D93/><U116/><E107/><V72/><F72/><W83/><G80/><T5/><AGARI ba="0,1" hai="1,5,7,9,10,15,32,33,60,62,63,97,101,106" machi="5" ten="30,4000,0" yaku="1,1,0,1,52,1,53,0" doraHai="92" doraHaiUra="109" who="0" fromWho="0" sc="282,50,215,-10,255,-10,238,-20" owari="332,43.2,205,-29.5,245,4.5,218,-18.2" /></mjloggm>