<mjloggm ver="2.3"><GO type="225" lobby="0"/><UN n0="%E5%8F%AF%E5%85%90%E9%82%A3%E7%94%B1%E5%A4%9A" n1="%E3%82%B3%E3%83%90%E3%83%AC%E3%82%A4" n2="%E5%91%A8%E6%9D%B1" n3="%E6%81%A5%E6%99%92%E3%81%97" dan="16,16,17,16" rate="2112.47,2172.45,2198.65,2178.91" sx="F,M,M,M"/><TAIKYOKU oya="0"/><INIT seed="0,0,0,4,4,113" ten="250,250,250,250" oya="0" hai0="66,68,115,110,31,127,125,28,99,114,19,9,124" hai1="92,109,12,132,50,54,82,42,121,3,11,36,73" hai2="24,15,18,88,96,117,111,120,62,105,91,119,123" hai3="21,106,43,65,89,90,100,70,77,74,33,48,97"/><T83/><D66/><U32/><E32/><V122/><F111/><W75/><G33/><T130/><D68/><U60/><E109/><V23/><F62/><W93/><G70/><T102/><D110/><U46/><E121/><V81/><F81/><W2/><G65/><T17/><D83/><U51/><E132/><V44/><F44/><W22/><G2/><T47/><D47/><U40/><E92/><V67/><F67/><W58/><G43/><T87/><D87/><U112/><E112/><N who="0" m="43049" /><D130/><U108/><E108/><V76/><F76/><W135/><G135/><T133/><D133/><U53/><E36/><V38/><F38/><W72/><G90/><T8/><D99/><U61/><E3/><V94/><F105/><W35/><G35/><T134/><D102/><U41/><E82/><V71/><F71/><W14/><G77/><T55/><D55/><U25/><E73/><V57/><F57/><W13/><G100/><T7/><D134/><U29/><E29/><N who="0" m="11337" /><D7/><U10/><E53/><V84/><F24/><W95/><G106/><T5/><D8/><U128/><E51/><V129/><F129/><W56/><G97/><T30/><N who="0" m="11345" /><T52/><DORA hai="26" /><D52/><U37/><E37/><V86/><F91/><W78/><G74/><T0/><AGARI ba="0,0" hai="0,5,9,17,19,124,125,127" m="11345,43049" machi="0" ten="50,18000,2" yaku="18,1,34,2,52,4" doraHai="113,26" who="0" fromWho="0" sc="250,180,250,-60,250,-60,250,-60" /><INIT seed="0,1,0,0,1,72" ten="430,190,190,190" oya="0" hai0="127,6,81,43,8,0,19,74,78,75,109,91,84" hai1="4,105,131,31,44,97,98,42,103,60,45,69,63" hai2="1,133,119,100,59,18,76,114,121,116,13,35,49" hai3="50,67,122,123,41,104,77,132,22,85,83,27,51"/><T58/><D127/><U2/><E131/><V36/><F100/><W68/><G104/><T56/><D109/><U61/><E69/><V88/><F121/><N who="3" m="46091" /><G132/><T108/><D108/><U125/><E125/><V23/><F114/><W12/><G41/><T124/><D124/><U102/><E31/><V7/><F36/><W32/><G32/><T82/><D75/><U86/><E86/><V38/><F38/><W94/><G12/><T57/><D19/><U55/><E45/><V90/><F35/><W66/><G94/><T11/><D11/><U129/><E129/><V80/><F133/><W110/><G110/><T62/><REACH who="0" step="1"/><D43/><REACH who="0" ten="420,190,190,190" step="2"/><U21/><E4/><V70/><F7/><W52/><G68/><T20/><D20/><U47/><E21/><V64/><F70/><W106/><G22/><T101/><D101/><U99/><E42/><V130/><F130/><W3/><G27/><T73/><D73/><U126/><E126/><V115/><F23/><W53/><G3/><T40/><D40/><U33/><E2/><V117/><F1/><W54/><G106/><T37/><D37/><U24/><E105/><V28/><F116/><W118/><G118/><T17/><D17/><U112/><E33/><V39/><F18/><W29/><G29/><T71/><D71/><U9/><E9/><V34/><F28/><W65/><AGARI ba="1,1" hai="50,51,52,53,54,65,66,67,77,83,85" m="46091" machi="65" ten="40,5200,0" yaku="13,1,52,1,54,1" doraHai="72" who="3" fromWho="3" sc="420,-27,190,-14,190,-14,190,65" /><INIT seed="1,0,0,1,0,102" ten="393,176,176,255" oya="1" hai0="81,107,112,124,71,133,6,68,37,83,24,66,26" hai1="23,50,41,25,82,12,101,72,53,10,111,57,85" hai2="22,129,28,122,8,29,60,135,114,113,1,21,120" hai3="39,76,108,105,118,31,128,74,127,103,62,49,33"/><U44/><E72/><V98/><F98/><W77/><G39/><T46/><D112/><N who="2" m="43114" /><F60/><W110/><G127/><T94/><D107/><U116/><E116/><V14/><F1/><W0/><G0/><T89/><D124/><U19/><E101/><V132/><F129/><W131/><G118/><T43/><D133/><N who="2" m="51274" /><F22/><W4/><G62/><T34/><D6/><U78/><E111/><N who="3" m="42538" /><G4/><T93/><D66/><U104/><E104/><V56/><F56/><W48/><G33/><T61/><D61/><U55/><REACH who="1" step="1"/><E57/><REACH who="1" ten="393,166,176,255" step="2"/><V117/><F117/><W20/><G128/><T27/><D68/><U38/><E38/><V80/><F80/><W52/><G131/><T15/><D71/><U121/><E121/><N who="2" m="46699" /><F21/><W5/><G20/><T91/><D81/><U130/><E130/><V92/><F92/><W84/><G103/><T88/><D83/><U87/><E87/><V63/><F63/><W42/><G84/><T69/><D69/><U125/><E125/><V9/><F9/><W2/><G74/><T54/><D94/><U86/><E86/><V65/><F65/><W51/><G76/><T99/><D93/><U67/><E67/><V79/><F79/><W59/><G77/><T32/><D37/><U11/><E11/><V40/><F40/><W18/><G42/><T47/><D43/><U30/><AGARI ba="0,1" hai="10,12,19,23,25,30,41,44,50,53,55,78,82,85" machi="30" ten="20,12000,1" yaku="1,1,0,1,7,1,8,1,53,1" doraHai="102" doraHaiUra="13" who="1" fromWho="1" sc="393,-40,166,130,176,-40,255,-40" /><INIT seed="1,1,0,2,3,53" ten="353,296,136,215" oya="1" hai0="71,10,120,59,100,29,20,63,56,55,65,73,114" hai1="78,84,109,33,36,128,23,113,5,97,40,35,50" hai2="77,75,48,122,31,19,12,7,83,87,62,18,32" hai3="108,44,119,49,3,74,67,42,30,26,135,16,72"/><U115/><E36/><V45/><F122/><W124/><G108/><T25/><D120/><U81/><E109/><V125/><F125/><W103/><G124/><T105/><D114/><U37/><E37/><V8/><F75/><W0/><G135/><T129/><D129/><U85/><E128/><V14/><F32/><W13/><G119/><T107/><D73/><U22/><E5/><V54/><F31/><W111/><G111/><T41/><D41/><U52/><E40/><V17/><REACH who="2" step="1"/><F62/><REACH who="2" ten="353,296,126,215" step="2"/><W58/><G74/><T21/><D29/><U133/><E35/><V51/><F51/><W99/><G72/><T118/><D63/><U39/><E39/><V68/><F68/><W86/><G30/><T126/><D71/><U98/><E33/><V134/><F134/><W110/><G110/><T89/><D126/><U101/><E133/><V104/><F104/><W11/><G49/><T88/><D107/><U15/><E115/><V34/><F34/><W91/><G0/><T127/><D105/><U38/><E38/><V76/><F76/><W132/><G3/><T1/><D1/><U112/><E113/><V106/><F106/><W116/><G132/><T93/><D127/><U94/><E112/><V4/><F4/><W69/><G69/><T61/><D61/><U95/><E78/><V80/><F80/><W27/><G116/><T2/><D2/><U130/><E130/><V82/><F82/><W102/><G27/><T123/><D123/><U57/><E81/><V43/><F43/><W28/><G26/><T60/><D118/><U96/><E50/><V64/><F64/><RYUUKYOKU ba="1,1" sc="353,-10,296,-10,126,30,215,-10" hai2="7,8,12,14,17,18,19,45,48,54,77,83,87" /><INIT seed="2,2,1,2,5,67" ten="343,286,156,205" oya="2" hai0="90,70,125,29,88,84,112,31,81,62,7,100,39" hai1="1,13,131,43,118,127,114,130,46,58,91,33,18" hai2="3,89,23,115,66,21,40,102,128,30,133,57,113" hai3="110,79,32,60,50,106,49,26,24,83,11,86,22"/><V75/><F75/><W87/><G110/><T61/><D112/><U59/><E114/><V8/><F133/><W117/><G117/><T5/><D39/><U38/><E1/><V76/><F76/><W17/><G106/><T54/><D125/><U74/><E74/><V37/><F128/><N who="1" m="49193" /><E33/><V97/><F89/><W94/><G32/><T12/><D100/><U116/><E91/><V0/><F40/><W27/><G11/><T80/><D54/><U95/><E95/><N who="2" m="58687" /><F37/><W20/><G60/><T72/><D72/><U119/><E127/><V10/><F23/><AGARI ba="2,1" hai="13,18,23,38,43,46,58,59,116,118,119" m="49193" machi="23" ten="40,1300,0" yaku="19,1" doraHai="67" who="1" fromWho="2" sc="343,0,286,29,156,-19,205,0" /><INIT seed="3,0,0,5,1,69" ten="343,315,137,205" oya="3" hai0="43,10,41,19,70,87,60,32,72,45,68,127,39" hai1="62,84,77,106,33,112,89,42,3,48,55,124,63" hai2="110,80,31,9,12,54,24,96,16,56,114,79,131" hai3="58,11,15,34,27,59,50,93,53,117,88,67,23"/><W95/><G117/><T116/><D72/><U118/><E118/><V2/><F110/><W103/><G34/><T49/><D116/><U65/><E3/><V90/><F131/><W40/><G40/><T113/><D32/><U22/><E33/><V91/><F2/><W122/><G95/><T0/><D127/><U7/><E7/><V102/><F114/><W134/><G134/><T115/><D60/><U133/><E106/><V52/><F54/><W8/><G103/><T128/><D128/><U47/><E112/><N who="0" m="43081" /><D87/><U61/><E124/><V130/><F130/><W25/><G25/><T135/><D135/><U92/><E133/><V5/><F5/><W123/><G15/><N who="0" m="7671" /><D0/><U75/><E75/><V57/><F57/><W129/><G129/><T28/><D28/><U108/><E77/><V98/><F24/><W38/><G122/><T125/><D125/><U17/><E108/><V105/><F96/><W101/><G101/><T85/><D85/><U104/><E104/><V82/><F31/><W94/><G59/><T26/><D26/><U100/><E100/><V14/><F14/><W97/><G67/><T1/><D1/><U6/><E6/><V18/><F18/><W20/><G27/><T71/><D43/><U76/><E76/><V74/><F82/><W30/><G97/><T86/><D86/><U21/><E42/><V99/><REACH who="2" step="1"/><F98/><REACH who="2" ten="343,315,127,205" step="2"/><N who="3" m="57639" /><G58/><T121/><D121/><U37/><E17/><V64/><F64/><W36/><G30/><T4/><D4/><U83/><E83/><V51/><AGARI ba="0,1" hai="9,12,16,51,52,56,74,79,80,90,91,99,102,105" machi="51" ten="20,12000,2" yaku="1,1,0,1,7,1,54,2,53,1" doraHai="69" doraHaiUra="13" who="2" fromWho="2" sc="343,-30,315,-30,127,130,205,-60" owari="313,41.3,285,8.5,257,-14.3,145,-35.5" /></mjloggm>