<mjloggm ver="2.3"><GO type="225" lobby="0"/><UN n0="%E3%81%9B%E3%81%A9%E3%81%AA%E3%82%8A%E3%81%82%E3%82%93" n1="%E3%81%AF%E3%82%88%E3%81%8A%E3%81%98%E3%81%95%E3%82%93" n2="%E3%81%82%E3%81%84%E3%81%82%E3%81%8A%E3%81%84" n3="%70%6F%69%73%6F%6E%30%32" dan="17,16,18,16" rate="2132.09,2189.55,2200.52,2107.83" sx="F,M,M,M"/><TAIKYOKU oya="0"/><INIT seed="0,0,0,1,2,99" ten="250,250,250,250" oya="0" hai0="111,53,121,67,48,61,64,40,1,81,12,108,46" hai1="11,26,83,128,106,51,135,35,131,27,114,74,115" hai2="126,102,25,17,44,62,50,133,0,112,7,36,41" hai3="29,98,73,33,103,70,6,113,129,10,134,100,37"/><T24/><D121/><U110/><E106/><V22/><F112/><N who="1" m="43049" /><E74/><V86/><F126/><W107/><G113/><T85/><D1/><U105/><E105/><V93/><F133/><W109/><G109/><N who="0" m="42059" /><D24/><N who="1" m="9259" /><E110/><V101/><F36/><W43/><G134/><T14/><D40/><U19/><E135/><V30/><F30/><W76/><G29/><T28/><D28/><U94/><E83/><V117/><F117/><W47/><G33/><T4/><D4/><U122/><E51/><V87/><F62/><W15/><G129/><N who="1" m="49738" /><E94/><V118/><F118/><W45/><G45/><T119/><D119/><U65/><E65/><N who="0" m="25161" /><D61/><U13/><E122/><V92/><F92/><W82/><REACH who="3" step="1"/><G103/><REACH who="3" ten="250,250,250,240" step="2"/><T78/><AGARI ba="0,1" hai="12,14,46,48,53,78,81,85" m="25161,42059" machi="78" ten="30,3000,0" yaku="14,1,10,1" doraHai="99" who="0" fromWho="0" sc="250,40,250,-10,250,-10,240,-10" /><INIT seed="0,1,0,0,1,99" ten="290,240,240,230" oya="0" hai0="133,67,107,35,2,123,100,93,92,7,124,82,33" hai1="75,23,8,129,114,20,52,71,80,86,28,43,59" hai2="11,131,41,58,103,1,76,109,98,22,128,39,130" hai3="53,29,97,31,112,51,88,61,46,18,118,48,13"/><T36/><D123/><U62/><E129/><V66/><F109/><W83/><G112/><T24/><D36/><U90/><E114/><V49/><F39/><W16/><G118/><T134/><D124/><U81/><E43/><V119/><F119/><W74/><G18/><T45/><D67/><U15/><E71/><V21/><F76/><W111/><G74/><T9/><D82/><U89/><E28/><V70/><F70/><W132/><G132/><N who="0" m="50795" /><D45/><U79/><REACH who="1" step="1"/><E89/><REACH who="1" ten="290,230,240,230" step="2"/><V27/><F41/><W5/><G111/><T54/><D35/><U110/><E110/><V127/><F130/><W96/><G5/><AGARI ba="1,1" hai="5,8,15,20,23,52,59,62,75,79,80,81,86,90" machi="5" ten="30,3900,0" yaku="1,1,7,1,54,1,53,0" doraHai="99" doraHaiUra="32" who="1" fromWho="3" sc="290,0,230,52,240,0,230,-42" /><INIT seed="1,0,0,5,1,87" ten="290,282,240,188" oya="1" hai0="70,84,82,124,38,123,81,135,62,22,20,0,80" hai1="118,58,17,102,132,55,83,107,95,69,93,49,75" hai2="6,1,111,103,34,105,127,51,121,74,73,16,54" hai3="52,120,115,61,64,23,3,40,133,94,15,21,25"/><U41/><E118/><V110/><F121/><W27/><G115/><T36/><D0/><U122/><E122/><V37/><F37/><W4/><G3/><T108/><D123/><U67/><E132/><V91/><F34/><W100/><G133/><T86/><D135/><U63/><E107/><V71/><F71/><W106/><G40/><T48/><D108/><N who="2" m="41514" /><F127/><W97/><G106/><T35/><D35/><U11/><E102/><V76/><F76/><W78/><G78/><T66/><D48/><U109/><E109/><V8/><F16/><N who="3" m="12455" /><G64/><T126/><D38/><U77/><E41/><V46/><F91/><W134/><G134/><T32/><D32/><U65/><E67/><V24/><F24/><W45/><G120/><T29/><D36/><U117/><E117/><V7/><F7/><W50/><G61/><T13/><D29/><U28/><E28/><V129/><F129/><W57/><G4/><T116/><D116/><U96/><E17/><V9/><F9/><W43/><G27/><T18/><D22/><U44/><E11/><V98/><AGARI ba="0,0" hai="1,6,8,46,51,54,73,74,98,103,105" m="41514" machi="98" ten="30,1100,0" yaku="14,1" doraHai="87" who="2" fromWho="2" sc="290,-3,282,-5,240,11,188,-3" /><INIT seed="2,0,0,1,3,53" ten="287,277,251,185" oya="2" hai0="37,126,90,47,10,116,105,24,0,49,42,86,11" hai1="119,3,12,95,63,115,124,74,121,107,77,18,88" hai2="71,101,57,36,81,120,125,38,27,128,106,123,39" hai3="133,98,65,97,130,73,108,72,100,26,82,112,52"/><V127/><F71/><W70/><G108/><T31/><D105/><U102/><E3/><V48/><F27/><W76/><G133/><T92/><D126/><N who="2" m="48138" /><F81/><W46/><G130/><T111/><D111/><U21/><E124/><V69/><F69/><W118/><G118/><T110/><D110/><U84/><E119/><V64/><F101/><W113/><G73/><T114/><D114/><N who="3" m="44137" /><G26/><T13/><D0/><U16/><E115/><V30/><F30/><W131/><G131/><T61/><D116/><U20/><E121/><N who="2" m="46667" /><F106/><W103/><G100/><T85/><D24/><N who="1" m="14343" /><E74/><V59/><F128/><W2/><G2/><T99/><D31/><U19/><E107/><V122/><N who="2" m="46675" /><V17/><DORA hai="68" /><F17/><W132/><G132/><T56/><D13/><N who="1" m="9423" /><E102/><V33/><F33/><W60/><G103/><T15/><D15/><U117/><E117/><V67/><F48/><AGARI ba="0,0" hai="46,48,52,60,65,70,72,76,82,97,98" m="44137" machi="48" ten="30,2000,0" yaku="11,1,54,1" doraHai="53,68" who="3" fromWho="2" sc="287,0,277,0,251,-20,185,20" /><INIT seed="3,0,0,3,3,63" ten="287,277,231,205" oya="3" hai0="33,62,23,88,27,9,76,113,16,116,3,49,102" hai1="22,106,130,59,8,85,4,5,124,58,29,118,75" hai2="123,78,47,30,92,91,90,133,43,122,6,67,99" hai3="34,114,112,81,17,96,41,0,36,13,72,89,73"/><W68/><G68/><T52/><D116/><U46/><E75/><V119/><F119/><W20/><G34/><T103/><D33/><U132/><E106/><V121/><F133/><W74/><G0/><T14/><D3/><U87/><E118/><V35/><F6/><W97/><G36/><T28/><D113/><U108/><E132/><V64/><F78/><W127/><G41/><T25/><D62/><U56/><E108/><V131/><F131/><W82/><G127/><T104/><D104/><U93/><E130/><V19/><F19/><W57/><G57/><T1/><D1/><U79/><E124/><V120/><N who="2" m="30720" /><DORA hai="61" /><V111/><F111/><W129/><G129/><T38/><D38/><U10/><E46/><V109/><F109/><W11/><G11/><N who="1" m="4138" /><E93/><N who="2" m="56759" /><F30/><W7/><G7/><N who="1" m="2634" /><E79/><V105/><F105/><W69/><G69/><T115/><D76/><U24/><AGARI ba="0,0" hai="22,24,29,56,58,59,85,87" m="2634,4138" machi="24" ten="40,1500,0" yaku="8,1" doraHai="63,61" who="1" fromWho="1" sc="287,-4,277,15,231,-4,205,-7" /><INIT seed="4,0,0,3,5,123" ten="283,292,227,198" oya="0" hai0="42,90,83,85,41,6,128,16,62,24,5,125,2" hai1="58,77,18,31,35,107,11,71,10,51,122,67,75" hai2="111,25,56,13,109,131,78,88,63,103,0,120,45" hai3="130,76,115,110,117,69,7,4,84,21,43,72,53"/><T23/><D2/><U27/><E122/><V33/><F0/><W92/><G115/><T60/><D125/><U12/><E107/><V106/><F120/><W57/><G117/><T28/><D128/><U14/><E71/><V65/><F78/><W81/><G130/><T119/><D119/><U49/><E75/><V55/><F131/><W104/><G69/><T59/><D28/><U73/><E73/><V105/><F13/><W19/><G104/><T97/><D97/><U34/><E34/><V30/><F88/><N who="3" m="53255" /><G43/><N who="0" m="16395" /><D60/><N who="1" m="38295" /><E35/><V9/><F9/><N who="1" m="3081" /><E77/><V116/><F116/><W1/><G110/><T37/><D37/><U74/><E74/><V129/><F129/><W61/><G1/><T32/><D32/><U29/><E12/><V95/><F106/><W39/><G39/><T80/><D80/><U98/><E98/><V79/><F79/><W20/><G20/><T22/><D22/><N who="1" m="15607" /><E31/><V26/><F105/><W101/><G101/><T100/><D100/><U44/><E44/><V47/><F109/><W121/><G121/><T52/><AGARI ba="0,0" hai="5,6,16,23,24,52,59,62,83,85,90" m="16395" machi="52" ten="30,6000,0" yaku="8,1,54,2" doraHai="123" who="0" fromWho="0" sc="283,60,292,-20,227,-20,198,-20" owari="343,44.3,272,7.2,207,-19.3,178,-32.2" /></mjloggm>