<mjloggm ver="2.3"><GO type="225" lobby="0"/><UN n0="%E9%A6%AC%E5%BC%95%E7%81%AB%33" n1="%E6%9D%B1%E9%A2%A8%E3%81%AE%E3%81%8D%E3%82%83%E3%81%B7%E3%81%95%E3%82%93" n2="%E3%83%81%E3%83%83%E3%82%BF%E3%82%BD%E3%83%BC" n3="%72%65%6E%6B%75%6E" dan="16,16,16,17" rate="2142.20,2178.23,2139.59,2197.56" sx="M,M,F,M"/><TAIKYOKU oya="0"/><INIT seed="0,0,0,3,3,8" ten="250,250,250,250" oya="0" hai0="92,76,9,55,53,28,133,68,11,71,73,112,107" hai1="27,89,135,129,57,74,110,125,7,66,6,5,116" hai2="122,39,14,30,17,95,78,46,93,59,100,75,128" hai3="61,25,60,47,1,117,19,54,65,38,106,45,79"/><T85/><D112/><U35/><E74/><V72/><F128/><W102/><G1/><T109/><D107/><U124/><E116/><V34/><F122/><W2/><G2/><T120/><D28/><N who="1" m="19871" /><E89/><V41/><F59/><W23/><G117/><T96/><D73/><U123/><E57/><V18/><F18/><W15/><G79/><T103/><D120/><U51/><E51/><V113/><F113/><W130/><G130/><T3/><D133/><U13/><E66/><V99/><F78/><W36/><G25/><T26/><D26/><U127/><E129/><V101/><F30/><W87/><G87/><T86/><D76/><U67/><E67/><V44/><BYE who="1" /><F44/><UN n1="%E6%9D%B1%E9%A2%A8%E3%81%AE%E3%81%8D%E3%82%83%E3%81%B7%E3%81%95%E3%82%93" /><W126/><G54/><T31/><D3/><U29/><E123/><V105/><F34/><W33/><G33/><T91/><D31/><U134/><E110/><V12/><F105/><W20/><G20/><T82/><D109/><U94/><E94/><V50/><F39/><W97/><G61/><T90/><D92/><U81/><E81/><V98/><REACH who="2" step="1"/><F12/><REACH who="2" ten="250,250,240,250" step="2"/><W16/><G19/><T24/><D24/><U4/><E29/><V118/><F118/><W83/><G38/><T37/><D37/><U104/><E104/><V63/><F63/><W52/><G36/><T70/><D70/><U43/><E43/><V115/><F115/><W132/><G60/><T0/><D71/><U21/><N who="1" m="1024" /><DORA hai="64" /><U42/><E42/><V58/><F58/><W69/><G106/><T111/><D68/><U62/><E62/><V56/><F56/><W32/><G69/><T131/><D111/><U40/><E40/><RYUUKYOKU ba="0,1" sc="250,-15,250,15,240,15,250,-15" hai1="13,21,124,125,127,134,135" hai2="14,17,41,46,50,72,75,93,95,98,99,100,101" /><INIT seed="1,1,1,0,3,93" ten="235,265,255,235" oya="1" hai0="26,35,125,64,86,107,97,96,130,114,94,82,12" hai1="44,20,80,0,8,30,61,81,79,24,99,14,62" hai2="27,103,42,83,109,36,19,7,73,110,118,45,90" hai3="31,74,38,34,124,21,111,70,57,71,126,119,106"/><U134/><E134/><V53/><F118/><W37/><G21/><T91/><D114/><U102/><E0/><V51/><F7/><W3/><G57/><T68/><D125/><U131/><E44/><V78/><F103/><W84/><G84/><T67/><D130/><U133/><E133/><V41/><F90/><W123/><G31/><T52/><D68/><U25/><E25/><V58/><F41/><W9/><G9/><T117/><D117/><U18/><E131/><V77/><F77/><W4/><G4/><T46/><D35/><U115/><E115/><V59/><F59/><W129/><G38/><T122/><D122/><U43/><E43/><V6/><F6/><W56/><G56/><T63/><D26/><U33/><E33/><V23/><AGARI ba="1,1" hai="19,23,27,36,42,45,51,53,58,73,78,83,109,110" machi="23" ten="30,1100,0" yaku="0,1" doraHai="93" who="2" fromWho="2" sc="235,-4,265,-6,255,24,235,-4" /><INIT seed="2,0,0,0,2,5" ten="231,259,279,231" oya="2" hai0="111,118,120,65,73,89,2,130,36,10,91,134,76" hai1="127,109,104,54,68,125,78,135,75,16,66,55,1" hai2="8,84,25,94,83,106,58,18,9,24,85,97,70" hai3="86,110,0,59,40,31,13,88,30,87,115,4,116"/><V3/><F106/><W113/><G116/><T122/><D118/><U53/><E104/><V41/><F70/><W121/><G121/><T44/><D111/><U19/><E109/><V101/><F41/><W45/><G110/><T61/><D130/><U26/><E1/><V71/><F71/><W93/><G0/><T126/><D134/><U82/><E135/><V108/><F108/><W15/><G59/><T123/><D126/><N who="1" m="48139" /><E26/><N who="2" m="10347" /><F3/><W51/><G86/><N who="2" m="33385" /><F83/><W133/><G133/><T72/><D72/><U117/><E117/><V80/><F80/><W79/><G79/><T20/><D76/><U63/><AGARI ba="0,0" hai="16,19,53,54,55,63,66,68,75,78,82" m="48139" machi="63" ten="40,2700,0" yaku="18,1,54,1" doraHai="5" who="1" fromWho="1" sc="231,-7,259,27,279,-13,231,-7" /><INIT seed="3,0,0,0,0,16" ten="224,286,266,224" oya="3" hai0="84,60,54,61,45,69,105,11,80,130,25,23,122" hai1="51,50,89,13,33,107,133,91,95,27,30,49,126" hai2="86,97,110,18,124,7,10,52,9,123,70,115,83" hai3="125,101,100,17,28,120,109,24,81,94,35,22,44"/><W2/><G120/><T117/><D122/><U118/><E107/><V79/><F115/><W78/><G125/><T128/><D117/><U102/><E118/><V121/><F124/><W36/><G2/><T71/><D105/><U88/><E126/><V98/><F70/><N who="0" m="26634" /><D11/><U43/><E13/><V1/><F110/><W56/><G109/><T26/><D26/><U32/><E133/><V131/><F131/><N who="0" m="50218" /><D45/><U41/><REACH who="1" step="1"/><E33/><REACH who="1" ten="224,276,266,224" step="2"/><V106/><F121/><W112/><G112/><T42/><D42/><U62/><E62/><V132/><F123/><W47/><G36/><T63/><D63/><U64/><E64/><V92/><F132/><W59/><G47/><T68/><D68/><U37/><E37/><V99/><F106/><W76/><G44/><T87/><D61/><U114/><E114/><V96/><F1/><W4/><G56/><T53/><D60/><U21/><E21/><V14/><F9/><W85/><G59/><T93/><D23/><U29/><E29/><V3/><F3/><W82/><G35/><T77/><D54/><U6/><E6/><V73/><F7/><W103/><G4/><T108/><D53/><U34/><E34/><V0/><F0/><W119/><G119/><T48/><D108/><U55/><E55/><V38/><F38/><W46/><G46/><T31/><D31/><U12/><E12/><V15/><F14/><W66/><G66/><T113/><D113/><U129/><E129/><V5/><F5/><W90/><G28/><T135/><D135/><U104/><E104/><V127/><F127/><W65/><G65/><T40/><D40/><RYUUKYOKU ba="0,1" sc="224,-15,276,15,266,-15,224,15" hai1="27,30,32,41,43,49,50,51,88,89,91,95,102" hai3="17,22,24,76,78,81,82,85,90,94,100,101,103" /><INIT seed="3,1,1,4,3,19" ten="209,291,251,239" oya="3" hai0="111,52,109,76,32,99,22,131,50,98,84,114,61" hai1="79,75,70,40,5,65,28,36,10,43,54,7,81" hai2="57,4,126,104,107,97,15,60,23,46,38,13,101" hai3="90,135,113,17,21,18,125,124,34,73,92,41,68"/><W82/><G113/><T115/><D131/><U87/><E28/><V71/><F126/><N who="3" m="48747" /><G34/><T110/><D32/><U116/><E116/><V106/><F71/><W127/><N who="3" m="48755" /><W133/><DORA hai="53" /><G68/><T93/><D61/><U56/><E75/><V42/><F13/><N who="3" m="9391" /><G41/><T35/><D35/><U20/><E36/><V132/><F132/><W117/><G117/><T3/><D3/><U63/><E5/><V96/><F96/><N who="0" m="36906" /><D22/><U69/><E20/><V83/><F4/><W29/><G29/><T89/><D76/><U9/><E70/><V6/><F6/><W128/><G18/><T66/><D66/><U64/><E10/><V58/><F23/><W24/><G24/><T95/><D95/><U108/><E108/><N who="0" m="27649" /><T86/><DORA hai="77" /><D86/><U1/><E65/><V49/><F104/><W11/><G11/><T105/><D105/><U103/><E103/><V94/><F107/><W72/><G128/><T51/><D51/><AGARI ba="1,1" hai="1,7,9,40,43,51,54,56,63,64,69,79,81,87" machi="51" ten="30,3900,0" yaku="7,1,52,2" doraHai="19,53,77" who="1" fromWho="0" sc="209,-42,291,52,251,0,239,0" owari="167,-33.3,343,44.3,251,5.1,239,-16.1" /></mjloggm>