<mjloggm ver="2.3"><GO type="225" lobby="0"/><UN n0="%72%65%6E%6B%75%6E" n1="%E3%83%96%E3%83%83%E3%83%91%E3%82%AA%E3%83%96%E3%83%81%E3%82%AD%E3%83%B3" n2="%73%69%67%65%6E%6F%72%69" n3="%E5%A4%8F%E9%88%B4%E9%88%B4%E5%A4%8F" dan="17,16,18,16" rate="2220.40,2168.47,2267.85,2073.86" sx="M,M,M,M"/><TAIKYOKU oya="0"/><INIT seed="0,0,0,0,2,0" ten="250,250,250,250" oya="0" hai0="100,97,22,16,129,42,79,121,6,40,116,109,105" hai1="112,1,3,66,101,71,98,32,55,65,15,92,10" hai2="51,60,126,128,113,123,86,45,78,8,107,62,67" hai3="75,46,90,56,26,77,110,99,82,33,63,23,2"/><T104/><D116/><U84/><E32/><V38/><F113/><W37/><G110/><T118/><D121/><U31/><E112/><V35/><F123/><W19/><G2/><T36/><D118/><U85/><E31/><V27/><F107/><W120/><G120/><T68/><D68/><U87/><E71/><V119/><F38/><W70/><G33/><T80/><D109/><U57/><E1/><V132/><F119/><W17/><G70/><T96/><D129/><U24/><E24/><V124/><F128/><W93/><G46/><T13/><D36/><U48/><REACH who="1" step="1"/><E3/><REACH who="1" ten="250,240,250,250" step="2"/><V30/><F27/><W114/><G114/><T131/><D131/><U43/><E43/><V18/><F30/><W125/><G125/><T12/><D40/><U115/><E115/><V61/><F35/><W69/><G69/><T44/><D12/><U49/><E49/><V50/><F50/><W11/><G37/><T58/><D42/><U103/><E103/><V7/><F51/><W47/><G47/><T130/><D44/><U135/><E135/><V52/><F132/><W39/><G39/><T88/><D130/><U76/><E76/><V41/><F41/><W64/><G11/><N who="0" m="4343" /><D58/><U14/><E14/><V102/><F126/><W95/><G17/><AGARI ba="0,1" hai="10,15,17,48,55,57,65,66,84,85,87,92,98,101" machi="17" ten="40,2600,0" yaku="1,1,8,1,53,0" doraHai="0" doraHaiUra="72" who="1" fromWho="3" sc="250,0,240,36,250,0,250,-26" /><INIT seed="1,0,0,2,4,37" ten="250,276,250,224" oya="1" hai0="126,0,39,117,30,4,85,87,95,5,70,43,14" hai1="49,97,23,34,96,106,21,110,6,129,62,120,109" hai2="73,58,60,15,93,134,92,94,45,59,33,27,19" hai3="133,135,38,9,52,132,31,50,46,26,47,56,22"/><U107/><E34/><V102/><F73/><W66/><G38/><T28/><D70/><U111/><E120/><V24/><F134/><W123/><G123/><T64/><D64/><U125/><E6/><V74/><F74/><W108/><G108/><N who="1" m="27650" /><U11/><DORA hai="20" /><E11/><N who="2" m="6655" /><F33/><W12/><REACH who="3" step="1"/><G66/><REACH who="3" ten="250,276,250,214" step="2"/><T113/><D39/><U121/><E121/><V128/><F128/><W80/><G80/><T68/><D113/><U48/><E129/><V112/><F112/><W122/><G122/><T98/><D117/><U61/><E125/><V10/><F93/><W1/><G1/><T118/><D118/><U41/><E107/><V8/><F94/><W86/><G86/><T51/><D126/><U57/><E106/><V130/><F130/><W99/><G99/><T2/><D2/><U131/><E131/><V36/><F36/><W44/><G44/><T25/><D0/><U101/><E97/><N who="2" m="59687" /><F45/><W115/><G115/><T7/><D95/><U69/><E96/><V54/><F59/><W17/><AGARI ba="0,1" hai="9,12,17,22,26,31,46,47,50,52,56,132,133,135" machi="17" ten="30,8000,1" yaku="1,1,0,1,20,1,52,1,54,1,53,0" doraHai="37,20" doraHaiUra="63,32" who="3" fromWho="3" sc="250,-20,276,-40,250,-20,214,90" /><INIT seed="2,0,0,1,4,36" ten="230,236,230,304" oya="2" hai0="32,2,57,9,53,1,126,56,43,62,35,49,118" hai1="119,42,28,24,19,38,31,111,55,122,120,14,69" hai2="124,135,79,104,60,78,61,87,17,59,66,52,101" hai3="48,54,0,68,20,85,116,76,21,112,133,134,114"/><V94/><F135/><N who="3" m="51723" /><G0/><T67/><D126/><U108/><E69/><V74/><F124/><W37/><G37/><T96/><D118/><U58/><E119/><V106/><F74/><W63/><G116/><T73/><D73/><U105/><E105/><V12/><F106/><W41/><G41/><T125/><D125/><U81/><E81/><V103/><F104/><W10/><G10/><T7/><D1/><U27/><E38/><V99/><F101/><W98/><G98/><T29/><D29/><N who="1" m="11339" /><E58/><N who="2" m="37143" /><F87/><W86/><G63/><T100/><REACH who="0" step="1"/><D43/><REACH who="0" ten="220,236,230,304" step="2"/><U23/><E42/><V131/><F131/><W65/><G114/><T8/><D8/><AGARI ba="0,1" hai="8,12,17,52,59,61,78,79,94,99,103" m="37143" machi="8" ten="30,2900,0" yaku="8,1,54,1" doraHai="36" who="2" fromWho="0" sc="220,-29,236,0,230,39,304,0" /><INIT seed="2,1,0,5,4,4" ten="191,236,269,304" oya="2" hai0="100,69,119,106,55,37,27,125,84,75,48,1,65" hai1="93,12,135,97,14,54,57,43,62,108,74,35,38" hai2="98,42,96,9,51,44,113,32,129,90,105,128,79" hai3="28,29,102,49,103,114,89,34,85,61,11,50,99"/><V118/><F113/><W26/><G114/><T73/><D37/><U3/><E35/><V121/><F118/><W67/><G29/><T46/><D119/><U63/><E74/><V45/><F121/><W66/><G67/><T124/><D1/><U70/><E3/><V95/><F32/><W58/><G11/><T2/><D2/><U132/><E108/><V25/><F79/><W23/><G34/><T53/><D27/><U127/><E127/><V101/><F25/><W52/><G66/><T60/><D84/><U59/><E70/><V77/><F77/><W20/><G20/><T21/><D21/><U111/><E111/><V36/><REACH who="2" step="1"/><F9/><REACH who="2" ten="191,236,259,304" step="2"/><W19/><G28/><T71/><D71/><U107/><E132/><V76/><F76/><W22/><G23/><T126/><REACH who="0" step="1"/><D55/><AGARI ba="1,1" hai="36,42,44,45,51,55,90,95,96,98,101,105,128,129" machi="55" ten="40,2000,0" yaku="1,1,53,0" doraHai="4" doraHaiUra="115" who="2" fromWho="0" sc="191,-23,236,0,259,33,304,0" /><INIT seed="2,2,0,0,5,96" ten="168,236,292,304" oya="2" hai0="7,21,95,63,121,67,99,4,120,94,130,29,1" hai1="12,30,68,9,24,22,86,123,18,105,57,58,77" hai2="45,0,128,53,65,90,72,122,75,47,135,59,28" hai3="98,89,91,85,124,114,16,27,6,103,8,5,81"/><V23/><F0/><W83/><G124/><T51/><D130/><U31/><E123/><V113/><F122/><W26/><G114/><T46/><D120/><U73/><E68/><V80/><F113/><W116/><G116/><T112/><D112/><U125/><E125/><V2/><F2/><W129/><G129/><T69/><D121/><U52/><E105/><V110/><F135/><W66/><G66/><T84/><D1/><U70/><E70/><V108/><F128/><W106/><G8/><T19/><D29/><U49/><E73/><V76/><F72/><W111/><G111/><N who="2" m="42537" /><F90/><W54/><G54/><T127/><D94/><U34/><E34/><V61/><F65/><W55/><G55/><T11/><D84/><U78/><E31/><V32/><F23/><W17/><G91/><T50/><D11/><U64/><REACH who="1" step="1"/><E86/><REACH who="1" ten="168,226,292,304" step="2"/><V133/><F133/><W10/><G85/><T33/><D33/><U3/><E3/><V107/><F107/><W71/><G106/><T40/><D127/><U87/><E87/><V115/><F115/><W38/><G71/><T36/><D4/><U43/><E43/><V44/><F28/><W74/><G5/><T97/><D7/><U109/><E109/><V118/><F32/><W88/><G6/><T93/><D99/><U15/><E15/><V48/><F118/><W79/><G98/><T117/><D117/><U100/><E100/><V56/><F75/><W131/><G103/><T134/><D134/><U20/><E20/><V102/><F102/><W42/><G74/><T126/><D126/><U101/><E101/><V92/><F80/><RYUUKYOKU ba="2,1" sc="168,-10,226,30,292,-10,304,-10" hai1="9,12,18,22,24,30,49,52,57,58,64,77,78" /><INIT seed="3,3,1,1,3,135" ten="158,256,282,294" oya="3" hai0="108,14,71,88,104,24,35,83,129,91,117,66,73" hai1="50,99,33,8,128,78,132,70,31,122,75,37,96" hai2="101,106,118,29,46,20,126,95,30,89,125,1,100" hai3="47,121,51,6,107,123,103,77,23,40,76,84,49"/><W113/><G113/><T58/><D117/><U87/><E122/><V134/><F118/><W7/><G107/><T131/><D104/><U63/><E37/><V22/><F1/><W80/><G77/><T26/><D71/><U57/><E75/><V85/><F134/><W93/><G51/><T114/><D114/><U45/><E132/><V3/><F3/><W120/><G23/><N who="2" m="8745" /><F46/><W81/><G80/><T90/><D14/><U109/><E87/><V64/><F64/><W94/><REACH who="3" step="1"/><G103/><REACH who="3" ten="158,256,282,284" step="2"/><N who="2" m="39497" /><F106/><W56/><G56/><T25/><D108/><U9/><E57/><V130/><F130/><N who="0" m="49674" /><D35/><U92/><E33/><V28/><F28/><W65/><G65/><T27/><N who="0" m="6144" /><DORA hai="59" /><T18/><D18/><U111/><E31/><N who="2" m="11787" /><F126/><W79/><G79/><N who="0" m="44527" /><D58/><U55/><E128/><V12/><F125/><W44/><G44/><T48/><D66/><U67/><E67/><V36/><F36/><W127/><G127/><T124/><D124/><U16/><E45/><V11/><F11/><W82/><G82/><T61/><D48/><U68/><E50/><V42/><F42/><W41/><G41/><T21/><D21/><U115/><E8/><V116/><F116/><W60/><G60/><AGARI ba="3,2" hai="60,61,88,90,91" m="44527,6144,49674" machi="60" ten="50,8000,1" yaku="19,1,52,2,54,1" doraHai="135,59" who="0" fromWho="3" sc="158,109,256,0,282,0,284,-89" /><INIT seed="4,0,0,0,3,133" ten="267,256,282,195" oya="0" hai0="131,0,58,74,34,92,21,61,80,135,90,64,91" hai1="102,12,117,35,25,134,111,19,63,17,85,109,33" hai2="100,104,107,132,116,105,13,60,120,9,10,72,1" hai3="68,5,31,24,67,124,106,2,42,128,130,11,30"/><T78/><D34/><N who="1" m="12811" /><E102/><V118/><F120/><W41/><G106/><T50/><D135/><U66/><E85/><V4/><F132/><W77/><G77/><T16/><D131/><N who="3" m="50217" /><G67/><T22/><D0/><U87/><E87/><V86/><F72/><W39/><G68/><T3/><D3/><U47/><E47/><V99/><F60/><W27/><G39/><T38/><D38/><U46/><E46/><V36/><F36/><W49/><G49/><T93/><D50/><U94/><E94/><V28/><F28/><N who="3" m="10795" /><G42/><T88/><REACH who="0" step="1"/><D22/><REACH who="0" ten="257,256,282,195" step="2"/><U81/><E134/><V75/><F1/><N who="3" m="431" /><G41/><T119/><D119/><U79/><E117/><V84/><F118/><W103/><G103/><T54/><D54/><U15/><E111/><V126/><F116/><W56/><G124/><T44/><D44/><U127/><E109/><V83/><F126/><W101/><G101/><T108/><D108/><U89/><E127/><V59/><F100/><W65/><G2/><T73/><D73/><U57/><E66/><V52/><F107/><W96/><G96/><T110/><D110/><U20/><E63/><AGARI ba="0,1" hai="24,27,56,63,65" m="431,10795,50217" machi="63" ten="30,1000,0" yaku="19,1" doraHai="133" who="3" fromWho="1" sc="257,0,256,-10,282,0,195,20" /><INIT seed="5,0,0,0,5,68" ten="257,246,282,215" oya="1" hai0="12,34,7,87,50,42,21,24,26,89,88,38,97" hai1="76,18,103,78,28,126,73,62,128,27,90,112,66" hai2="29,98,86,31,113,92,17,14,82,4,100,51,56" hai3="40,58,16,54,118,102,125,22,8,109,47,1,77"/><U35/><E112/><V114/><F4/><W44/><G109/><T32/><D38/><U74/><E128/><V45/><F56/><W131/><G131/><T60/><D60/><U91/><E103/><V121/><F121/><W79/><G125/><T46/><D34/><U0/><E126/><V95/><F95/><W71/><G71/><T84/><D32/><U132/><E132/><V61/><F61/><W85/><G118/><T69/><D69/><U94/><E0/><V119/><F119/><W80/><G102/><T43/><D97/><U111/><E111/><V101/><F101/><W123/><G123/><T48/><D7/><U135/><E135/><V59/><F59/><W41/><G79/><T67/><D67/><U115/><E115/><N who="2" m="44043" /><F17/><W36/><G8/><T65/><D65/><U20/><E74/><V72/><F14/><W9/><G9/><T70/><D70/><U19/><E73/><V96/><F96/><W93/><G93/><T10/><D10/><U52/><E66/><V134/><F72/><W15/><G1/><T120/><D12/><N who="1" m="9287" /><E19/><V5/><F5/><W13/><G15/><T37/><D120/><U122/><E122/><V39/><F39/><W105/><G105/><T133/><D37/><U75/><E75/><V107/><F107/><W110/><G110/><T57/><D133/><U3/><E3/><V33/><F33/><W53/><REACH who="3" step="1"/><G58/><REACH who="3" ten="257,246,282,205" step="2"/><T116/><D57/><N who="1" m="35111" /><E94/><V81/><F134/><W11/><G11/><T63/><D116/><U99/><E99/><V49/><F98/><W2/><G2/><T104/><D104/><U23/><E35/><RYUUKYOKU ba="0,1" sc="257,-15,246,15,282,-15,205,15" hai1="23,27,28,76,78,90,91" hai3="13,16,22,36,40,41,44,47,53,54,77,80,85" /><INIT seed="5,1,1,0,1,66" ten="242,261,267,220" oya="1" hai0="30,69,11,43,109,82,95,87,102,131,134,65,39" hai1="46,52,2,5,127,112,35,15,119,21,86,14,72" hai2="75,63,32,89,132,45,33,51,16,108,114,36,23" hai3="17,60,41,80,94,129,104,130,6,97,50,61,40"/><U106/><E72/><V58/><F108/><W13/><G104/><T59/><D109/><U135/><E119/><V98/><F36/><W1/><G6/><T85/><D30/><U70/><E106/><V44/><F75/><W20/><G1/><T25/><D25/><U8/><E35/><V12/><F114/><W133/><G133/><T10/><D69/><U118/><E70/><V4/><F132/><W62/><G80/><T27/><D27/><U48/><E135/><V120/><F120/><W29/><G29/><T0/><D0/><U107/><E107/><V88/><F4/><W128/><REACH who="3" step="1"/><G50/><REACH who="3" ten="242,261,267,210" step="2"/><T9/><D134/><U49/><E49/><V47/><F51/><W22/><G22/><T83/><D83/><U71/><E48/><V42/><F33/><W115/><G115/><T28/><D28/><U76/><E5/><V77/><F32/><W90/><AGARI ba="1,2" hai="13,17,20,40,41,60,61,62,90,94,97,128,129,130" machi="90" ten="40,5200,0" yaku="1,1,0,1,19,1,53,0" doraHai="66" doraHaiUra="78" who="3" fromWho="3" sc="242,-14,261,-27,267,-14,210,75" /><INIT seed="6,0,0,2,5,60" ten="228,234,253,285" oya="2" hai0="33,1,30,27,118,37,16,64,42,71,17,56,52" hai1="131,40,74,108,76,28,3,20,38,81,116,77,107" hai2="115,111,83,70,51,132,130,122,82,62,19,133,39" hai3="119,113,41,112,86,98,66,23,50,121,85,53,57"/><V15/><F39/><W44/><G119/><T48/><D1/><U135/><E116/><V125/><F115/><N who="3" m="44107" /><G121/><T95/><D118/><U31/><E108/><V29/><F29/><W105/><G66/><T78/><D78/><U117/><E117/><V59/><F122/><W18/><G98/><T101/><D95/><U9/><E131/><V93/><F93/><W103/><G103/><T110/><D101/><U22/><E135/><V91/><F51/><N who="3" m="30911" /><G105/><T34/><D34/><U68/><E77/><V69/><F111/><W87/><G87/><T100/><D100/><U88/><E68/><V21/><F130/><W24/><AGARI ba="0,0" hai="18,23,24,41,44,50,85,86" m="30911,44107" machi="24" ten="30,2000,0" yaku="15,1,11,1" doraHai="60" who="3" fromWho="3" sc="228,-5,234,-5,253,-10,285,20" owari="223,-27.7,229,-17.1,243,4.3,305,40.5" /></mjloggm>