<mjloggm ver="2.3"><GO type="225" lobby="0"/><UN n0="%E7%9A%AE%E3%80%85" n1="%E7%8D%A3%E8%87%AD%E3%81%84%E8%82%89%E7%90%83" n2="%E3%83%A9%E3%82%A4%E3%83%B3%E3%81%AE%E8%99%8E" n3="%E3%82%AF%E3%82%A3%E3%82%A6" dan="16,16,16,16" rate="2078.33,2110.14,2136.71,2062.61" sx="F,M,M,M"/><TAIKYOKU oya="0"/><INIT seed="0,0,0,3,2,100" ten="250,250,250,250" oya="0" hai0="17,91,117,53,50,86,102,71,69,81,39,62,89" hai1="114,32,96,6,79,60,77,99,133,14,61,35,56" hai2="26,110,51,78,134,33,1,43,107,131,67,113,44" hai3="74,73,132,28,25,66,58,57,112,108,16,127,48"/><T115/><D115/><U97/><E114/><V0/><F113/><W124/><G112/><RYUUKYOKU type="kaze4" ba="0,0" sc="250,0,250,0,250,0,250,0" /><INIT seed="0,1,0,5,3,132" ten="250,250,250,250" oya="0" hai0="83,6,61,110,46,134,82,21,128,126,45,33,40" hai1="120,66,107,16,42,112,92,109,123,129,50,63,4" hai2="23,55,17,49,10,105,37,122,103,131,27,90,130" hai3="91,57,38,80,133,9,59,125,0,30,31,24,78"/><T52/><BYE who="3" /><D134/><U101/><E109/><UN n3="%E3%82%AF%E3%82%A3%E3%82%A6" /><V85/><F37/><W89/><G133/><T35/><D110/><U71/><E129/><N who="2" m="49163" /><F122/><W67/><G38/><T1/><D128/><U77/><E112/><V11/><F103/><W48/><G48/><T2/><D21/><U118/><E118/><V94/><F105/><W64/><G0/><T69/><D61/><U44/><E4/><V32/><F32/><W25/><G9/><T62/><D62/><U113/><E113/><V28/><F28/><W53/><G80/><T124/><D6/><U116/><E116/><V88/><F90/><W8/><G8/><T106/><D69/><U39/><E77/><V47/><AGARI ba="1,0" hai="10,11,17,23,27,47,49,55,85,88,94" m="49163" machi="47" ten="30,2000,0" yaku="19,1,54,1" doraHai="132" who="2" fromWho="2" sc="250,-11,250,-6,250,23,250,-6" /><INIT seed="1,0,0,4,2,2" ten="239,244,273,244" oya="1" hai0="77,68,120,42,54,135,64,38,59,87,71,36,94" hai1="110,119,81,67,118,85,3,62,29,1,57,98,30" hai2="72,122,44,46,127,92,131,16,113,27,124,123,93" hai3="63,69,126,79,58,10,45,49,101,47,133,39,35"/><U74/><E74/><V11/><F72/><W56/><G35/><T12/><D12/><U37/><E37/><N who="0" m="14441" /><D94/><N who="2" m="36458" /><F131/><W24/><G24/><T97/><D97/><U80/><E98/><V115/><F27/><W128/><G101/><T52/><D87/><U99/><E99/><V95/><N who="2" m="36466" /><V28/><DORA hai="26" /><F28/><W75/><G75/><T13/><D13/><U84/><E110/><V90/><F90/><W78/><G126/><N who="2" m="48169" /><F11/><W76/><G128/><T7/><D7/><U121/><E121/><N who="2" m="46091" /><F16/><W96/><G96/><T83/><D120/><U89/><E3/><V100/><F100/><W31/><G10/><T21/><D21/><U104/><E1/><V41/><F41/><N who="3" m="22719" /><G31/><T70/><D42/><U25/><E30/><V88/><F88/><W109/><G109/><T6/><D6/><U19/><E19/><V51/><F51/><W55/><G79/><T53/><D77/><U22/><E104/><V18/><F18/><W5/><G5/><T129/><D129/><U117/><E117/><V33/><F33/><W132/><G78/><AGARI ba="0,0" hai="22,25,29,57,62,67,78,80,81,84,85,89,118,119" machi="78" ten="30,2900,0" yaku="7,1,52,1" doraHai="2,26" who="1" fromWho="3" sc="239,0,244,29,273,0,244,-29" /><INIT seed="1,1,0,1,0,67" ten="239,273,273,215" oya="1" hai0="96,119,94,109,35,52,15,65,98,114,100,45,112" hai1="81,116,131,27,77,60,19,132,31,118,71,48,72" hai2="41,78,64,125,55,4,130,87,75,50,46,127,74" hai3="95,126,108,42,58,39,82,68,106,122,69,34,26"/><U120/><E120/><V62/><F4/><W16/><G122/><T40/><D119/><U86/><E132/><V88/><F130/><W110/><G126/><N who="2" m="48137" /><F78/><W11/><G106/><T117/><D117/><U93/><E131/><V105/><F41/><W38/><G82/><T103/><D35/><U66/><E19/><V84/><F84/><W61/><G95/><T79/><D79/><U13/><E13/><V47/><F46/><N who="3" m="23895" /><G39/><T0/><D0/><U70/><E70/><N who="2" m="42263" /><F105/><W30/><G11/><T63/><D109/><N who="3" m="42089" /><G16/><T102/><D15/><U92/><E48/><V3/><F3/><W18/><G18/><T104/><D100/><U14/><E14/><V36/><F36/><W29/><G29/><T83/><D83/><AGARI ba="1,0" hai="47,50,55,74,75,83,87,88" m="42263,48137" machi="83" ten="30,3900,0" yaku="18,1,52,1,54,1" doraHai="67" who="2" fromWho="0" sc="239,-42,273,0,273,42,215,0" /><INIT seed="2,0,0,3,3,17" ten="197,273,315,215" oya="2" hai0="100,129,3,19,23,83,132,40,134,110,130,64,66" hai1="32,109,102,85,9,116,114,57,105,104,126,131,65" hai2="8,50,5,107,87,127,60,72,15,47,61,128,10" hai3="122,111,31,45,13,88,70,68,77,78,113,41,125"/><V117/><F72/><W108/><G122/><T106/><D3/><U14/><E116/><V22/><F107/><W30/><G113/><T75/><D40/><U52/><E114/><V120/><F120/><W92/><G125/><T56/><D100/><U135/><E126/><V81/><F128/><N who="0" m="49258" /><D106/><U0/><E131/><V93/><F93/><W124/><G124/><T115/><D115/><U1/><E109/><N who="3" m="42058" /><G13/><N who="0" m="9711" /><D110/><U101/><E135/><N who="0" m="51753" /><D56/><U6/><E105/><V97/><F127/><W67/><G78/><AGARI ba="0,0" hai="64,66,75,78,83" m="51753,9711,49258" machi="78" ten="30,3900,0" yaku="19,1,20,1,52,1" doraHai="17" who="0" fromWho="3" sc="197,39,273,0,315,0,215,-39" /><INIT seed="3,0,0,5,5,27" ten="236,273,315,176" oya="3" hai0="18,50,42,92,130,8,69,3,88,66,82,13,59" hai1="120,24,23,56,67,9,119,71,111,104,113,4,33" hai2="95,84,115,26,110,31,30,91,79,96,29,90,124" hai3="99,89,46,11,7,112,127,81,22,62,14,6,94"/><W131/><G131/><T48/><D3/><U1/><E120/><V15/><F115/><W121/><G127/><T75/><D130/><U20/><E113/><V122/><F110/><W109/><G112/><T133/><D133/><U19/><E111/><V93/><F124/><W102/><G109/><T106/><D106/><U17/><E71/><V83/><F122/><W39/><G121/><T126/><D126/><U63/><E119/><V16/><F26/><W34/><G34/><T128/><D128/><U36/><E36/><V40/><F40/><W64/><G22/><T58/><D69/><U35/><E104/><V107/><F107/><W108/><G108/><T74/><D82/><U116/><E116/><V55/><F55/><W98/><G81/><T41/><D74/><U100/><E100/><N who="2" m="60431" /><F95/><N who="3" m="58719" /><G39/><T123/><D75/><U28/><REACH who="1" step="1"/><E17/><REACH who="1" ten="236,263,315,176" step="2"/><V52/><F52/><W45/><G6/><T65/><D123/><U57/><E57/><AGARI ba="0,1" hai="7,11,14,45,46,57,62,64,89,94,99" m="58719" machi="57" ten="30,1500,0" yaku="8,1" doraHai="27" who="3" fromWho="1" sc="236,0,263,-15,315,0,176,25" /><INIT seed="3,1,0,3,3,87" ten="236,248,315,201" oya="3" hai0="48,135,58,38,51,47,3,82,93,75,83,23,104" hai1="119,52,29,133,34,131,30,39,134,19,106,15,32" hai2="20,6,7,10,56,107,130,4,117,94,71,132,57" hai3="59,40,62,109,98,110,95,101,61,26,111,112,70"/><W2/><G112/><T115/><D104/><U53/><E131/><V65/><F117/><W37/><G2/><T114/><D3/><U116/><E106/><V91/><F107/><W60/><G70/><T42/><D135/><N who="1" m="51723" /><E39/><V122/><F132/><W77/><G77/><T102/><D23/><N who="1" m="11775" /><E52/><V86/><F130/><W64/><REACH who="3" step="1"/><G26/><REACH who="3" ten="236,248,315,191" step="2"/><T67/><D114/><U76/><E76/><V127/><F71/><W69/><G69/><T126/><D115/><U129/><E129/><V9/><F122/><W105/><G105/><T78/><D126/><U100/><E100/><V31/><F127/><W45/><AGARI ba="1,1" hai="37,40,45,59,60,61,62,64,95,98,101,109,110,111" machi="45" ten="40,12000,1" yaku="1,1,0,1,14,1,10,1,53,0" doraHai="87" doraHaiUra="8" who="3" fromWho="3" sc="236,-41,248,-41,315,-41,191,133" owari="195,-30.5,207,-19.3,274,7.4,324,42.4" /></mjloggm>