<mjloggm ver="2.3"><GO type="225" lobby="0"/><UN n0="%E3%83%9D%E3%82%B1%E3%83%83%E3%83%88" n1="%E3%82%8A%E3%81%93%E3%82%8A%E3%82%93%E3%81%94" n2="%72%69%6F%75%63%68%61%6E" n3="%E5%8D%A0%E3%81%84%E5%B8%AB%E8%A3%8F%E3%81%AA%E3%81%84%E3%81%97" dan="16,17,16,17" rate="2072.71,2215.83,2191.28,2177.19" sx="M,M,M,M"/><TAIKYOKU oya="0"/><INIT seed="0,0,0,0,3,61" ten="250,250,250,250" oya="0" hai0="48,105,74,2,92,54,104,11,93,111,110,16,32" hai1="97,118,3,77,55,12,7,90,5,107,4,29,113" hai2="102,58,50,19,106,35,81,130,98,96,36,80,59" hai3="28,65,30,120,75,121,41,89,79,88,133,91,100"/><T135/><D74/><U20/><E118/><V53/><F130/><W71/><G100/><T1/><D32/><U86/><E3/><N who="0" m="1033" /><D135/><U70/><E70/><V8/><F36/><W66/><G133/><T83/><D83/><U27/><E113/><V25/><F98/><W109/><G109/><N who="0" m="41483" /><D93/><U99/><E77/><V101/><F102/><W131/><G71/><T26/><D92/><U44/><E12/><V49/><F8/><W119/><G119/><T23/><D11/><U31/><E31/><N who="3" m="11818" /><G41/><T76/><D76/><U69/><E69/><V37/><F35/><W108/><G131/><T38/><D38/><U45/><E107/><V123/><F37/><W60/><G60/><T116/><D116/><U13/><E13/><V128/><F128/><W68/><G68/><T124/><D124/><U33/><E33/><V47/><F123/><N who="3" m="47179" /><G108/><T34/><D34/><U56/><E99/><V73/><F73/><W10/><G10/><T9/><D9/><U64/><E97/><V115/><F115/><W24/><G24/><T17/><D17/><U43/><E27/><V18/><F25/><W52/><G79/><T21/><D21/><U85/><E20/><V125/><F125/><W22/><G22/><T78/><D78/><U57/><E29/><V40/><F18/><W67/><G75/><T95/><D95/><U51/><E7/><V46/><F19/><W39/><G39/><T126/><D126/><U6/><E5/><V112/><F112/><W122/><N who="3" m="47187" /><W62/><DORA hai="63" /><G62/><T103/><D103/><U42/><E6/><V72/><F72/><W134/><G134/><RYUUKYOKU ba="0,0" sc="250,10,250,-30,250,10,250,10" hai0="16,23,26,48,54,104,105" hai2="40,46,47,49,50,53,58,59,80,81,96,101,106" hai3="52,65,66,67,88,89,91" /><INIT seed="0,1,0,4,1,32" ten="260,220,260,260" oya="0" hai0="115,67,112,135,23,91,14,80,7,117,4,101,9" hai1="13,108,0,122,72,15,73,63,34,62,55,21,49" hai2="74,84,116,71,128,68,90,59,92,11,76,46,94" hai3="24,134,93,88,83,132,81,109,119,43,107,29,98"/><T124/><D117/><U120/><E34/><V28/><F116/><W16/><G119/><T77/><D124/><U10/><E108/><V44/><F128/><W25/><G109/><T102/><D135/><N who="3" m="51753" /><G107/><T130/><D130/><U121/><E21/><V79/><F28/><W51/><G29/><T36/><D36/><U35/><E35/><V96/><F59/><W40/><G24/><T53/><D67/><U125/><E125/><V129/><F129/><W100/><G100/><T97/><D4/><U75/><E0/><V70/><F11/><W78/><G51/><T19/><D53/><U106/><E106/><V85/><F74/><N who="3" m="43223" /><G83/><T26/><D91/><U126/><E126/><V17/><F17/><W47/><G47/><N who="2" m="17961" /><F96/><W39/><G39/><T57/><D57/><U61/><REACH who="1" step="1"/><E10/><REACH who="1" ten="260,210,260,260" step="2"/><V82/><F82/><W118/><G118/><T5/><D80/><U87/><E87/><N who="2" m="33355" /><F90/><W95/><G95/><AGARI ba="1,1" hai="68,70,71,76,79,92,94,95" m="33355,17961" machi="95" ten="40,2600,0" yaku="28,2" doraHai="32" who="2" fromWho="3" sc="260,0,210,0,260,39,260,-29" /><INIT seed="1,0,0,1,1,36" ten="260,210,299,231" oya="1" hai0="131,44,14,52,42,63,3,128,98,62,88,119,106" hai1="100,132,1,49,29,107,130,46,99,73,135,74,32" hai2="80,123,78,31,0,30,89,39,60,115,96,65,104" hai3="117,94,122,48,110,75,50,77,59,86,134,20,58"/><U10/><E130/><N who="0" m="49705" /><D3/><U15/><E1/><V103/><F123/><W25/><G122/><T54/><D119/><U85/><E85/><V47/><F115/><W90/><G110/><T114/><D114/><U40/><E29/><V53/><F0/><W43/><G117/><T70/><D14/><U2/><E32/><V18/><F89/><W9/><G134/><N who="1" m="51242" /><E2/><V6/><F6/><AGARI ba="0,0" hai="6,10,15,40,46,49,73,74,99,100,107" m="51242" machi="6" ten="30,2900,0" yaku="20,1,52,1" doraHai="36" who="1" fromWho="2" sc="260,0,210,29,299,-29,231,0" /><INIT seed="1,1,0,4,0,62" ten="260,239,270,231" oya="1" hai0="22,30,86,105,28,5,2,96,77,134,49,125,19" hai1="20,120,73,119,57,81,59,112,47,79,16,65,111" hai2="26,127,3,122,13,60,61,71,114,45,94,64,17" hai3="72,123,10,98,37,121,101,41,32,44,6,113,23"/><U124/><E112/><V58/><F122/><W83/><G113/><T110/><D110/><U80/><E120/><V116/><F116/><W69/><G23/><T107/><D125/><U103/><E119/><V9/><F127/><W95/><G32/><T84/><D134/><U88/><E124/><V29/><F114/><W54/><G54/><T89/><D2/><U36/><E103/><V18/><F3/><N who="3" m="351" /><G69/><T40/><D5/><U126/><E126/><V102/><F45/><W132/><G132/><T90/><D77/><AGARI ba="1,0" hai="37,41,44,72,77,83,95,98,101,121,123" m="351" machi="77" ten="30,1000,0" yaku="25,1" doraHai="62" who="3" fromWho="0" sc="260,-13,239,0,270,0,231,13" /><INIT seed="2,0,0,3,2,50" ten="247,239,270,244" oya="2" hai0="11,15,100,67,60,103,49,127,39,105,46,82,41" hai1="66,51,38,72,99,65,122,9,24,109,27,69,47" hai2="55,128,70,120,126,104,71,28,35,75,119,85,6" hai3="10,21,62,110,19,3,80,93,7,48,5,90,61"/><V77/><F119/><W88/><G110/><T14/><D127/><U124/><E38/><V45/><F120/><W31/><G31/><T18/><D105/><U113/><E113/><V2/><F126/><W12/><G5/><T4/><D39/><U91/><E72/><V56/><F128/><W22/><G22/><T58/><REACH who="0" step="1"/><D82/><REACH who="0" ten="237,239,270,244" step="2"/><U81/><E124/><V68/><F104/><W76/><G48/><T102/><D102/><U94/><E81/><V95/><F95/><W114/><G114/><T8/><AGARI ba="0,1" hai="4,8,11,14,15,18,41,46,49,58,60,67,100,103" machi="8" ten="20,5200,0" yaku="1,1,0,1,7,1,8,1,53,0" doraHai="50" doraHaiUra="34" who="0" fromWho="0" sc="237,62,239,-13,270,-26,244,-13" /><INIT seed="3,0,0,4,3,50" ten="299,226,244,231" oya="3" hai0="74,3,121,43,108,107,8,22,90,30,120,126,59" hai1="122,83,88,2,93,51,112,92,5,135,25,19,23" hai2="80,102,72,98,4,36,132,77,129,45,103,117,47" hai3="125,31,24,20,41,85,82,127,110,9,34,6,39"/><W44/><G34/><T130/><D74/><U76/><E112/><V68/><F129/><W58/><G110/><T65/><D107/><U109/><E122/><V15/><F132/><W13/><REACH who="3" step="1"/><G58/><REACH who="3" ten="299,226,244,221" step="2"/><T1/><D108/><U134/><E109/><V75/><F68/><W28/><G28/><T67/><D59/><U48/><E135/><V111/><F111/><W123/><G123/><T87/><D30/><U11/><E134/><V78/><F117/><W54/><G54/><T128/><D121/><U84/><REACH who="1" step="1"/><E93/><REACH who="1" ten="299,216,244,221" step="2"/><V33/><F33/><W133/><G133/><T52/><D120/><U115/><E115/><V86/><F75/><AGARI ba="0,2" hai="2,5,11,19,23,25,48,51,75,76,83,84,88,92" machi="75" ten="30,3900,0" yaku="1,1,7,1,54,1,53,0" doraHai="50" doraHaiUra="64" who="1" fromWho="2" sc="299,0,216,59,244,-39,221,0" /><INIT seed="4,0,0,3,4,131" ten="299,275,205,221" oya="0" hai0="30,70,115,49,34,32,10,100,13,101,117,78,48" hai1="127,64,91,124,89,47,15,66,23,97,51,35,59" hai2="90,22,39,82,2,129,33,16,29,74,76,86,9" hai3="25,75,8,110,0,135,134,87,79,111,31,99,125"/><T55/><D117/><U50/><E35/><V71/><F129/><W7/><G125/><N who="1" m="48202" /><E51/><V17/><F71/><W93/><G87/><T19/><D70/><U73/><E73/><V116/><F116/><W96/><G96/><T69/><D69/><U54/><E97/><V62/><F39/><W27/><G27/><T45/><D115/><U94/><E47/><V24/><F62/><W12/><G12/><T132/><D132/><N who="3" m="50729" /><G79/><T105/><D105/><U77/><E77/><V3/><F9/><W11/><G8/><T119/><D119/><U38/><E15/><V1/><REACH who="2" step="1"/><F33/><REACH who="2" ten="299,275,195,221" step="2"/><N who="3" m="20719" /><G75/><T108/><D34/><U95/><E38/><V118/><F118/><W56/><G56/><T123/><D32/><U41/><E59/><V14/><F14/><W104/><G104/><T113/><D10/><U53/><E23/><V72/><F72/><W92/><G92/><AGARI ba="0,1" hai="1,2,3,16,17,22,24,29,74,76,82,86,90,92" machi="92" ten="40,2600,0" yaku="1,1,54,1,53,0" doraHai="131" doraHaiUra="6" who="2" fromWho="3" sc="299,0,275,0,195,36,221,-26" /><INIT seed="5,0,0,0,3,63" ten="299,275,231,195" oya="1" hai0="73,35,26,22,62,58,79,10,7,52,38,43,108" hai1="131,102,6,105,126,69,21,96,128,74,104,40,92" hai2="54,91,29,59,50,111,107,33,72,14,45,116,123" hai3="46,3,16,15,124,5,83,42,19,130,110,75,125"/><U77/><E69/><V57/><F116/><W129/><G110/><T18/><D108/><U24/><E6/><V30/><F111/><W115/><G115/><T120/><D120/><U97/><E40/><V87/><F123/><W89/><G5/><T84/><D73/><U81/><E126/><N who="3" m="48746" /><G3/><T11/><D35/><U109/><E109/><V27/><F72/><W71/><G71/><T51/><D38/><U135/><E135/><V93/><F107/><W47/><G47/><N who="0" m="26111" /><D7/><U134/><E134/><V98/><F29/><W114/><G114/><T68/><D68/><U78/><E78/><V118/><F118/><W82/><G89/><T12/><D12/><U117/><E117/><V106/><REACH who="2" step="1"/><F14/><REACH who="2" ten="299,275,221,195" step="2"/><W23/><G19/><T70/><D70/><U48/><E104/><V4/><F4/><W17/><G17/><T88/><D79/><U34/><E105/><V60/><F60/><W67/><G67/><T9/><D10/><U8/><E77/><V32/><F32/><W90/><G75/><T37/><D37/><U20/><E34/><V94/><F94/><AGARI ba="0,1" hai="9,11,18,22,26,52,58,62,84,88,94" m="26111" machi="94" ten="30,3900,0" yaku="8,1,54,2" doraHai="63" who="0" fromWho="2" sc="299,49,275,0,221,-39,195,0" owari="348,44.8,275,7.5,182,-31.8,195,-20.5" /></mjloggm>