<mjloggm ver="2.3"><GO type="225" lobby="0"/><UN n0="%E5%91%A8%E6%9D%B1" n1="%E6%97%A5%E6%9B%9C%E6%97%A5%E3%82%88%E3%82%8A%E3%81%AE%E4%BD%BF%E8%80%85" n2="%E8%A8%88%E7%AE%97%E6%A9%9F%E8%87%AA%E7%84%B6" n3="%E3%81%AF%E3%82%88%E3%81%8A%E3%81%98%E3%81%95%E3%82%93" dan="16,17,17,17" rate="2206.54,2242.35,2149.73,2189.34" sx="M,M,M,M"/><TAIKYOKU oya="0"/><INIT seed="0,0,0,0,2,78" ten="250,250,250,250" oya="0" hai0="63,96,8,79,70,108,13,15,69,41,31,25,125" hai1="117,12,36,97,76,66,24,135,34,132,89,62,98" hai2="85,71,105,65,29,111,95,7,16,86,50,47,21" hai3="114,11,107,4,60,55,58,99,56,131,27,92,73"/><T128/><D128/><U109/><E36/><V112/><F105/><W22/><G131/><T51/><D125/><U26/><E117/><V82/><F112/><W44/><G73/><T83/><D108/><U5/><E76/><N who="2" m="46279" /><F71/><W57/><G107/><T2/><D96/><U134/><E109/><V18/><F65/><W115/><G44/><T19/><D2/><U87/><E5/><V74/><F7/><W30/><G115/><T116/><D116/><U106/><E12/><V9/><F9/><W54/><G54/><T113/><D63/><U20/><E34/><V23/><F74/><W48/><G48/><T42/><D113/><U67/><E67/><V43/><F111/><W17/><G30/><T68/><D51/><U59/><E106/><V33/><F33/><W75/><G75/><T133/><D15/><U90/><E26/><N who="2" m="16591" /><F23/><W119/><G119/><T93/><D133/><U6/><E6/><V77/><F95/><W88/><G114/><T53/><D93/><U121/><E121/><V72/><F72/><W123/><G123/><T103/><D103/><U40/><E20/><V129/><F129/><W102/><G102/><T3/><D3/><AGARI ba="0,0" hai="3,4,11,17,22,27,55,56,57,58,60,88,92,99" machi="3" ten="30,7700,0" yaku="7,1,25,2,54,1" doraHai="78" who="3" fromWho="0" sc="250,-77,250,0,250,0,250,77" /><INIT seed="1,0,0,3,2,20" ten="173,250,250,327" oya="1" hai0="1,49,37,36,92,14,108,94,23,18,66,54,26" hai1="35,105,75,11,91,106,15,116,30,74,135,121,63" hai2="129,57,110,90,10,61,102,97,117,16,34,38,85" hai3="48,119,9,45,13,42,6,69,83,120,3,53,82"/><U101/><E116/><V0/><F38/><W99/><G120/><T5/><D108/><U40/><E121/><V51/><F34/><W62/><G119/><T130/><D130/><U31/><E40/><V59/><F117/><W55/><G3/><T128/><D128/><U27/><E31/><V78/><F78/><W29/><G29/><T87/><D66/><U52/><E91/><V65/><F110/><W88/><G69/><T73/><D73/><U24/><E24/><V47/><F0/><W113/><G113/><T107/><D107/><U98/><E106/><V127/><F127/><W44/><G62/><T71/><D71/><U58/><REACH who="1" step="1"/><E135/><REACH who="1" ten="173,240,250,327" step="2"/><V111/><F111/><W118/><G118/><T17/><D37/><U123/><E123/><V68/><F129/><W76/><G76/><T32/><D36/><U56/><E56/><V77/><F77/><W21/><G45/><T67/><D32/><U12/><E12/><N who="2" m="7191" /><F102/><W131/><G131/><T103/><D103/><U124/><E124/><V100/><F100/><W115/><G115/><T80/><D1/><U39/><E39/><V109/><F109/><W96/><G42/><T22/><D5/><AGARI ba="0,1" hai="5,11,15,27,30,35,52,58,63,74,75,98,101,105" machi="5" ten="30,12000,1" yaku="1,1,7,1,52,1,54,1,53,1" doraHai="20" doraHaiUra="25" who="1" fromWho="0" sc="173,-120,240,130,250,0,327,0" /><INIT seed="1,1,0,0,4,26" ten="53,370,250,327" oya="1" hai0="21,94,61,109,87,33,30,40,55,78,13,60,124" hai1="57,27,67,65,112,103,106,91,44,16,14,111,84" hai2="4,89,123,2,18,41,129,133,38,120,99,11,48" hai3="5,127,1,108,3,134,20,98,107,114,88,47,15"/><U73/><E73/><V6/><F38/><W39/><G114/><T50/><D33/><U93/><E112/><V68/><F68/><W56/><G108/><T81/><D109/><U86/><E111/><V121/><F41/><W118/><G127/><T117/><D124/><U102/><E106/><V34/><F48/><W46/><G134/><T10/><D117/><U58/><E27/><V29/><F89/><W49/><G118/><T77/><D77/><U37/><E37/><V43/><F99/><W53/><G107/><T72/><D72/><U9/><E44/><V71/><F71/><W62/><G46/><T35/><D35/><U8/><E8/><N who="2" m="2071" /><F43/><W96/><G39/><T63/><D94/><U22/><E9/><V100/><F100/><N who="1" m="38441" /><E86/><V64/><F133/><W90/><G1/><T101/><D101/><U17/><E17/><V135/><F18/><N who="3" m="10335" /><G5/><T75/><D75/><U32/><E32/><V116/><F135/><W82/><G3/><T110/><D110/><U74/><E74/><V24/><F116/><W92/><G82/><T52/><D40/><U12/><E12/><N who="2" m="5239" /><F64/><AGARI ba="1,0" hai="14,16,22,57,58,64,65,67,84,91,93" m="38441" machi="64" ten="30,2900,0" yaku="8,1,54,1" doraHai="26" who="1" fromWho="2" sc="53,0,370,32,250,-32,327,0" /><INIT seed="1,2,0,1,1,123" ten="53,402,218,327" oya="1" hai0="29,27,126,20,70,45,63,77,35,129,30,114,60" hai1="38,43,44,25,10,59,64,6,37,81,26,73,122" hai2="40,109,103,62,96,74,132,71,133,127,28,115,125" hai3="94,69,118,88,23,119,49,112,101,2,86,39,105"/><U92/><E122/><V48/><F28/><W66/><G39/><T16/><D114/><U11/><E38/><V0/><F0/><W47/><G112/><T65/><D126/><N who="2" m="48138" /><F74/><W9/><G69/><T98/><D129/><U3/><E92/><V54/><F96/><W117/><G66/><T57/><D77/><N who="1" m="44207" /><E11/><V53/><F103/><W104/><G101/><T128/><D128/><U18/><E18/><V12/><F12/><W61/><G61/><AGARI ba="2,0" hai="3,6,10,25,26,37,43,44,59,61,64" m="44207" machi="61" ten="30,1500,0" yaku="25,1" doraHai="123" who="1" fromWho="3" sc="53,0,402,21,218,0,327,-21" /><INIT seed="1,3,0,3,5,45" ten="53,423,218,306" oya="1" hai0="120,56,76,91,135,48,60,13,3,105,108,83,57" hai1="2,29,97,17,131,100,42,96,89,7,92,27,15" hai2="82,10,9,1,65,121,98,134,49,30,19,118,62" hai3="119,22,40,41,93,44,78,25,16,36,81,11,64"/><U32/><E131/><V70/><F121/><W66/><G119/><T125/><D120/><U106/><E42/><V102/><F118/><W80/><G41/><T85/><D108/><U35/><E2/><V99/><F134/><W103/><G81/><T117/><D135/><U113/><E7/><V18/><F98/><W124/><G124/><T20/><D125/><U123/><E123/><V38/><F38/><W5/><G93/><T114/><D3/><U126/><E126/><V4/><F82/><W130/><G103/><T54/><D105/><U107/><E113/><V33/><F9/><W86/><REACH who="3" step="1"/><G130/><REACH who="3" ten="53,423,218,296" step="2"/><T8/><D117/><U73/><E107/><V39/><F39/><W116/><G116/><T63/><D114/><U79/><E106/><V128/><F128/><W24/><G24/><T28/><D76/><U84/><E100/><V58/><F102/><W67/><G67/><T110/><D110/><U133/><E133/><V74/><F65/><W52/><G52/><T95/><D83/><U53/><E53/><V88/><F74/><W122/><G122/><T132/><D132/><U75/><E79/><V115/><F88/><W90/><G90/><T37/><D37/><U68/><E75/><V21/><F115/><W59/><G59/><T26/><REACH who="0" step="1"/><D57/><REACH who="0" ten="43,423,218,296" step="2"/><U31/><E68/><V69/><F70/><W12/><AGARI ba="3,2" hai="5,11,12,16,22,25,36,40,44,64,66,78,80,86" machi="12" ten="20,5200,0" yaku="1,1,0,1,7,1,54,1,53,0" doraHai="45" doraHaiUra="34" who="3" fromWho="3" sc="43,-16,423,-29,218,-16,296,81" /><INIT seed="2,0,0,4,0,75" ten="27,394,202,377" oya="2" hai0="122,32,24,23,62,20,10,131,53,49,15,72,71" hai1="44,57,129,76,55,135,47,8,56,93,116,91,126" hai2="98,43,133,41,31,25,77,104,111,80,95,89,26" hai3="17,67,37,27,115,119,54,16,33,92,108,121,101"/><V79/><F133/><W28/><G121/><T118/><D72/><U114/><E114/><V35/><F111/><W59/><G119/><T58/><D122/><U46/><E116/><V69/><F69/><W127/><G37/><T45/><D118/><U103/><E135/><V50/><F104/><W64/><G108/><T7/><D131/><U39/><E39/><V94/><F50/><W83/><G115/><T0/><D32/><U120/><E120/><V84/><F25/><W5/><G127/><T22/><D0/><U30/><E129/><V110/><F110/><W61/><G5/><T48/><D71/><U73/><E103/><V9/><F9/><W74/><G101/><T29/><REACH who="0" step="1"/><D49/><REACH who="0" ten="17,394,202,377" step="2"/><U88/><E73/><V105/><F105/><W19/><REACH who="3" step="1"/><G92/><REACH who="3" ten="17,394,202,367" step="2"/><T96/><D96/><U40/><E93/><V34/><F95/><W125/><G125/><T12/><D12/><U87/><E126/><V11/><F34/><W86/><G86/><T3/><D3/><U18/><E87/><V2/><F98/><W85/><G85/><T123/><D123/><U124/><E124/><V63/><F94/><W51/><G51/><T4/><D4/><U78/><E91/><V38/><F38/><W128/><G128/><T21/><D21/><U97/><E88/><V82/><F2/><W66/><G66/><T130/><D130/><U6/><E6/><V90/><F89/><W81/><G81/><N who="2" m="31337" /><F90/><W52/><G52/><T107/><D107/><U113/><E113/><V109/><F84/><W14/><G14/><T102/><D102/><U70/><E97/><V36/><F109/><RYUUKYOKU ba="0,2" sc="17,15,394,-15,202,-15,367,15" hai0="7,10,15,20,22,23,24,29,45,48,53,58,62" hai3="16,17,19,27,28,33,54,59,61,64,67,74,83" /><INIT seed="3,1,2,3,1,113" ten="32,379,187,382" oya="3" hai0="72,58,60,81,121,19,54,17,78,102,57,70,90" hai1="115,98,30,48,2,15,38,93,23,134,53,103,83" hai2="10,61,66,40,69,51,88,116,24,106,37,3,41" hai3="114,108,11,118,59,42,6,132,31,34,56,27,22"/><W94/><G118/><T9/><D121/><U47/><E115/><V126/><F116/><W124/><G114/><T135/><D135/><U131/><E2/><V46/><F106/><W67/><G132/><T119/><D70/><U26/><E134/><V20/><F126/><W68/><G124/><T32/><D32/><U111/><E111/><V97/><F3/><W99/><G108/><T130/><D130/><U84/><E131/><V86/><F97/><W128/><G128/><T33/><D33/><U100/><E38/><V105/><F105/><W101/><G34/><T80/><D102/><N who="1" m="60751" /><E15/><V110/><F10/><W74/><G74/><T25/><D25/><U8/><E8/><V52/><F37/><W13/><REACH who="3" step="1"/><G42/><REACH who="3" ten="32,379,187,372" step="2"/><T107/><D119/><U125/><E125/><V63/><F110/><W117/><G117/><T62/><D107/><U104/><E104/><V1/><F1/><W49/><G49/><T14/><D72/><U45/><E45/><V129/><F61/><AGARI ba="1,3" hai="6,11,13,22,27,31,56,59,61,67,68,94,99,101" machi="61" ten="40,2000,0" yaku="1,1,53,0" doraHai="113" doraHaiUra="79" who="3" fromWho="2" sc="32,0,379,0,187,-23,372,53" owari="32,-46.8,379,17.9,164,-23.6,425,52.5" /></mjloggm>