<mjloggm ver="2.3"><GO type="225" lobby="0"/><UN n0="%E3%83%A9%E3%83%BC%E3%83%A1%E3%83%B3%E4%BA%94%E9%83%8E" n1="%E5%A4%8F%E9%88%B4%E9%88%B4%E5%A4%8F" n2="%E6%A1%9C%E8%8A%B1%E9%96%83%E3%80%85" n3="%E3%83%96%E3%83%83%E3%83%91%E3%82%AA%E3%83%96%E3%83%81%E3%82%AD%E3%83%B3" dan="16,16,16,16" rate="2163.89,2149.24,2124.97,2151.20" sx="M,F,M,M"/><TAIKYOKU oya="0"/><INIT seed="0,0,0,0,1,50" ten="250,250,250,250" oya="0" hai0="119,75,58,3,18,105,15,24,43,28,23,1,128" hai1="66,30,107,73,116,45,127,41,86,135,70,32,123" hai2="31,85,55,29,65,82,53,9,110,87,17,79,39" hai3="47,33,22,20,16,91,90,68,131,42,12,99,7"/><T129/><D105/><U59/><E123/><V89/><F39/><W25/><G131/><N who="0" m="50251" /><D75/><U115/><E116/><V2/><F110/><W80/><G68/><T100/><D100/><U37/><E115/><V125/><F125/><W64/><G64/><T124/><D119/><U88/><E73/><V117/><F65/><W121/><G121/><T122/><D122/><U112/><E112/><V6/><F117/><W111/><G111/><T118/><D118/><U95/><E107/><V97/><F97/><W98/><G33/><N who="0" m="20615" /><D43/><U77/><E127/><V134/><F134/><W21/><G7/><T38/><D38/><U93/><E135/><V109/><F109/><W8/><G25/><T27/><D124/><U101/><E77/><V56/><F17/><W130/><G130/><T54/><D27/><U104/><E104/><V51/><REACH who="2" step="1"/><F55/><REACH who="2" ten="250,250,240,250" step="2"/><W76/><G99/><T5/><D5/><U35/><E66/><V34/><F34/><W103/><G98/><T26/><D26/><U46/><E32/><V102/><F102/><W67/><G103/><T132/><D132/><U113/><E35/><V78/><F78/><W49/><REACH who="3" step="1"/><G67/><REACH who="3" ten="250,250,240,240" step="2"/><T60/><AGARI ba="0,2" hai="1,3,15,18,23,54,58,60" m="20615,50251" machi="60" ten="30,3000,0" yaku="19,1,52,1" doraHai="50" who="0" fromWho="0" sc="250,50,250,-10,240,-10,240,-10" /><INIT seed="0,1,0,3,0,46" ten="300,240,230,230" oya="0" hai0="90,62,42,102,25,5,100,132,93,70,41,131,73" hai1="3,135,110,56,126,124,108,28,23,114,101,34,106" hai2="14,57,130,103,99,117,1,9,97,128,21,96,92" hai3="27,40,95,18,85,4,7,112,12,133,77,68,10"/><T55/><D73/><U61/><E34/><V29/><F117/><W134/><G112/><T91/><D131/><N who="2" m="50218" /><F1/><W115/><G115/><T33/><D132/><N who="3" m="50793" /><G68/><T16/><D5/><U78/><E3/><V6/><F57/><W79/><G40/><T118/><D118/><U19/><E78/><N who="3" m="29706" /><G27/><AGARI ba="1,0" hai="6,9,14,21,27,29,92,96,97,99,103" m="50218" machi="27" ten="30,1000,0" yaku="19,1" doraHai="46" who="2" fromWho="3" sc="300,0,240,0,230,13,230,-13" /><INIT seed="1,0,0,4,5,2" ten="300,240,243,217" oya="1" hai0="18,74,124,55,50,43,87,33,85,94,72,125,9" hai1="27,104,70,36,6,62,82,60,88,65,23,44,28" hai2="117,96,8,52,106,67,63,41,76,5,100,13,32" hai3="77,116,26,120,38,0,81,37,16,3,71,24,34"/><U40/><E104/><V15/><F117/><W61/><G120/><T128/><D33/><U57/><E6/><V122/><F122/><W66/><G116/><T53/><D128/><U31/><E31/><V91/><F32/><W133/><G133/><T7/><D18/><U4/><E4/><V108/><F108/><W99/><G99/><T59/><D43/><U75/><E75/><N who="0" m="28713" /><D55/><U56/><REACH who="1" step="1"/><E62/><REACH who="1" ten="300,230,243,217" step="2"/><V25/><F63/><W118/><G61/><T21/><D7/><U101/><E101/><V134/><F134/><W39/><G118/><T47/><D125/><U1/><E1/><V49/><F100/><W115/><G0/><T35/><D124/><U20/><E20/><V78/><F106/><W126/><G3/><T51/><D21/><U102/><E102/><V73/><F73/><W127/><G126/><T97/><D35/><U131/><E131/><V12/><F5/><W54/><G127/><T119/><D119/><U123/><E123/><V103/><F103/><W46/><G34/><T98/><D9/><U132/><E132/><V80/><F8/><W84/><G16/><T83/><D98/><U113/><E113/><V107/><F96/><W135/><G115/><T30/><D30/><U29/><E29/><V58/><F107/><W86/><G135/><T95/><D97/><U112/><E112/><V111/><F111/><W68/><G86/><AGARI ba="0,1" hai="23,27,28,36,40,44,56,57,60,65,70,82,86,88" machi="86" ten="40,3900,0" yaku="1,1,54,1,53,0" doraHai="2" doraHaiUra="110" who="1" fromWho="3" sc="300,0,230,49,243,0,217,-39" /><INIT seed="1,1,0,1,2,98" ten="300,279,243,178" oya="1" hai0="27,50,81,73,101,6,85,0,68,67,32,14,114" hai1="44,46,113,87,72,20,4,33,99,109,42,69,53" hai2="74,1,56,63,59,52,127,31,133,100,18,38,65" hai3="5,124,130,123,119,96,62,77,40,128,132,17,37"/><U29/><E113/><V2/><F74/><W91/><G123/><T80/><D114/><U76/><E72/><V90/><F127/><W36/><G5/><T97/><D73/><U102/><E69/><V92/><F133/><W111/><G77/><T12/><D0/><U24/><E4/><V61/><F38/><W43/><G17/><T121/><D121/><U126/><E126/><V110/><F110/><W103/><G91/><T95/><D50/><U118/><E118/><V131/><F131/><N who="3" m="50219" /><G124/><T23/><D32/><U45/><E109/><V57/><F31/><W13/><G13/><T86/><D6/><U117/><E53/><V7/><F18/><W70/><G111/><T19/><D67/><U54/><E54/><V11/><F59/><W16/><G16/><T122/><D68/><U107/><E117/><V75/><F75/><W105/><G132/><T48/><D48/><U8/><E8/><V106/><F2/><W94/><G119/><T108/><D108/><U51/><E33/><V84/><REACH who="2" step="1"/><F106/><REACH who="2" ten="300,279,233,178" step="2"/><W79/><G105/><T88/><D122/><U120/><E120/><V41/><F41/><N who="3" m="15947" /><G79/><AGARI ba="1,1" hai="12,14,19,23,27,79,80,81,85,86,88,95,97,101" machi="79" ten="30,7700,0" yaku="7,1,8,1,52,1,54,1" doraHai="98" who="0" fromWho="3" sc="300,90,279,0,233,0,178,-80" /><INIT seed="2,0,0,5,1,86" ten="390,279,233,98" oya="2" hai0="23,47,68,89,90,32,41,118,67,75,126,101,55" hai1="84,56,60,50,25,93,26,14,3,29,125,76,20" hai2="130,54,124,109,35,80,39,70,21,12,16,7,57" hai3="91,42,102,123,135,37,15,48,13,131,22,1,78"/><V18/><F70/><W43/><G123/><T59/><D32/><U10/><E3/><V45/><F124/><W69/><G1/><T119/><D126/><U53/><E125/><V34/><F130/><W40/><G69/><T128/><D75/><U74/><E74/><V95/><F7/><W117/><G37/><N who="0" m="21935" /><D128/><U132/><E132/><V121/><F121/><W122/><G117/><N who="0" m="44555" /><D101/><U79/><E26/><V88/><F109/><W4/><G122/><T100/><D100/><U113/><E113/><V17/><F80/><W30/><G135/><T71/><D23/><U133/><E133/><V81/><F81/><W72/><G102/><T31/><D31/><U85/><E85/><N who="2" m="52623" /><F45/><N who="3" m="25639" /><G72/><T73/><D73/><U2/><E2/><V46/><F46/><W24/><G78/><T44/><D44/><N who="1" m="27847" /><E93/><V104/><F39/><W65/><G131/><T92/><D92/><U33/><E84/><V114/><F114/><W58/><G30/><T0/><D0/><U51/><E33/><N who="2" m="12299" /><F104/><W62/><G22/><T87/><D87/><U64/><E51/><AGARI ba="0,0" hai="12,16,17,18,21,51,54,57" m="12299,52623" machi="51" ten="30,11600,0" yaku="25,1,52,1,54,2" doraHai="86" who="2" fromWho="1" sc="390,0,279,-116,233,116,98,0" /><INIT seed="2,1,0,5,3,37" ten="390,163,349,98" oya="2" hai0="111,92,38,49,103,15,30,45,79,44,6,33,43" hai1="60,18,75,86,99,17,52,91,83,127,36,26,97" hai2="4,47,125,135,10,54,85,88,110,14,31,129,94" hai3="74,13,73,114,100,116,124,133,24,40,28,21,82"/><V108/><F129/><W16/><G116/><T62/><D111/><N who="2" m="42538" /><F135/><W59/><G133/><T3/><D3/><U112/><E36/><V65/><F125/><W121/><G121/><T27/><D79/><U106/><E75/><V89/><F65/><W25/><G124/><T19/><D62/><U34/><E112/><V102/><F31/><W1/><G1/><T5/><D92/><N who="1" m="56479" /><E34/><V126/><F126/><W128/><G128/><T123/><D103/><U58/><E106/><V77/><F77/><W48/><G114/><T109/><D123/><U66/><E26/><V9/><F9/><W93/><G82/><T50/><D109/><U101/><E99/><N who="2" m="59767" /><F85/><W87/><G74/><T105/><D105/><U11/><E101/><V41/><F54/><N who="3" m="32199" /><G73/><T22/><REACH who="0" step="1"/><D38/><AGARI ba="1,0" hai="4,10,14,38,41,47,88,89" m="59767,42538" machi="38" ten="30,11600,0" yaku="14,1,10,1,52,1,54,1" doraHai="37" who="2" fromWho="0" sc="390,-119,163,0,349,119,98,0" /><INIT seed="2,2,0,0,1,20" ten="271,163,468,98" oya="2" hai0="10,107,54,52,131,72,11,12,63,93,27,101,21" hai1="134,77,35,86,85,111,45,75,22,0,97,103,91" hai2="62,115,38,6,61,56,102,104,36,119,74,73,18" hai3="125,60,59,57,112,100,83,124,76,48,120,4,126"/><V113/><F6/><W118/><G100/><T78/><D107/><U64/><E35/><V65/><F18/><W32/><G32/><T37/><D37/><U114/><E0/><V17/><F17/><W89/><G4/><T88/><D131/><U110/><E114/><V47/><F102/><W81/><G118/><T42/><D42/><U66/><E45/><V123/><F104/><W39/><G39/><N who="2" m="14889" /><F74/><W106/><G106/><T29/><D101/><U13/><E134/><V129/><F73/><W26/><G120/><T94/><D94/><N who="1" m="54639" /><E22/><V24/><F24/><W128/><G128/><T96/><D63/><U30/><E86/><V41/><F119/><W121/><G121/><T67/><D67/><U8/><E64/><N who="2" m="38951" /><F123/><W44/><G26/><T109/><D10/><U79/><E30/><V135/><F135/><W3/><G3/><T25/><D25/><U99/><E75/><V28/><F28/><W92/><G76/><T122/><D122/><U7/><E97/><V2/><F2/><W19/><G19/><N who="0" m="8607" /><D72/><U58/><E99/><V33/><F41/><W51/><G125/><T46/><D78/><U55/><E103/><V133/><F133/><W130/><G126/><T5/><D5/><U15/><E79/><V23/><F23/><W50/><G124/><T80/><D29/><U82/><E15/><V49/><F129/><W1/><G130/><T16/><D21/><U69/><E77/><V132/><F132/><W87/><G1/><T117/><D117/><U105/><E105/><V40/><F115/><W98/><G112/><T34/><D34/><U90/><E7/><RYUUKYOKU ba="2,0" sc="271,0,163,0,468,0,98,0" /><INIT seed="3,3,0,0,1,65" ten="271,163,468,98" oya="3" hai0="88,18,68,5,59,9,115,55,22,8,83,0,106" hai1="35,51,71,87,3,48,61,72,105,52,27,89,94" hai2="116,130,1,41,79,62,103,7,31,42,100,70,129" hai3="95,97,114,126,73,15,40,90,57,82,29,76,34"/><W122/><G114/><T74/><D68/><U4/><E72/><V10/><F116/><W13/><G122/><T56/><D106/><U2/><E105/><V30/><F79/><W49/><G126/><T108/><D115/><U92/><E4/><V117/><F117/><W28/><G57/><T109/><D9/><U36/><E48/><V66/><F31/><W113/><G113/><T46/><D46/><U6/><E6/><V91/><F91/><W111/><G111/><N who="0" m="42571" /><D55/><U84/><E36/><V124/><F30/><W119/><G119/><T78/><D88/><U93/><E27/><AGARI ba="3,0" hai="0,5,8,18,22,27,56,59,74,78,83" m="42571" machi="27" ten="30,1000,0" yaku="14,1" doraHai="65" who="0" fromWho="1" sc="271,19,163,-19,468,0,98,0" owari="290,9.0,144,-25.6,468,56.8,98,-40.2" /></mjloggm>