<mjloggm ver="2.3"><GO type="225" lobby="0"/><UN n0="%E3%83%B4%E3%82%A3%E3%83%AF%E3%82%B3%E3%82%B0%E3%83%8B" n1="%E3%83%A9%E3%82%B9%E7%8E%87%EF%BC%93%E5%89%B2" n2="%E6%9D%B1%E9%A2%A8%E3%81%AE%E3%81%8D%E3%82%83%E3%81%B7%E3%81%95%E3%82%93" n3="%E7%B4%94%E6%BD%94%E3%83%94%E3%83%A9%E3%83%8B%E3%82%A2" dan="17,17,16,17" rate="2235.53,2228.90,2188.82,2180.21" sx="M,F,M,M"/><TAIKYOKU oya="0"/><INIT seed="0,0,0,3,1,28" ten="250,250,250,250" oya="0" hai0="20,50,36,92,84,93,47,57,77,74,43,127,73" hai1="69,81,129,124,35,109,131,135,110,79,68,123,86" hai2="103,48,98,80,30,132,21,39,122,70,19,23,65" hai3="75,108,95,126,102,61,33,71,78,111,37,119,91"/><T5/><D127/><U128/><E123/><V114/><F39/><W3/><G61/><T53/><D5/><U27/><E124/><V16/><F122/><W46/><G46/><T89/><D77/><U125/><E125/><V34/><F114/><W56/><G56/><T1/><D1/><U7/><E7/><V66/><F80/><W60/><G60/><T26/><REACH who="0" step="1"/><D92/><REACH who="0" ten="240,250,250,250" step="2"/><U101/><E135/><V105/><F132/><W17/><G95/><T41/><D41/><U0/><E0/><V38/><F38/><W96/><G78/><T24/><D24/><U88/><E79/><V59/><F70/><N who="1" m="27241" /><E101/><V31/><F103/><W52/><G102/><T115/><D115/><U106/><E106/><V76/><F105/><W44/><G126/><T12/><D12/><U63/><E63/><V94/><F76/><W55/><G3/><T15/><D15/><U118/><E118/><V100/><F94/><W62/><G62/><T49/><D49/><U9/><E9/><V116/><F48/><W13/><G71/><T42/><D42/><U134/><E134/><V58/><F116/><W87/><G13/><T97/><D97/><U11/><E11/><V82/><F100/><W64/><G96/><T18/><AGARI ba="0,1" hai="18,20,26,36,43,47,50,53,57,73,74,84,89,93" machi="18" ten="20,7800,0" yaku="1,1,0,1,7,1,53,1" doraHai="28" doraHaiUra="83" who="0" fromWho="0" sc="240,88,250,-26,250,-26,250,-26" /><INIT seed="0,1,0,1,5,54" ten="328,224,224,224" oya="0" hai0="2,73,80,65,62,128,11,17,97,102,116,30,24" hai1="31,129,103,9,20,15,16,59,36,123,120,72,6" hai2="71,75,98,107,134,33,41,53,111,60,135,69,29" hai3="105,99,47,110,50,7,39,4,58,81,132,122,89"/><T51/><D128/><U42/><E72/><V117/><F75/><W13/><G110/><T3/><D116/><U10/><E129/><V74/><F74/><W125/><G132/><N who="2" m="50729" /><F117/><W96/><G125/><T8/><D51/><U84/><E103/><N who="2" m="62967" /><F111/><W64/><G122/><T112/><D112/><U49/><E36/><V63/><F41/><N who="3" m="24943" /><G39/><T19/><D80/><U68/><E68/><N who="2" m="26187" /><F53/><W78/><G105/><T108/><D73/><U14/><E84/><V23/><F33/><W83/><G78/><T25/><D108/><U56/><E123/><V109/><F109/><W40/><G40/><T91/><D91/><U79/><E79/><V37/><F37/><W52/><G64/><T87/><D87/><U94/><E94/><V118/><F118/><W21/><G99/><T67/><D97/><U114/><E114/><V32/><F32/><W93/><G83/><T35/><D102/><U1/><E120/><V34/><F34/><W92/><G93/><T45/><D35/><U76/><E76/><V100/><F100/><W95/><G92/><T106/><D106/><U38/><E38/><V57/><F57/><N who="1" m="22089" /><E1/><V22/><F29/><W18/><G81/><T90/><D2/><U70/><E70/><V127/><F127/><W85/><G96/><T66/><D3/><U115/><E115/><V12/><F12/><W44/><G44/><T77/><D77/><U124/><E124/><V43/><F43/><W130/><G130/><T104/><D104/><U55/><E42/><V5/><F5/><W126/><G126/><T48/><D90/><U61/><E31/><V0/><F0/><RYUUKYOKU ba="1,0" sc="328,-15,224,-15,224,15,224,15" hai2="22,23,60,63" hai3="4,7,13,18,21,52,58,85,89,95" /><INIT seed="1,2,0,3,5,30" ten="313,209,239,239" oya="1" hai0="26,62,63,67,121,78,104,35,134,32,94,116,42" hai1="51,45,14,103,43,85,52,49,127,1,12,118,135" hai2="7,131,3,60,48,39,92,29,93,106,115,69,83" hai3="100,8,40,13,87,61,17,90,22,75,20,0,125"/><U126/><E1/><V114/><F39/><W73/><G125/><N who="1" m="47626" /><E118/><V76/><F106/><W16/><G40/><T33/><D104/><U54/><E103/><V82/><F48/><N who="1" m="18505" /><E85/><V31/><F7/><W107/><G61/><T105/><D105/><U77/><E77/><V4/><F4/><W21/><G0/><T47/><D116/><U72/><E72/><V37/><F37/><W58/><G58/><T86/><D121/><U70/><E70/><V36/><F36/><W24/><G73/><T6/><D6/><U108/><E135/><V25/><F3/><W50/><G50/><T88/><D134/><U41/><E108/><V34/><F31/><W44/><G44/><T46/><D78/><U15/><E45/><V64/><F131/><W56/><G56/><T9/><D46/><U97/><E97/><V124/><F124/><W89/><G75/><T81/><D81/><N who="2" m="30730" /><F76/><W57/><G57/><T28/><D47/><U55/><AGARI ba="2,0" hai="12,14,15,41,43,52,54,55" m="18505,47626" machi="55" ten="40,12000,1" yaku="28,2,18,1,54,1" doraHai="30" who="1" fromWho="1" sc="313,-42,209,126,239,-42,239,-42" /><INIT seed="1,3,0,0,2,128" ten="271,335,197,197" oya="1" hai0="2,41,76,53,50,16,23,58,51,35,87,63,95" hai1="61,99,121,105,77,104,111,37,52,85,70,34,88" hai2="25,115,59,62,19,57,125,124,129,103,49,71,6" hai3="78,32,113,86,116,109,119,54,120,118,9,64,72"/><U127/><E121/><V90/><F103/><W5/><G120/><T126/><D35/><U96/><E34/><V60/><F6/><W22/><G113/><T20/><D2/><U74/><E37/><V36/><F90/><W44/><G32/><T65/><D126/><N who="2" m="48746" /><F19/><W46/><G72/><T11/><D41/><U24/><E24/><V10/><F10/><W43/><G64/><T45/><D51/><U122/><E122/><V79/><F79/><W82/><G109/><T100/><D76/><U133/><E111/><V0/><F25/><W107/><G107/><T27/><D87/><U134/><E127/><V7/><F7/><W69/><G69/><T114/><D114/><U17/><E17/><V40/><F0/><W84/><G84/><T31/><D11/><U1/><E1/><V67/><F115/><W89/><G22/><T15/><D100/><U81/><E104/><V132/><F129/><W73/><G43/><T3/><D3/><U42/><E42/><V101/><F101/><W4/><G9/><T18/><D95/><N who="1" m="54671" /><E70/><V110/><F110/><W38/><G38/><T91/><D91/><U108/><E108/><V68/><F36/><W98/><G4/><T106/><D106/><U131/><E131/><V75/><F75/><W117/><G5/><T93/><D93/><U14/><E14/><V39/><F39/><W29/><G29/><AGARI ba="3,0" hai="15,16,18,20,23,27,29,31,45,50,53,58,63,65" machi="29" ten="40,2600,0" yaku="8,1,54,1" doraHai="128" who="0" fromWho="3" sc="271,35,335,0,197,0,197,-35" /><INIT seed="2,0,0,5,1,8" ten="306,335,197,162" oya="2" hai0="44,131,127,125,73,25,135,80,129,96,75,115,124" hai1="38,28,106,62,51,53,134,63,48,72,66,95,36" hai2="86,35,55,77,98,113,60,5,12,56,11,100,126" hai3="64,119,101,78,7,79,74,32,3,57,19,107,42"/><V4/><F113/><W0/><G119/><T94/><D44/><N who="1" m="27783" /><E95/><V59/><F35/><W6/><G32/><T18/><D115/><U34/><E28/><V54/><F126/><W93/><G107/><T70/><D70/><N who="1" m="42327" /><E72/><N who="0" m="27721" /><D25/><U10/><E10/><V69/><F69/><W40/><G74/><T121/><D18/><U87/><E87/><V89/><F77/><W76/><G64/><T123/><D80/><U109/><E106/><V102/><F4/><N who="3" m="1579" /><G57/><T31/><D31/><U17/><E17/><V118/><F98/><W90/><G101/><N who="0" m="60567" /><D135/><U99/><E99/><V67/><F118/><W111/><G19/><T50/><D50/><U15/><E134/><V24/><F24/><W130/><G130/><AGARI ba="0,0" hai="121,123,124,125,127,129,130,131" m="60567,27721" machi="130" ten="40,8000,1" yaku="18,1,19,1,34,2" doraHai="8" who="0" fromWho="3" sc="306,80,335,0,197,0,162,-80" /><INIT seed="3,0,0,4,4,77" ten="386,335,197,82" oya="3" hai0="129,15,108,76,117,49,135,111,21,48,25,39,51" hai1="100,72,58,104,10,11,91,80,113,38,44,60,62" hai2="50,122,55,83,70,12,81,115,54,119,23,34,35" hai3="57,8,16,20,125,37,7,97,84,1,87,90,42"/><W89/><G125/><T63/><D117/><U103/><E113/><V41/><F119/><W26/><G37/><T27/><D135/><U88/><E38/><V61/><F115/><W64/><G42/><T47/><D129/><U92/><E104/><V123/><F41/><W3/><G3/><T30/><D76/><U0/><E72/><V69/><F12/><W19/><G19/><T36/><D15/><U126/><E126/><V4/><F23/><W46/><G46/><T101/><D101/><N who="1" m="38987" /><E44/><N who="2" m="27975" /><F4/><W22/><G22/><N who="0" m="15671" /><D47/><U95/><E0/><V99/><F99/><W85/><REACH who="3" step="1"/><G97/><REACH who="3" ten="386,335,197,72" step="2"/><T78/><D36/><U18/><E18/><V33/><F69/><W43/><G43/><T121/><D39/><U134/><E134/><V68/><F68/><W106/><G106/><T116/><D116/><U2/><E2/><V86/><F70/><W59/><G59/><T102/><D121/><N who="2" m="46090" /><F86/><W65/><G65/><T79/><D111/><U118/><E118/><V9/><F9/><W71/><G71/><T66/><D108/><U131/><E11/><V56/><AGARI ba="0,1" hai="33,34,35,55,56,61,81,83" m="46090,27975" machi="56" ten="40,5200,0" yaku="13,1,52,2" doraHai="77" who="2" fromWho="2" sc="386,-13,335,-13,197,62,72,-26" owari="373,47.3,322,12.2,259,-14.1,46,-45.4" /></mjloggm>