<mjloggm ver="2.3"><GO type="225" lobby="0"/><UN n0="%E3%81%AF%E3%82%88%E3%81%8A%E3%81%98%E3%81%95%E3%82%93" n1="%77%72%77%72%77%72%77%72" n2="%E5%91%A8%E6%9D%B1" n3="%E3%83%96%E3%83%83%E3%83%91%E3%82%AA%E3%83%96%E3%83%81%E3%82%AD%E3%83%B3" dan="17,17,17,16" rate="2156.68,2213.48,2141.43,2153.09" sx="M,M,M,M"/><TAIKYOKU oya="0"/><INIT seed="0,0,0,2,2,102" ten="250,250,250,250" oya="0" hai0="77,36,29,65,106,82,107,69,64,19,131,98,103" hai1="113,47,48,30,122,130,117,84,7,14,109,87,33" hai2="66,41,53,58,10,93,60,94,5,123,111,40,91" hai3="74,79,57,63,90,115,89,2,61,38,23,26,97"/><T96/><D36/><U92/><E117/><V49/><F111/><W105/><G115/><T71/><D131/><U17/><E122/><V13/><F123/><W42/><G2/><T121/><D121/><U18/><E109/><V76/><F76/><W81/><G63/><T55/><D29/><U15/><E130/><V52/><F53/><W43/><G38/><T125/><D125/><U112/><E7/><V62/><F60/><W9/><G9/><T83/><D103/><U73/><E73/><V8/><F8/><W22/><G22/><T50/><D55/><U68/><E68/><V100/><F100/><W88/><G97/><T101/><D101/><U6/><E6/><V124/><F124/><W54/><REACH who="3" step="1"/><G105/><REACH who="3" ten="250,250,250,240" step="2"/><T35/><D35/><U132/><E33/><V126/><F126/><W24/><G24/><T56/><D50/><U67/><E48/><V108/><F108/><W110/><G110/><T80/><D98/><U25/><E25/><V78/><F78/><W34/><G34/><T86/><D96/><U3/><E3/><V118/><F118/><W44/><G44/><T31/><D106/><U51/><E51/><V12/><F12/><W45/><G45/><T127/><D107/><U37/><E47/><N who="2" m="27711" /><F91/><W1/><G1/><T133/><D127/><U99/><E37/><V75/><F10/><W129/><G129/><T95/><D77/><U4/><E113/><V46/><F46/><W120/><G120/><T104/><D104/><U85/><E112/><V70/><F62/><W116/><G116/><T20/><D20/><U135/><E15/><V21/><F13/><RYUUKYOKU ba="0,1" sc="250,-10,250,-10,250,-10,240,30" hai3="23,26,42,43,54,57,61,74,79,81,88,89,90" /><INIT seed="1,1,1,1,1,110" ten="240,240,240,270" oya="1" hai0="86,68,90,112,9,21,10,53,49,62,55,44,0" hai1="28,85,8,40,50,20,29,78,123,73,114,135,33" hai2="71,80,57,3,115,59,7,14,24,31,58,77,82" hai3="66,22,118,25,88,102,79,65,51,16,113,12,93"/><U132/><E123/><V64/><F3/><W39/><G39/><T134/><D112/><U72/><E33/><V94/><F115/><W99/><G118/><T116/><D116/><U67/><E114/><V45/><F45/><W17/><G113/><T124/><D0/><U108/><E108/><V69/><F94/><W27/><G79/><T46/><D124/><U2/><E67/><V70/><F64/><W63/><G51/><N who="0" m="28903" /><D68/><U34/><E34/><V122/><F122/><W101/><G66/><T92/><D134/><N who="1" m="51243" /><E40/><V38/><F38/><W125/><G125/><T131/><D131/><U97/><E97/><V120/><F120/><W75/><G75/><N who="1" m="28746" /><E50/><V109/><F109/><W36/><G36/><T105/><D105/><U56/><E56/><V91/><F77/><W104/><G104/><T60/><D21/><U1/><E20/><V19/><F91/><W41/><G41/><T47/><D47/><U23/><E23/><V5/><F82/><W84/><G99/><T103/><D103/><U111/><E111/><V100/><F80/><W6/><G101/><T42/><D62/><U61/><E61/><V52/><F100/><W13/><G102/><T37/><D37/><U35/><E35/><N who="2" m="20967" /><F52/><W32/><G32/><T11/><D60/><U18/><E1/><V48/><F48/><W26/><G63/><T127/><D127/><U96/><E96/><V83/><F83/><W107/><G65/><T87/><D42/><U89/><E78/><V128/><F128/><W121/><G121/><T76/><D76/><U30/><E2/><V129/><F129/><W119/><G119/><RYUUKYOKU ba="1,1" sc="240,15,240,-15,240,15,270,-15" hai0="9,10,11,46,49,55,86,87,90,92" hai2="5,7,14,19,57,58,59,69,70,71" /><INIT seed="2,2,1,0,0,45" ten="255,225,255,255" oya="2" hai0="135,89,62,33,74,105,133,63,25,91,35,70,8" hai1="42,124,44,102,86,103,101,19,7,29,85,117,30" hai2="28,123,122,56,66,31,20,64,12,23,32,55,95" hai3="108,98,78,80,67,129,77,48,49,126,3,88,113"/><V121/><F95/><N who="3" m="56679" /><G3/><T26/><D74/><U1/><E117/><V73/><F73/><W116/><G116/><T61/><D8/><U59/><E124/><V111/><F111/><W97/><G108/><T2/><D2/><U127/><E127/><V16/><F32/><N who="0" m="12362" /><D70/><U109/><E109/><V52/><F55/><W120/><G120/><T47/><D47/><U57/><E7/><V54/><F54/><W11/><G126/><T110/><D105/><U87/><E1/><V69/><F69/><W24/><G129/><T51/><D51/><N who="3" m="19529" /><G113/><T114/><D114/><U107/><E107/><V115/><F115/><W5/><G67/><T0/><D0/><U100/><N who="1" m="25600" /><DORA hai="50" /><U112/><E112/><V4/><F66/><W92/><G24/><N who="0" m="9323" /><D110/><U131/><E131/><V71/><F64/><W36/><G36/><T104/><D104/><U93/><E93/><V27/><F71/><W14/><G80/><T22/><D22/><U34/><E34/><V134/><F122/><W46/><G46/><T96/><D96/><U118/><E118/><V13/><F123/><W60/><G60/><T125/><D125/><U65/><E65/><V9/><F121/><W40/><G40/><T37/><D37/><U43/><E44/><V10/><F23/><W75/><G75/><T17/><D61/><U106/><E106/><V58/><F20/><W94/><G94/><T15/><D63/><U79/><E43/><V132/><F27/><W90/><AGARI ba="2,1" hai="5,11,14,77,78,90,92,97" m="19529,56679" machi="90" ten="30,8000,1" yaku="8,1,52,3,54,1" doraHai="45,50" who="3" fromWho="3" sc="255,-22,225,-22,255,-42,255,96" /><INIT seed="3,0,0,1,5,60" ten="233,203,213,351" oya="3" hai0="43,71,44,32,135,48,118,34,65,50,82,103,1" hai1="98,93,38,99,61,70,92,6,11,133,125,79,115" hai2="77,37,45,120,102,131,31,33,78,41,24,88,28" hai3="68,85,16,95,134,119,58,54,52,104,80,83,116"/><W21/><G104/><T49/><D118/><U66/><E115/><V36/><F131/><W27/><G134/><T101/><D1/><U29/><E38/><V123/><F102/><W97/><G68/><T87/><D135/><U74/><E133/><V86/><F31/><W132/><G132/><T109/><D109/><U15/><E125/><V90/><F37/><W105/><G105/><T55/><D32/><U57/><E70/><V14/><F14/><W110/><G110/><T10/><D34/><U73/><E29/><V20/><F33/><W63/><G54/><T7/><D65/><U17/><E6/><V13/><F13/><W128/><G128/><T94/><D71/><U4/><E4/><V108/><F108/><W67/><G67/><T26/><D26/><U126/><E126/><V0/><F0/><W23/><G23/><T18/><D94/><U9/><E9/><V112/><F112/><W62/><G62/><T96/><D96/><U107/><E107/><V69/><F69/><W75/><G75/><T89/><D18/><U40/><E40/><V91/><REACH who="2" step="1"/><F86/><REACH who="2" ten="233,203,203,351" step="2"/><W100/><G119/><T84/><D87/><U5/><E5/><V35/><F35/><W127/><G116/><T2/><D84/><U8/><E8/><V114/><F114/><W53/><G127/><T121/><D10/><U25/><E25/><V56/><F56/><N who="3" m="35207" /><G85/><T129/><D7/><U106/><E106/><V47/><F47/><W42/><G58/><T39/><D2/><U46/><E46/><V64/><F64/><W113/><G100/><T51/><N who="0" m="12288" /><DORA hai="111" /><T12/><D129/><RYUUKYOKU ba="0,1" sc="233,-10,203,-10,203,30,351,-10" hai2="20,24,28,36,41,45,77,78,88,90,91,120,123" owari="223,-17.7,193,-30.7,233,3.3,351,45.1" /></mjloggm>