<mjloggm ver="2.3"><GO type="225" lobby="0"/><UN n0="%E3%82%A4%E3%83%BC%E3%82%B1%E3%83%97%E3%83%A9" n1="%E9%B3%B3%E6%9D%B1%E3%81%AE%E3%81%BF%E3%81%91%E3%81%AB%E3%82%83%E3%82%93" n2="%E3%80%90%E8%92%BC%E7%90%89%E3%80%91" n3="%E5%B8%86%E7%AB%8B%E5%A4%8F%E8%A1%A3" dan="16,16,16,17" rate="2183.62,2169.19,2186.52,2207.75" sx="M,F,F,M"/><TAIKYOKU oya="0"/><INIT seed="0,0,0,4,3,73" ten="250,250,250,250" oya="0" hai0="108,34,30,102,130,77,76,6,61,114,32,116,96" hai1="72,84,80,106,75,26,121,8,115,51,79,12,133" hai2="39,10,9,42,38,118,128,117,98,104,124,17,35" hai3="125,46,123,55,126,11,36,23,45,135,78,111,28"/><T92/><D114/><U2/><E121/><V99/><F35/><W69/><G123/><T110/><D116/><N who="2" m="44650" /><F128/><W47/><G11/><N who="2" m="4105" /><F124/><N who="3" m="47723" /><G23/><T63/><D6/><U89/><E2/><V1/><F1/><W13/><G13/><T41/><D41/><U25/><E133/><V91/><F17/><W58/><G28/><T68/><D130/><U131/><E131/><V90/><F42/><N who="3" m="22727" /><G78/><N who="0" m="30315" /><D68/><U64/><E115/><V112/><F112/><W5/><G5/><T19/><D19/><U134/><E134/><V33/><F33/><N who="0" m="12906" /><D30/><U22/><E75/><V86/><F104/><W48/><G135/><T95/><D95/><U4/><E106/><V54/><F54/><N who="3" m="32071" /><G69/><T0/><D0/><U82/><E22/><V132/><F132/><W97/><G97/><N who="2" m="36873" /><F91/><W105/><G105/><T20/><D20/><U59/><E25/><V56/><F56/><W65/><G65/><T66/><D66/><U119/><E26/><V43/><F43/><W15/><G15/><T57/><D57/><U44/><E119/><V37/><F37/><W122/><G122/><T109/><AGARI ba="0,0" hai="61,63,92,96,102,108,109,110" m="12906,30315" machi="109" ten="40,12000,1" yaku="14,1,10,1,52,3" doraHai="73" who="0" fromWho="0" sc="250,120,250,-40,250,-40,250,-40" /><INIT seed="0,1,0,3,4,32" ten="370,210,210,210" oya="0" hai0="35,4,21,129,69,116,8,81,77,43,19,130,22" hai1="23,134,107,83,95,70,87,49,89,18,60,26,98" hai2="16,27,132,45,104,125,57,29,5,52,64,126,76" hai3="123,124,118,53,0,93,54,91,48,11,34,127,2"/><T72/><D116/><U59/><E134/><V68/><F104/><W1/><G118/><T12/><D69/><U41/><E70/><V102/><F132/><W7/><G34/><T80/><D35/><U120/><E120/><V99/><F76/><W106/><G106/><T105/><D105/><U62/><E107/><V92/><F68/><W119/><G119/><T78/><D43/><U36/><E36/><V14/><F5/><W28/><G28/><T17/><D22/><U15/><E15/><V37/><F64/><W111/><G111/><T46/><D46/><U67/><E60/><V84/><F84/><N who="3" m="52455" /><G123/><T47/><D47/><U97/><E41/><V61/><F45/><N who="3" m="27791" /><G54/><T63/><D63/><U25/><E49/><V74/><F74/><W128/><G128/><N who="0" m="49259" /><D21/><U121/><E121/><V75/><F75/><AGARI ba="1,0" hai="4,8,12,17,19,72,75,77,78,80,81" m="49259" machi="75" ten="30,1500,0" yaku="19,1" doraHai="32" who="0" fromWho="2" sc="370,18,210,0,210,-18,210,0" /><INIT seed="0,2,0,5,2,99" ten="388,210,192,210" oya="0" hai0="125,54,113,98,81,80,92,46,79,58,3,33,4" hai1="101,95,134,0,124,59,116,70,57,28,77,16,8" hai2="34,90,22,27,47,121,91,131,19,48,128,6,89" hai3="130,53,126,87,67,114,100,120,52,44,73,21,111"/><T78/><D113/><U32/><E116/><V41/><F121/><W76/><G114/><T133/><D33/><U107/><E107/><V26/><REACH who="2" step="1"/><F6/><REACH who="2" ten="388,210,182,210" step="2"/><W117/><G120/><T25/><D4/><U115/><E115/><V13/><F13/><W118/><G117/><T45/><D3/><U50/><E0/><V127/><F127/><W14/><G126/><T23/><D125/><U68/><E124/><V109/><F109/><W36/><G111/><T62/><D133/><U49/><E134/><V74/><F74/><W129/><G73/><T51/><D79/><U37/><E77/><V83/><F83/><W85/><G76/><T112/><D112/><U84/><E70/><V35/><F35/><W122/><G118/><T88/><D78/><U97/><E68/><V56/><F56/><W75/><G122/><T82/><REACH who="0" step="1"/><D62/><REACH who="0" ten="378,210,182,210" step="2"/><U1/><E1/><V39/><F39/><W123/><G36/><T11/><D11/><U12/><E37/><V94/><F94/><W29/><G123/><T69/><D69/><U119/><E119/><V7/><F7/><W110/><G110/><T43/><D43/><U93/><E8/><V30/><AGARI ba="2,2" hai="19,22,26,27,30,34,41,47,48,89,90,91,128,131" machi="30" ten="30,2000,0" yaku="1,1,0,1,53,0" doraHai="99" doraHaiUra="102" who="2" fromWho="2" sc="378,-12,210,-7,182,46,210,-7" /><INIT seed="1,0,0,2,0,112" ten="366,203,228,203" oya="1" hai0="15,77,68,56,41,127,32,104,57,70,99,60,20" hai1="10,16,105,95,9,134,61,37,29,24,36,93,34" hai2="83,44,135,21,27,108,28,130,80,88,118,51,62" hai3="74,18,106,129,8,102,64,31,123,122,17,19,39"/><U33/><E105/><V22/><F108/><W67/><G74/><T92/><D104/><U12/><E134/><V111/><F111/><W86/><G39/><T2/><D32/><U69/><E34/><V133/><F130/><W82/><G129/><T78/><D2/><U50/><E50/><V131/><F131/><W71/><G31/><T87/><D127/><U75/><E75/><V25/><F118/><W81/><G8/><T66/><D41/><U58/><E69/><V6/><F62/><W73/><G73/><T59/><D70/><U14/><E37/><V40/><F6/><W125/><G125/><T46/><D46/><U49/><E49/><V53/><F40/><W13/><G13/><T109/><D87/><U1/><E1/><V85/><REACH who="2" step="1"/><F83/><REACH who="2" ten="366,203,218,203" step="2"/><W48/><G82/><T113/><D109/><U121/><E121/><V63/><F63/><W38/><G81/><T101/><D113/><U128/><E128/><V110/><F110/><W45/><G122/><T7/><D7/><U114/><E114/><V35/><F35/><W96/><G123/><T100/><D60/><U94/><E36/><V97/><F97/><W23/><G38/><T3/><D99/><U98/><E98/><V117/><F117/><W65/><G71/><T90/><D68/><U47/><E61/><V55/><F55/><N who="3" m="30095" /><G86/><N who="0" m="52311" /><D66/><U5/><E33/><V76/><F76/><N who="0" m="29290" /><D3/><U72/><E5/><V30/><AGARI ba="0,1" hai="21,22,25,27,28,30,44,51,53,80,85,88,133,135" machi="30" ten="30,8000,1" yaku="1,1,0,1,9,1,54,1,53,1" doraHai="112" doraHaiUra="43" who="2" fromWho="2" sc="366,-20,203,-40,218,90,203,-20" /><INIT seed="2,0,0,5,0,87" ten="346,163,308,183" oya="2" hai0="36,26,88,22,74,93,121,17,7,81,3,46,119" hai1="76,108,90,37,2,61,52,118,34,98,51,124,66" hai2="21,69,12,89,130,80,60,9,123,92,104,116,15" hai3="117,20,72,1,131,6,31,45,14,32,58,110,127"/><V43/><F116/><W101/><G72/><T85/><D121/><U27/><E118/><V106/><F123/><W33/><G117/><T107/><D107/><U111/><E2/><V49/><F130/><W129/><G101/><T24/><D119/><U64/><E37/><V30/><F80/><W63/><G45/><T48/><D36/><U79/><E124/><V47/><F69/><W11/><G110/><N who="1" m="42026" /><E27/><V109/><F60/><W115/><G115/><T82/><D74/><U99/><E34/><V56/><F56/><W0/><G127/><T86/><D3/><N who="3" m="1097" /><G58/><T19/><D7/><U95/><E98/><V5/><F109/><W96/><G96/><T13/><D17/><U50/><E50/><V29/><F106/><W78/><G78/><N who="1" m="29738" /><E61/><V40/><F104/><W102/><G63/><T73/><D73/><U105/><E105/><V54/><F30/><W4/><G102/><T23/><D86/><U128/><E128/><N who="3" m="49226" /><G4/><T112/><D112/><U133/><E133/><V120/><F120/><W28/><G28/><T94/><D48/><U134/><E134/><V103/><F103/><W57/><G57/><AGARI ba="0,0" hai="51,52,57,64,66,90,95,99" m="29738,42026" machi="57" ten="30,3900,0" yaku="14,1,52,1,54,1" doraHai="87" who="1" fromWho="3" sc="346,0,163,39,308,0,183,-39" /><INIT seed="3,0,0,4,3,5" ten="346,202,308,144" oya="3" hai0="61,18,29,71,81,102,100,135,130,118,65,44,26" hai1="108,121,75,10,126,45,23,101,24,14,7,96,93" hai2="66,20,60,42,97,127,28,129,92,32,31,87,9" hai3="88,128,11,40,51,120,109,116,86,30,68,59,72"/><W0/><G116/><T110/><D118/><U50/><E108/><V53/><F32/><W84/><G120/><T54/><D110/><U43/><E126/><V2/><F129/><W115/><G72/><T64/><D130/><U33/><E121/><V67/><F127/><W89/><G68/><T17/><D65/><U22/><E75/><V107/><F42/><W16/><G109/><T52/><D135/><U95/><E33/><V103/><F53/><N who="3" m="32191" /><G0/><T41/><D81/><U98/><E24/><V114/><F114/><W3/><G3/><T131/><D131/><U48/><E48/><V74/><F74/><W119/><G119/><T6/><D6/><U38/><E38/><V91/><F67/><W99/><G115/><T56/><D54/><U77/><E77/><V124/><F124/><W106/><G106/><T21/><D100/><AGARI ba="0,0" hai="7,10,14,22,23,43,45,50,93,95,96,98,100,101" machi="100" ten="30,7700,0" yaku="7,1,9,1,8,1,52,1" doraHai="5" who="1" fromWho="0" sc="346,-77,202,77,308,0,144,0" owari="269,-13.1,279,7.9,308,40.8,144,-35.6" /></mjloggm>