<mjloggm ver="2.3"><GO type="225" lobby="0"/><UN n0="%73%75%7A%75%6D%65%33" n1="%72%65%6E%6B%75%6E" n2="%E6%81%A5%E6%99%92%E3%81%97" n3="%E9%A6%AC%E5%BC%95%E7%81%AB%33" dan="17,17,16,16" rate="2210.74,2212.76,2148.75,2114.68" sx="M,M,M,M"/><TAIKYOKU oya="0"/><INIT seed="0,0,0,3,3,71" ten="250,250,250,250" oya="0" hai0="56,21,29,46,133,108,7,84,89,109,1,40,41" hai1="119,13,25,11,63,14,134,58,118,81,33,128,83" hai2="129,39,97,30,19,76,62,17,50,122,3,47,49" hai3="116,88,75,6,104,9,53,36,57,130,42,2,112"/><T73/><D73/><U35/><E134/><V82/><F122/><W44/><G112/><T68/><D68/><U94/><E128/><V121/><F129/><W59/><G130/><T115/><D115/><U105/><E105/><V86/><F121/><W100/><G116/><T10/><D133/><U114/><E114/><V132/><F132/><W0/><G75/><T20/><D56/><U103/><E103/><V125/><F125/><W77/><G77/><T16/><D29/><U70/><E70/><V67/><F3/><W18/><G2/><T66/><D66/><U24/><E58/><V54/><F97/><W5/><G5/><T48/><D40/><U34/><E94/><V61/><F30/><W79/><G79/><T51/><D51/><U26/><E63/><N who="2" m="24075" /><F39/><W117/><G117/><T99/><D99/><U93/><E93/><V8/><F8/><W95/><G18/><N who="2" m="6665" /><F50/><W113/><G113/><T28/><D28/><U96/><E96/><V131/><F131/><W38/><G38/><T23/><REACH who="0" step="1"/><D16/><REACH who="0" ten="240,250,250,250" step="2"/><U107/><E118/><V12/><F67/><W32/><G59/><T135/><D135/><U87/><E119/><V15/><AGARI ba="0,1" hai="12,15,47,49,54,76,82,86" m="6665,24075" machi="15" ten="30,1100,0" yaku="8,1" doraHai="71" who="2" fromWho="2" sc="240,-5,250,-3,250,21,250,-3" /><INIT seed="1,0,0,2,5,62" ten="235,247,271,247" oya="1" hai0="124,55,128,131,112,104,3,43,93,101,106,97,21" hai1="14,63,135,127,59,31,17,132,13,58,69,34,6" hai2="57,42,8,68,110,83,9,36,23,115,73,65,94" hai3="7,66,85,11,5,38,46,49,92,16,10,134,116"/><U41/><E127/><V87/><F73/><W95/><G38/><T80/><D3/><U99/><E41/><V90/><F110/><W22/><G134/><N who="1" m="51242" /><E6/><N who="3" m="2058" /><G66/><T102/><D43/><U84/><E84/><N who="2" m="52551" /><F68/><W108/><G108/><T53/><D112/><U81/><E81/><V82/><F36/><W32/><G32/><T118/><D118/><U70/><E99/><V4/><F4/><W114/><G114/><T111/><D111/><U61/><E31/><V133/><F133/><W20/><G20/><T67/><D80/><N who="2" m="30762" /><F42/><N who="3" m="24791" /><G116/><T107/><D124/><U88/><E34/><V0/><F0/><W39/><G39/><T119/><D21/><U1/><E1/><V64/><F115/><W96/><G85/><T29/><D29/><U60/><E69/><V33/><F33/><W19/><G19/><T28/><D28/><U35/><E70/><V47/><F87/><W45/><G45/><T103/><D119/><U75/><E75/><V125/><F47/><W50/><G50/><T24/><D24/><U122/><E122/><V91/><F125/><W123/><G123/><T89/><REACH who="0" step="1"/><D67/><REACH who="0" ten="225,247,271,247" step="2"/><U40/><E35/><V79/><F64/><W120/><G120/><T2/><D2/><U117/><E40/><V78/><F65/><W74/><G11/><T130/><AGARI ba="0,1" hai="53,55,89,93,97,101,102,103,104,106,107,128,130,131" machi="130" ten="50,8000,1" yaku="1,1,0,1,29,2,19,1,53,0" doraHai="62" doraHaiUra="26" who="0" fromWho="0" sc="225,90,247,-40,271,-20,247,-20" /><INIT seed="2,0,0,3,4,82" ten="315,207,251,227" oya="2" hai0="0,78,99,40,42,59,118,98,15,58,51,14,128" hai1="126,54,72,96,83,8,100,28,70,114,79,36,20" hai2="19,115,34,38,45,24,22,101,120,125,75,33,44" hai3="66,46,113,106,13,104,3,10,53,91,29,31,84"/><V9/><F115/><W129/><G3/><T4/><D0/><U41/><E114/><V97/><F120/><W26/><G113/><T6/><D78/><U74/><E126/><V112/><F125/><W5/><G129/><T92/><D128/><U7/><E70/><V57/><F112/><W17/><G66/><T39/><D39/><U16/><E28/><V121/><F75/><W52/><G104/><T119/><D92/><U2/><E54/><N who="3" m="21098" /><G46/><T109/><REACH who="0" step="1"/><D51/><REACH who="0" ten="305,207,251,227" step="2"/><U67/><E67/><V69/><F38/><W30/><G106/><T93/><D93/><U77/><E77/><V37/><F37/><W110/><G110/><AGARI ba="0,1" hai="4,6,14,15,40,42,58,59,98,99,109,110,118,119" machi="110" ten="25,8000,1" yaku="1,1,22,2,53,2" doraHai="82" doraHaiUra="1" who="0" fromWho="3" sc="305,90,207,0,251,0,227,-80" /><INIT seed="3,0,0,4,1,26" ten="395,207,251,147" oya="3" hai0="5,40,103,39,22,80,99,8,14,124,91,24,47" hai1="68,10,50,113,49,54,37,66,62,60,28,95,52" hai2="133,112,4,32,134,117,36,87,84,122,23,115,123" hai3="116,15,27,38,25,51,129,96,42,81,3,97,48"/><W105/><G116/><T85/><D124/><U128/><E113/><N who="2" m="43595" /><F36/><W75/><G3/><T83/><D83/><U111/><E111/><V125/><F117/><W59/><G38/><T82/><D82/><U33/><E128/><V58/><F32/><W19/><G129/><T41/><D41/><U55/><E10/><V102/><F125/><W69/><G69/><T71/><D71/><N who="1" m="42439" /><E95/><V104/><F4/><W6/><G6/><T127/><D127/><U45/><E28/><V100/><F58/><W121/><G121/><N who="2" m="46089" /><F23/><W12/><G81/><T31/><D99/><N who="3" m="37961" /><G75/><T7/><D103/><N who="2" m="39466" /><F104/><W89/><G105/><T131/><D131/><U126/><E33/><V53/><F53/><N who="1" m="13569" /><U44/><DORA hai="132" /><E126/><V74/><F74/><W30/><G59/><T118/><D118/><U73/><E73/><V17/><F17/><AGARI ba="0,0" hai="5,7,8,14,17,22,24,31,39,40,47,80,85,91" machi="17" ten="30,2000,0" yaku="7,1,52,1" doraHai="26,132" who="0" fromWho="2" sc="395,20,207,0,251,-20,147,0" owari="415,51.5,207,-19.3,231,3.1,147,-35.3" /></mjloggm>