<mjloggm ver="2.3"><GO type="225" lobby="0"/><UN n0="%E6%9D%B1%E9%A2%A8%E3%81%AE%E3%81%8D%E3%82%83%E3%81%B7%E3%81%95%E3%82%93" n1="%E3%83%96%E3%83%83%E3%83%91%E3%82%AA%E3%83%96%E3%83%81%E3%82%AD%E3%83%B3" n2="%4E%55%44%41" n3="%E3%83%A9%E3%83%BC%E3%83%A1%E3%83%B3%E4%BA%94%E9%83%8E" dan="16,16,17,16" rate="2147.90,2137.89,2161.84,2150.96" sx="M,M,M,M"/><TAIKYOKU oya="0"/><INIT seed="0,0,0,3,3,3" ten="250,250,250,250" oya="0" hai0="71,109,115,51,107,114,25,13,64,130,23,16,124" hai1="94,42,112,17,95,30,82,5,32,29,55,62,47" hai2="110,58,74,90,43,31,70,36,77,22,6,93,104" hai3="85,15,41,40,1,35,117,27,75,49,98,0,101"/><T102/><D130/><U133/><E133/><V56/><F70/><W78/><G117/><T39/><D39/><U135/><E135/><V116/><F104/><W24/><G75/><T52/><D124/><U81/><E112/><V19/><F116/><W80/><G0/><T48/><D109/><U99/><E17/><V79/><F31/><N who="1" m="11785" /><E32/><V103/><F103/><W83/><G1/><T96/><D48/><N who="1" m="26743" /><E5/><V65/><F6/><W2/><G2/><T45/><REACH who="0" step="1"/><D25/><REACH who="0" ten="240,250,250,250" step="2"/><U34/><E34/><V68/><F36/><W84/><G35/><T18/><D18/><U111/><E111/><V73/><F19/><W20/><G27/><T122/><D122/><U67/><E67/><V11/><F65/><W132/><G24/><T108/><D108/><U118/><E118/><V89/><F110/><W7/><G132/><T88/><D88/><N who="1" m="55751" /><E95/><V44/><F93/><W57/><G49/><T72/><D72/><U37/><E37/><V54/><F74/><W134/><G134/><T113/><D113/><U26/><E26/><V127/><F73/><W53/><G7/><T60/><AGARI ba="0,1" hai="13,16,23,45,51,52,60,64,71,96,102,107,114,115" machi="60" ten="30,11700,0" yaku="1,1,0,1,54,2,53,0" doraHai="3" doraHaiUra="119" who="0" fromWho="0" sc="240,127,250,-39,250,-39,250,-39" /><INIT seed="0,1,0,5,3,62" ten="367,211,211,211" oya="0" hai0="135,97,6,110,24,96,20,102,90,100,49,16,91" hai1="44,66,31,132,105,81,78,124,99,37,25,128,69" hai2="126,7,5,98,8,77,38,36,10,1,59,107,112" hai3="45,50,80,46,113,42,60,123,26,109,27,116,41"/><T85/><D135/><U12/><E132/><V93/><F112/><W133/><G113/><T117/><D117/><U30/><E124/><V43/><F126/><W73/><G133/><T71/><D71/><U29/><E128/><V115/><F115/><W48/><G116/><T106/><D110/><U127/><E127/><V64/><F77/><W72/><G109/><T32/><D32/><N who="1" m="20527" /><E12/><V18/><F18/><W122/><G60/><T111/><D111/><U92/><E44/><V39/><F107/><W118/><G118/><T84/><D49/><U40/><E40/><V130/><F130/><W120/><G120/><T52/><D6/><U11/><E11/><V121/><F121/><W33/><G33/><T134/><D134/><U57/><E57/><V131/><F131/><W89/><G89/><T2/><D2/><U13/><E13/><V3/><F59/><W83/><AGARI ba="1,0" hai="26,27,41,42,45,46,48,50,72,73,80,83,122,123" machi="83" ten="25,3200,0" yaku="0,1,22,2" doraHai="62" who="3" fromWho="3" sc="367,-17,211,-9,211,-9,211,35" /><INIT seed="1,0,0,3,0,44" ten="350,202,202,246" oya="1" hai0="0,128,122,63,74,98,17,93,113,59,66,131,7" hai1="31,14,30,72,94,9,95,65,37,73,99,18,87" hai2="79,3,19,85,112,55,119,103,46,22,53,106,25" hai3="121,34,109,68,91,20,88,57,2,107,123,89,127"/><U24/><E37/><V124/><F119/><W45/><G34/><T116/><D74/><U70/><E70/><V97/><F124/><W12/><G2/><T129/><D116/><U41/><E65/><V75/><F3/><W16/><G68/><T51/><D17/><U115/><E115/><V69/><F69/><W33/><G33/><T42/><D122/><U71/><E71/><V11/><F112/><W26/><G107/><T38/><D38/><U130/><E130/><V60/><F11/><W100/><G100/><T96/><D113/><U62/><E41/><V117/><F117/><W77/><G127/><T49/><D42/><U40/><E40/><V54/><F60/><W23/><G109/><T58/><D58/><U102/><E62/><V56/><F56/><W108/><G108/><T101/><D96/><U39/><E39/><V92/><F46/><W1/><G1/><T80/><D80/><U82/><E95/><V28/><F28/><W132/><G132/><T47/><D47/><U43/><E43/><V135/><F135/><W83/><G57/><T32/><D32/><U15/><E15/><V52/><F55/><W64/><G64/><T21/><D21/><N who="1" m="15631" /><E31/><V90/><F54/><W120/><G45/><T29/><REACH who="0" step="1"/><D29/><REACH who="0" ten="340,202,202,246" step="2"/><U105/><E73/><V50/><F50/><W84/><G121/><T110/><D110/><U27/><E72/><V48/><F48/><W111/><G111/><T8/><AGARI ba="0,1" hai="0,7,8,49,51,59,63,66,93,98,101,128,129,131" machi="8" ten="40,8000,1" yaku="1,1,0,1,19,1,52,2,53,0" doraHai="44" doraHaiUra="13" who="0" fromWho="0" sc="340,90,202,-40,202,-20,246,-20" /><INIT seed="2,0,0,1,4,123" ten="430,162,182,226" oya="2" hai0="127,112,10,132,77,116,44,72,117,82,100,74,40" hai1="130,68,113,54,47,0,88,84,15,31,93,61,67" hai2="42,114,76,18,17,4,124,126,11,64,14,43,29" hai3="8,111,59,118,51,101,36,71,21,95,106,37,115"/><V109/><F114/><W128/><G118/><N who="0" m="45675" /><D132/><U2/><E113/><V63/><F29/><W131/><G71/><T129/><D127/><N who="2" m="48682" /><F76/><W26/><G106/><T16/><D129/><N who="3" m="49737" /><G115/><T24/><D112/><U91/><E130/><V83/><F83/><W38/><G8/><T6/><D100/><U98/><E31/><V50/><F109/><W9/><G111/><T23/><D82/><U49/><REACH who="1" step="1"/><E15/><REACH who="1" ten="430,152,182,226" step="2"/><V19/><F50/><W97/><G51/><N who="0" m="27015" /><D77/><U89/><E89/><V119/><F119/><W56/><G9/><T32/><D32/><U39/><E39/><V122/><F122/><W48/><G48/><T73/><D73/><U75/><E75/><V107/><F107/><W86/><G37/><T1/><AGARI ba="0,1" hai="1,6,10,16,23,24,72,74" m="27015,45675" machi="1" ten="30,2000,0" yaku="12,1,54,1" doraHai="123" who="0" fromWho="0" sc="430,30,152,-5,182,-10,226,-5" /><INIT seed="3,0,0,5,1,61" ten="460,147,172,221" oya="3" hai0="15,99,30,110,26,114,57,75,86,64,109,55,42" hai1="107,13,56,22,4,94,29,28,10,106,100,32,60" hai2="31,134,118,48,82,18,115,38,103,105,71,59,1" hai3="69,124,16,78,117,54,25,0,43,24,113,73,2"/><W92/><G113/><T36/><D75/><U45/><E32/><V130/><F118/><W3/><G117/><T133/><D114/><U27/><E29/><V123/><F115/><W122/><G122/><T44/><D133/><U20/><E20/><V23/><F71/><W83/><G69/><T46/><D46/><U104/><E45/><V132/><F38/><W126/><G43/><T66/><D15/><U111/><E111/><N who="0" m="42505" /><D86/><U12/><E12/><V125/><F1/><W39/><G39/><T81/><D99/><N who="1" m="59511" /><E106/><V119/><F119/><W33/><G33/><N who="0" m="20695" /><D81/><U97/><E97/><N who="2" m="61679" /><F31/><W89/><G54/><T9/><D9/><U77/><E77/><V68/><F68/><W80/><G80/><T8/><D8/><U93/><E93/><V67/><F123/><W129/><G25/><T47/><D47/><U62/><E62/><AGARI ba="0,0" hai="36,42,44,55,57,62,64,66" m="20695,42505" machi="62" ten="30,3900,0" yaku="14,1,52,2" doraHai="61" who="0" fromWho="1" sc="460,39,147,-39,172,0,221,0" owari="499,59.9,108,-39.2,172,-22.8,221,2.1" /></mjloggm>