<mjloggm ver="2.3"><GO type="225" lobby="0"/><UN n0="%E3%83%81%E3%83%83%E3%82%BF%E3%82%BD%E3%83%BC" n1="%E8%90%BD%E6%97%A5" n2="%E6%B4%BE%E9%81%A3%E3%81%AE%E3%82%B8%E3%83%A3%E3%83%83%E3%82%AF" n3="%E6%9D%B1%E9%A2%A8%E3%81%AE%E3%81%8D%E3%82%83%E3%81%B7%E3%81%95%E3%82%93" dan="16,17,17,16" rate="2117.25,2197.55,2185.71,2137.07" sx="F,F,M,M"/><TAIKYOKU oya="0"/><INIT seed="0,0,0,5,2,113" ten="250,250,250,250" oya="0" hai0="62,67,74,107,21,60,117,14,96,93,7,48,116" hai1="83,69,10,28,100,76,52,126,15,121,4,71,35" hai2="84,101,45,64,87,53,135,31,133,108,88,104,23" hai3="44,114,75,38,63,80,128,33,111,127,118,132,39"/><T89/><D74/><U27/><E121/><V90/><F108/><W1/><RYUUKYOKU type="yao9" ba="0,0" sc="250,0,250,0,250,0,250,0" hai3="1,33,38,39,44,63,75,80,111,114,118,127,128,132" /><INIT seed="0,1,0,3,3,70" ten="250,250,250,250" oya="0" hai0="92,4,72,126,33,90,6,114,130,110,44,83,86" hai1="64,100,39,102,43,12,123,124,69,94,31,10,61" hai2="109,125,74,35,58,128,63,27,15,105,2,30,8" hai3="106,50,3,127,29,68,66,1,76,34,57,17,111"/><T80/><D126/><U16/><E123/><V65/><F105/><W19/><G76/><T0/><D130/><U18/><E124/><V60/><F125/><W107/><G57/><T14/><D114/><U84/><E31/><V52/><F74/><W91/><G50/><T85/><D33/><U62/><E62/><V73/><F73/><W133/><G91/><T82/><D0/><U32/><E32/><V78/><F109/><W117/><G127/><T22/><D72/><U101/><E84/><V25/><F25/><W121/><G111/><T98/><D44/><U45/><REACH who="1" step="1"/><E18/><REACH who="1" ten="250,240,250,250" step="2"/><V112/><F128/><W36/><G19/><N who="0" m="10615" /><D110/><U75/><E75/><V7/><F112/><W13/><G17/><T129/><D129/><U51/><E51/><V37/><F78/><W87/><G121/><T131/><D131/><U26/><E26/><V113/><F113/><W46/><G34/><T81/><D85/><U79/><E79/><AGARI ba="1,1" hai="4,6,79,80,81,82,83,86,90,92,98" m="10615" machi="79" ten="30,1500,0" yaku="8,1" doraHai="70" who="0" fromWho="1" sc="250,28,240,-18,250,0,250,0" /><INIT seed="0,2,0,5,5,121" ten="278,222,250,250" oya="0" hai0="96,90,125,126,47,80,33,7,10,73,42,56,111" hai1="116,65,23,61,34,49,31,120,123,91,45,86,11" hai2="102,103,57,25,27,79,51,129,97,58,109,132,36" hai3="107,92,43,32,46,24,39,44,18,2,8,130,93"/><T68/><D68/><U54/><E34/><V13/><F36/><W118/><G107/><T22/><D33/><U127/><E116/><V89/><F79/><W52/><G118/><T48/><D22/><U70/><E127/><N who="0" m="48649" /><D56/><U94/><REACH who="1" step="1"/><E11/><REACH who="1" ten="278,212,250,250" step="2"/><V135/><F135/><W37/><G32/><T133/><D133/><U53/><E53/><V128/><F132/><W77/><G52/><T105/><D10/><U20/><E20/><V50/><F129/><W62/><G130/><T67/><D67/><U100/><E100/><V78/><F103/><W115/><G8/><T74/><D7/><U117/><E117/><V122/><F102/><W15/><G43/><T3/><D3/><U83/><E83/><V75/><F128/><W69/><G2/><T98/><D80/><U59/><E59/><V4/><F122/><W87/><G69/><T5/><D5/><U71/><E71/><V14/><F4/><W9/><G9/><T60/><D42/><U110/><E110/><V35/><F35/><W72/><G39/><T16/><D111/><U99/><E99/><V6/><F6/><W76/><G37/><T95/><D98/><U85/><E85/><V81/><F109/><W55/><G87/><T82/><D82/><U66/><E66/><V64/><F58/><W0/><G0/><T101/><D101/><U112/><E112/><V41/><F41/><W1/><G115/><T17/><D105/><U40/><E40/><V21/><F21/><W134/><G1/><T108/><D108/><U114/><E114/><V19/><F57/><W131/><G134/><T88/><D96/><RYUUKYOKU ba="2,1" sc="278,-10,212,30,250,-10,250,-10" hai1="23,31,45,49,54,61,65,70,86,91,94,120,123" /><INIT seed="1,3,1,3,2,99" ten="268,242,240,240" oya="1" hai0="60,22,31,5,51,126,56,1,114,73,7,127,68" hai1="37,88,130,103,4,69,45,61,15,53,106,17,40" hai2="92,48,93,79,134,59,50,117,23,131,19,20,111" hai3="0,75,38,27,112,135,10,121,72,13,87,107,74"/><U78/><E130/><V26/><F117/><W91/><G112/><T11/><D114/><U43/><E78/><V9/><F111/><W83/><G121/><T90/><D73/><U115/><E115/><V34/><F34/><W29/><G135/><T96/><D68/><U89/><E4/><V54/><F134/><W47/><G107/><T6/><D51/><U36/><E43/><V101/><F131/><W86/><G0/><T113/><D113/><U12/><E37/><V128/><F128/><W104/><G104/><T21/><D1/><U57/><E69/><V119/><F119/><W129/><G86/><T24/><D21/><U123/><E123/><V25/><F9/><W110/><G129/><T85/><D96/><U32/><E32/><V64/><F64/><W42/><G110/><T70/><D11/><U108/><E108/><V49/><F79/><W82/><G82/><T28/><D28/><U84/><E84/><V105/><F105/><W30/><REACH who="3" step="1"/><G27/><REACH who="3" ten="268,242,240,230" step="2"/><T44/><D24/><U100/><E106/><V102/><F92/><W118/><G118/><T33/><D85/><U109/><E109/><V71/><F93/><W67/><G67/><T3/><D3/><U39/><E39/><V95/><F95/><W76/><G76/><T35/><D126/><U133/><E133/><V62/><F71/><W125/><G125/><T2/><D70/><U116/><E116/><V65/><F65/><W63/><G63/><T52/><D2/><U98/><E15/><V122/><F122/><W55/><G55/><T8/><D127/><U18/><E12/><V97/><F97/><RYUUKYOKU ba="3,2" sc="268,-15,242,-15,240,15,230,15" hai2="19,20,23,25,26,48,49,50,54,59,62,101,102" hai3="10,13,29,30,38,42,47,72,74,75,83,87,91" /><INIT seed="2,4,2,1,2,86" ten="253,227,255,245" oya="2" hai0="99,85,109,26,42,54,98,1,67,81,15,76,68" hai1="7,14,22,61,43,120,90,3,106,96,94,78,8" hai2="119,23,30,58,25,121,101,135,77,122,59,108,89" hai3="131,74,57,87,73,113,66,12,60,20,127,117,5"/><V118/><F77/><W84/><G117/><T125/><D109/><U105/><E120/><V35/><F101/><W129/><G113/><T17/><D125/><U70/><E78/><V10/><F135/><W112/><G112/><T49/><D1/><U36/><E43/><V45/><F45/><W134/><G127/><T33/><D42/><U6/><E36/><V88/><F35/><W104/><G104/><T0/><D0/><U19/><REACH who="1" step="1"/><E7/><REACH who="1" ten="253,217,255,245" step="2"/><V93/><F121/><W72/><G134/><T128/><D128/><N who="3" m="49225" /><G5/><T79/><D76/><U114/><E114/><V95/><F122/><W91/><G73/><T11/><D68/><U62/><E62/><V92/><F118/><W75/><G75/><T63/><D63/><U18/><E18/><V41/><F41/><W116/><G116/><T130/><D130/><U71/><E71/><V46/><F119/><W115/><G115/><T39/><D39/><U44/><E44/><V103/><F46/><W32/><G74/><T52/><D67/><AGARI ba="4,3" hai="3,6,8,14,19,22,61,67,70,90,94,96,105,106" machi="67" ten="40,2600,0" yaku="1,1,52,1,53,0" doraHai="86" doraHaiUra="37" who="1" fromWho="0" sc="253,-38,217,68,255,0,245,0" /><INIT seed="3,0,0,3,1,108" ten="215,285,255,245" oya="3" hai0="30,21,118,9,107,113,87,64,99,119,55,80,62" hai1="78,75,79,103,45,128,97,96,58,61,123,117,42" hai2="1,71,10,17,28,24,2,40,122,59,95,44,85" hai3="0,13,47,104,26,120,12,82,121,18,111,16,132"/><W126/><G104/><T27/><D55/><U49/><E123/><V77/><F71/><W37/><G82/><T135/><D135/><U125/><E125/><V8/><F122/><N who="3" m="47211" /><G47/><T5/><D113/><U134/><E134/><V50/><F59/><W112/><G37/><T133/><D133/><U130/><E117/><V105/><F105/><W56/><G56/><T100/><D62/><U127/><E127/><V6/><F17/><N who="3" m="6763" /><G132/><T72/><D64/><U69/><E69/><V114/><F114/><W83/><G83/><T73/><D118/><U92/><E97/><V39/><F39/><W60/><G126/><T94/><D107/><U53/><REACH who="1" step="1"/><E75/><REACH who="1" ten="215,275,255,245" step="2"/><V34/><F85/><W54/><G112/><T14/><REACH who="0" step="1"/><D119/><REACH who="0" ten="205,275,255,245" step="2"/><U3/><E3/><V35/><F2/><W23/><G0/><T90/><AGARI ba="0,2" hai="5,9,14,21,27,30,72,73,80,87,90,94,99,100" machi="90" ten="20,5200,0" yaku="1,1,2,1,0,1,7,1,53,0" doraHai="108" doraHaiUra="129" who="0" fromWho="0" sc="205,72,275,-13,255,-13,245,-26" /><INIT seed="4,0,0,5,3,63" ten="277,262,242,219" oya="0" hai0="102,131,94,15,40,41,60,67,113,39,75,70,132" hai1="114,53,58,36,77,13,9,108,120,64,29,7,79" hai2="44,59,85,51,100,103,66,117,42,6,49,93,127" hai3="14,89,82,115,130,92,0,38,133,24,5,110,87"/><T76/><D113/><U47/><E108/><V88/><F127/><W122/><G38/><T20/><D132/><U101/><E120/><V106/><F117/><W8/><G110/><T107/><D131/><U31/><E101/><V118/><F118/><W78/><G133/><T91/><D39/><U104/><E104/><V105/><F105/><W11/><G122/><T121/><D121/><U25/><E114/><V125/><F125/><W90/><G115/><T56/><D70/><U95/><E95/><V68/><F106/><W52/><G130/><T72/><D102/><U73/><E73/><V98/><F6/><W57/><G24/><T16/><D107/><U96/><E96/><V17/><F68/><W37/><G37/><T1/><D1/><U35/><E31/><V19/><F51/><W126/><G126/><T27/><D27/><U26/><E26/><V34/><F34/><W74/><G90/><T116/><D116/><U135/><E135/><V86/><F100/><W61/><REACH who="3" step="1"/><G11/><REACH who="3" ten="277,262,242,209" step="2"/><T119/><D119/><U97/><E36/><V134/><F134/><W123/><G123/><T18/><D76/><U21/><E77/><V111/><F111/><W69/><G69/><T109/><D109/><U4/><E79/><V32/><F32/><W83/><G83/><T33/><D33/><U99/><E35/><V30/><F30/><W45/><G45/><T46/><D46/><U62/><E7/><V84/><F103/><W23/><G23/><T80/><D80/><U28/><E28/><V54/><F42/><N who="0" m="16490" /><D18/><U124/><E124/><V55/><F55/><W112/><G112/><RYUUKYOKU ba="0,1" sc="277,0,262,0,242,0,209,0" hai0="15,16,20,56,60,67,72,75,91,94" hai1="4,9,13,21,25,29,47,53,58,62,64,97,99" hai2="17,19,44,49,54,59,66,84,85,86,88,93,98" hai3="0,5,8,14,52,57,61,74,78,82,87,89,92" /><INIT seed="4,1,1,1,3,58" ten="277,262,242,209" oya="0" hai0="14,103,85,56,93,2,82,71,64,132,34,21,119" hai1="88,87,5,100,112,29,53,94,92,32,16,98,9" hai2="130,117,73,28,8,133,40,4,108,17,129,44,95" hai3="113,1,107,18,22,126,25,23,102,118,42,46,20"/><T30/><D132/><U51/><E112/><V50/><F108/><W96/><G118/><T111/><D119/><U45/><E32/><V97/><F117/><W33/><G113/><T128/><D2/><U43/><E29/><V12/><F28/><W116/><G116/><T76/><D71/><U124/><E124/><V78/><F133/><W86/><G126/><T99/><D128/><N who="2" m="49258" /><F78/><W68/><G68/><T79/><D111/><U48/><E16/><V11/><F73/><W19/><G1/><T89/><D34/><U83/><E9/><N who="2" m="4135" /><F17/><W106/><G106/><T66/><D66/><U115/><E115/><V125/><F125/><W37/><G33/><T49/><D14/><U0/><E0/><V114/><F114/><W74/><G74/><T72/><D72/><U52/><E5/><V101/><AGARI ba="1,1" hai="8,11,40,44,50,95,97,101" m="4135,49258" machi="101" ten="30,1100,0" yaku="19,1" doraHai="58" who="2" fromWho="2" sc="277,-6,262,-4,242,24,209,-4" /><INIT seed="5,0,0,5,2,52" ten="271,258,266,205" oya="1" hai0="108,2,72,128,37,93,65,117,0,3,63,103,36" hai1="9,111,102,100,62,70,17,76,123,35,18,19,113" hai2="115,64,92,126,10,75,31,95,68,119,59,53,14" hai3="121,88,27,16,49,101,85,74,133,57,21,96,91"/><U5/><E123/><V66/><F119/><W24/><G74/><T135/><D108/><U20/><E111/><V127/><F75/><W23/><G121/><T48/><D117/><U99/><E35/><V56/><F31/><W26/><G133/><T83/><D135/><U131/><E113/><V132/><F115/><W129/><G129/><T116/><D116/><U7/><E131/><V13/><F132/><W61/><G49/><T84/><D128/><U42/><E76/><V89/><F53/><N who="3" m="33967" /><G23/><T60/><D72/><U58/><E42/><V51/><F51/><W40/><G40/><T109/><D109/><U90/><E70/><V8/><F89/><N who="3" m="34379" /><G85/><T34/><D34/><U118/><E118/><V124/><F124/><W71/><G71/><AGARI ba="0,0" hai="8,10,13,14,56,59,64,66,68,71,92,95,126,127" machi="71" ten="25,6400,0" yaku="22,2,52,2" doraHai="52" who="2" fromWho="3" sc="271,0,258,0,266,64,205,-64" owari="271,7.1,258,-14.2,330,43.0,141,-35.9" /></mjloggm>