<mjloggm ver="2.3"><GO type="225" lobby="0"/><UN n0="%43%68%65" n1="%E6%9D%B1%E9%A2%A8%E3%81%AE%E3%81%8D%E3%82%83%E3%81%B7%E3%81%95%E3%82%93" n2="%E5%B0%8F%E9%B3%A5%E9%81%8A%E7%B7%B4%E7%84%A1%32%31%E6%AD%B3" n3="%E6%B7%91%E5%A5%B3%E3%81%AE%E5%97%9C%E3%81%BF" dan="16,16,16,16" rate="2177.20,2101.27,2149.13,2115.15" sx="M,M,F,M"/><TAIKYOKU oya="0"/><INIT seed="0,0,0,1,5,72" ten="250,250,250,250" oya="0" hai0="130,127,65,106,39,52,111,55,70,82,56,8,27" hai1="115,22,108,31,75,121,123,97,3,18,95,133,48" hai2="100,15,114,101,109,29,67,69,84,20,11,117,81" hai3="47,102,51,49,90,79,45,30,43,17,21,13,89"/><T104/><D39/><U78/><E3/><V53/><F114/><W85/><G102/><T26/><D127/><U9/><E115/><V135/><F109/><W86/><G30/><T120/><D120/><U110/><E133/><V19/><F117/><W46/><G79/><T134/><D134/><U61/><E9/><V62/><F53/><W118/><G118/><T105/><D111/><N who="1" m="42539" /><E48/><V71/><F71/><W54/><REACH who="3" step="1"/><G46/><REACH who="3" ten="250,250,250,240" step="2"/><T25/><D106/><U88/><E31/><V99/><F135/><W33/><G33/><T91/><D105/><U35/><E35/><V16/><F29/><W14/><G14/><T76/><D104/><U73/><E61/><V93/><F101/><W50/><G50/><T122/><D122/><N who="1" m="46603" /><E78/><V113/><F113/><W38/><G38/><T94/><D76/><U32/><E32/><V59/><F69/><W60/><G60/><T83/><D70/><U132/><E132/><V42/><F100/><W1/><G1/><T28/><D28/><U5/><E5/><V125/><F19/><W57/><G57/><T64/><D56/><U0/><E0/><V7/><F59/><W112/><G112/><T126/><D27/><AGARI ba="0,1" hai="18,22,27,73,75,88,95,97" m="46603,42539" machi="27" ten="30,2000,0" yaku="14,1,54,1" doraHai="72" who="1" fromWho="0" sc="250,-20,250,30,250,0,240,0" /><INIT seed="1,0,0,0,2,78" ten="230,280,250,240" oya="1" hai0="72,134,24,9,63,51,28,44,64,71,98,30,46" hai1="49,48,76,110,32,37,22,1,70,73,61,39,89" hai2="41,62,122,40,115,19,105,6,50,81,125,106,113" hai3="97,130,82,33,111,35,100,118,38,108,77,126,94"/><U117/><E32/><V92/><F122/><W3/><G3/><T57/><D134/><U84/><E1/><V75/><F6/><W79/><G38/><T17/><D72/><U20/><E117/><V52/><F125/><W85/><G126/><T29/><D71/><U10/><E10/><V13/><F92/><W90/><G130/><T23/><D98/><U34/><E34/><N who="3" m="12810" /><G118/><T128/><D128/><U58/><E110/><AGARI ba="0,0" hai="77,79,82,85,90,94,97,100,108,110,111" m="12810" machi="110" ten="30,2000,0" yaku="14,1,52,1" doraHai="78" who="3" fromWho="1" sc="230,0,280,-20,250,0,240,20" /><INIT seed="2,0,0,1,2,134" ten="230,260,250,260" oya="2" hai0="60,51,18,41,52,118,125,0,79,114,13,28,97" hai1="54,61,124,48,119,87,102,43,49,1,2,46,75" hai2="6,38,22,30,21,78,66,15,62,9,110,37,88" hai3="104,133,106,16,123,19,117,72,33,29,99,57,23"/><V126/><F78/><W96/><G117/><T84/><D114/><U45/><E75/><V76/><F76/><W108/><G123/><T111/><D0/><U4/><E119/><V95/><F110/><W129/><G72/><T39/><D118/><U53/><E102/><V47/><F126/><W107/><G133/><T50/><D111/><U44/><E4/><V35/><F35/><W135/><G129/><T93/><D39/><U130/><E130/><V127/><F127/><W34/><G135/><T90/><D28/><U32/><E32/><V10/><F10/><W71/><G71/><T81/><D125/><U24/><E24/><V17/><F30/><W74/><G74/><T122/><D122/><U112/><E112/><V27/><F22/><W89/><G108/><T94/><D94/><U20/><E20/><V12/><F47/><W86/><G33/><T91/><D41/><U55/><E87/><V73/><F27/><W116/><G34/><T131/><D131/><U103/><E103/><V85/><REACH who="2" step="1"/><F73/><REACH who="2" ten="230,260,240,260" step="2"/><W31/><G116/><T113/><D79/><U67/><E124/><V83/><F83/><N who="3" m="49375" /><G23/><N who="0" m="11727" /><D113/><U68/><REACH who="1" step="1"/><E45/><REACH who="1" ten="230,250,240,260" step="2"/><V59/><AGARI ba="0,2" hai="6,9,12,15,17,21,37,38,59,62,66,85,88,95" machi="59" ten="20,7800,0" yaku="1,1,0,1,7,1,54,1,53,0" doraHai="134" doraHaiUra="36" who="2" fromWho="2" sc="230,-26,250,-26,240,98,260,-26" /><INIT seed="2,1,0,3,0,98" ten="204,224,338,234" oya="2" hai0="8,106,37,52,107,34,87,93,104,42,120,65,51" hai1="88,16,85,61,18,41,101,110,5,28,14,79,35" hai2="125,24,30,97,19,0,131,78,77,63,32,127,118" hai3="126,132,113,92,91,56,121,12,31,69,102,100,9"/><V36/><F118/><W21/><G69/><T86/><D120/><U40/><E110/><V23/><F36/><W108/><G121/><T103/><D34/><U17/><E35/><V27/><F63/><W82/><G108/><T44/><D65/><U114/><E114/><V26/><F97/><W59/><G113/><T123/><D123/><U1/><E1/><V90/><F90/><W124/><G82/><T112/><D112/><U48/><E79/><V111/><F0/><W129/><G129/><T80/><D8/><N who="1" m="4367" /><E28/><V60/><F60/><W128/><G132/><T43/><D37/><U130/><E130/><V33/><F111/><W76/><G76/><T117/><D117/><U22/><E61/><V134/><F78/><W47/><G47/><T6/><D6/><U122/><E122/><V55/><F77/><W64/><G128/><T54/><D104/><U119/><E119/><V62/><F131/><W83/><G31/><T96/><D107/><U73/><E73/><V66/><F134/><W95/><G21/><T25/><D106/><U50/><E22/><V71/><F33/><W46/><G126/><T75/><D75/><U15/><E15/><V53/><REACH who="2" step="1"/><F24/><REACH who="2" ten="204,224,328,234" step="2"/><W11/><G12/><T105/><D25/><U10/><E10/><V7/><F7/><W94/><G9/><T70/><D70/><U4/><E4/><V3/><F3/><W115/><G11/><T49/><D105/><U135/><E135/><V99/><F99/><W74/><G115/><T13/><D13/><U81/><E101/><N who="3" m="39018" /><G74/><T68/><D68/><U39/><E39/><V84/><F84/><RYUUKYOKU ba="1,1" sc="204,-15,224,15,328,15,234,-15" hai1="16,17,18,40,41,48,50,81,85,88" hai2="19,23,26,27,30,32,53,55,62,66,71,125,127" /><INIT seed="2,2,1,1,4,78" ten="189,239,343,219" oya="2" hai0="25,103,92,121,95,55,113,129,24,16,66,120,37" hai1="114,5,18,111,83,125,3,102,36,41,50,134,128" hai2="135,87,21,32,69,49,126,101,1,28,29,39,81" hai3="47,98,100,13,33,19,73,123,40,122,45,97,77"/><V96/><F39/><W118/><G33/><T119/><D113/><U60/><E36/><V34/><F69/><W8/><G118/><T42/><D119/><U4/><E114/><V82/><F1/><W31/><G31/><T61/><D129/><U86/><E128/><V53/><F135/><W115/><G115/><T59/><D37/><U89/><E134/><V117/><F126/><W131/><G131/><T99/><D42/><U46/><E111/><V93/><F117/><W90/><G47/><T105/><D66/><U7/><E125/><V133/><F133/><W70/><G70/><T62/><D62/><U43/><E102/><V15/><F32/><W57/><G57/><T35/><D24/><U2/><E41/><V9/><F21/><W85/><G45/><T79/><D79/><U104/><E104/><V44/><F34/><W74/><G40/><T17/><D35/><U76/><E18/><N who="2" m="8559" /><F81/><N who="3" m="45231" /><G74/><T63/><D63/><U56/><REACH who="1" step="1"/><E76/><AGARI ba="2,1" hai="28,29,44,49,53,76,82,87,93,96,101" m="8559" machi="76" ten="30,2900,0" yaku="8,1,52,1" doraHai="78" who="2" fromWho="1" sc="189,0,239,-35,343,45,219,0" /><INIT seed="2,3,0,0,0,8" ten="189,204,388,219" oya="2" hai0="119,73,43,92,69,96,129,125,11,28,12,20,45" hai1="0,18,133,97,131,68,117,87,116,25,16,79,52" hai2="14,44,67,108,98,41,17,130,104,56,53,48,57" hai3="135,37,83,42,50,31,95,30,84,78,63,85,122"/><V19/><F130/><W80/><G122/><T58/><D129/><U106/><E68/><V62/><F108/><W76/><G135/><T82/><D69/><U4/><E4/><V70/><F19/><W34/><G34/><T40/><D125/><U132/><E0/><V86/><F86/><W118/><G118/><T113/><D113/><U128/><E97/><V33/><F33/><W123/><G123/><T124/><D124/><U90/><E106/><V111/><F111/><W1/><G1/><T60/><D119/><N who="1" m="45643" /><E79/><V55/><F98/><W9/><G37/><T71/><D71/><U91/><E52/><V89/><F89/><N who="1" m="33801" /><E87/><V29/><F53/><W75/><G75/><T5/><D82/><U127/><E127/><V10/><F104/><W7/><G95/><T46/><D73/><U65/><E65/><V47/><F29/><W64/><G64/><N who="0" m="38935" /><D43/><U36/><E36/><AGARI ba="3,0" hai="10,14,17,36,41,44,47,48,55,56,57,62,67,70" machi="36" ten="30,2900,0" yaku="7,1,52,1" doraHai="8" who="2" fromWho="1" sc="189,0,204,-38,388,38,219,0" /><INIT seed="2,4,0,1,1,20" ten="189,166,426,219" oya="2" hai0="102,69,27,93,43,58,108,11,33,12,130,28,132" hai1="42,32,103,113,78,56,86,3,34,101,66,70,63" hai2="129,123,122,105,97,82,0,135,68,90,6,71,41" hai3="99,91,29,65,79,104,111,84,9,100,35,45,7"/><V54/><F41/><W74/><G111/><T115/><D115/><U62/><E113/><V95/><F135/><W98/><G98/><T92/><D69/><U121/><E3/><V120/><F54/><W126/><G126/><T15/><D132/><U52/><E121/><V5/><F129/><W118/><G118/><T96/><D130/><U13/><E42/><V83/><F105/><W30/><G65/><T88/><D108/><U59/><E70/><V25/><F68/><W53/><G35/><T61/><D43/><U125/><E125/><V17/><F71/><W57/><G45/><T39/><D11/><U49/><E49/><V19/><F0/><W76/><G76/><T85/><REACH who="0" step="1"/><D39/><REACH who="0" ten="179,166,426,219" step="2"/><U107/><E107/><V60/><F122/><W44/><G9/><T14/><D14/><U37/><E37/><V26/><F123/><W117/><G104/><T94/><D94/><U50/><E13/><V73/><F95/><W134/><G134/><T114/><D114/><U1/><E1/><V38/><F120/><W55/><G117/><T112/><D112/><U64/><E32/><V72/><F38/><W127/><G127/><T22/><D22/><U116/><E34/><V80/><F82/><W81/><G81/><T131/><D131/><U47/><E116/><V77/><F80/><AGARI ba="4,1" hai="47,50,52,56,59,62,63,64,66,78,80,86,101,103" machi="80" ten="40,5200,0" yaku="9,1,8,1,54,1" doraHai="20" who="1" fromWho="2" sc="179,0,166,74,426,-64,219,0" /><INIT seed="3,0,0,0,5,3" ten="179,240,362,219" oya="3" hai0="108,100,111,121,7,9,38,66,130,115,80,1,46" hai1="84,120,119,33,59,10,102,91,58,65,110,50,35" hai2="126,109,55,60,14,89,101,15,79,104,131,20,21" hai3="117,114,52,67,11,24,76,48,23,27,51,39,135"/><W8/><G117/><T22/><D121/><U45/><E119/><V18/><F79/><W129/><G114/><T107/><D115/><U6/><E120/><V113/><F109/><N who="0" m="42058" /><D130/><U44/><E110/><V78/><F89/><W122/><G122/><T28/><D66/><U42/><E102/><V73/><F78/><W63/><G129/><T90/><D28/><U68/><E68/><V49/><F73/><W4/><G135/><T85/><D22/><U53/><E65/><V5/><F60/><W81/><G11/><T31/><D31/><U57/><E35/><V87/><F21/><W95/><G67/><T103/><D107/><U56/><E33/><V94/><F104/><W134/><G134/><T36/><D36/><U112/><E112/><V123/><F20/><W106/><G39/><T124/><D124/><U40/><N who="1" m="14336" /><DORA hai="74" /><U43/><E44/><V0/><F126/><W64/><G106/><T17/><D17/><U83/><REACH who="1" step="1"/><E43/><REACH who="1" ten="179,230,362,219" step="2"/><V77/><F113/><W47/><G47/><T133/><D133/><U16/><E16/><V98/><F18/><W62/><G64/><T70/><D70/><U13/><AGARI ba="0,1" hai="6,10,13,40,42,45,50,53,83,84,91" m="14336" machi="13" ten="40,8000,1" yaku="1,1,0,1,8,1,52,1,53,0" doraHai="3,74" doraHaiUra="105,12" who="1" fromWho="1" sc="179,-20,230,90,362,-20,219,-40" owari="159,-34.1,320,12.0,342,44.2,179,-22.1" /></mjloggm>