<mjloggm ver="2.3"><GO type="225" lobby="0"/><UN n0="%E6%98%93%E5%88%A9%E8%96%A9%E4%BC%AF" n1="%E5%8D%A0%E3%81%84%E5%B8%AB%E8%A3%8F%E3%81%AA%E3%81%84%E3%81%97" n2="%70%68%65%6E%6F%6D%65" n3="%E3%83%96%E3%83%83%E3%83%91%E3%82%AA%E3%83%96%E3%83%81%E3%82%AD%E3%83%B3" dan="17,17,16,16" rate="2147.12,2229.50,2141.94,2079.49" sx="F,M,M,M"/><TAIKYOKU oya="0"/><INIT seed="0,0,0,3,1,61" ten="250,250,250,250" oya="0" hai0="89,126,108,15,1,114,34,112,102,44,128,84,60" hai1="130,58,97,134,63,31,14,132,96,40,74,120,11" hai2="104,23,9,135,79,27,42,69,6,124,20,87,94" hai3="18,71,64,5,12,39,29,0,95,52,53,72,80"/><T93/><D1/><U21/><E120/><V76/><F104/><W83/><G39/><T117/><D34/><U131/><E74/><V36/><F69/><W28/><G0/><T119/><D44/><U13/><E40/><V115/><F115/><N who="0" m="44074" /><D15/><U62/><E21/><V24/><F124/><W17/><G71/><T26/><D26/><U123/><E31/><N who="3" m="11850" /><G72/><T100/><D60/><N who="1" m="23083" /><E58/><V7/><F42/><W129/><G64/><T77/><D128/><N who="1" m="49195" /><E123/><V54/><F36/><W41/><G41/><T81/><D126/><U127/><E127/><V56/><F56/><W47/><G129/><T105/><D105/><U106/><E106/><V75/><F75/><W122/><G122/><T85/><D108/><U88/><E14/><V99/><F54/><N who="3" m="21099" /><G47/><T116/><AGARI ba="0,0" hai="77,81,84,85,89,93,100,102,116,117,119" m="44074" machi="116" ten="40,3900,0" yaku="34,2" doraHai="61" who="0" fromWho="0" sc="250,39,250,-13,250,-13,250,-13" /><INIT seed="0,1,0,0,1,19" ten="289,237,237,237" oya="0" hai0="21,66,102,51,24,48,55,56,28,98,64,117,75" hai1="92,77,79,44,16,36,65,81,94,33,6,116,91" hai2="7,8,132,109,32,126,73,41,127,130,115,121,60" hai3="50,134,125,106,46,20,76,100,9,15,29,3,14"/><T123/><D117/><U83/><E33/><V93/><F121/><W97/><G125/><T63/><D75/><U67/><E116/><V82/><F115/><W89/><G134/><T95/><D123/><U87/><E6/><V39/><F132/><W113/><G113/><T27/><D51/><U2/><E2/><V131/><F32/><W112/><G112/><T124/><D124/><N who="2" m="47658" /><F109/><W43/><G76/><T4/><D4/><U5/><E5/><V10/><F93/><N who="1" m="35945" /><E36/><V99/><F99/><W11/><G3/><T53/><REACH who="0" step="1"/><D27/><REACH who="0" ten="279,237,237,237" step="2"/><U110/><E110/><V22/><F7/><W122/><G50/><T35/><D35/><U119/><E119/><V107/><F73/><W12/><G122/><T54/><D54/><U84/><E44/><AGARI ba="1,1" hai="21,24,28,44,48,53,55,56,63,64,66,95,98,102" machi="44" ten="30,18000,2" yaku="1,1,7,1,8,1,52,1,53,2" doraHai="19" doraHaiUra="62" who="0" fromWho="1" sc="279,193,237,-183,237,0,237,0" /><INIT seed="0,2,0,4,2,90" ten="472,54,237,237" oya="0" hai0="3,110,8,61,131,72,7,40,55,46,58,26,102" hai1="70,51,98,133,48,92,77,12,112,39,63,20,29" hai2="53,117,9,91,73,123,52,95,28,27,36,120,32" hai3="122,15,127,135,88,22,80,109,96,121,85,68,64"/><T119/><D119/><U113/><E39/><V107/><F117/><W56/><G109/><T6/><D131/><U16/><E77/><V19/><F107/><W118/><G118/><T60/><D72/><U65/><E29/><V82/><F36/><W37/><G37/><T50/><D110/><U5/><E5/><V128/><F128/><W62/><G127/><T125/><D125/><U18/><E18/><V59/><F82/><W21/><G135/><T81/><D7/><U129/><E129/><V49/><F73/><W94/><G68/><T111/><D111/><U35/><E35/><V114/><F53/><W42/><G42/><T87/><D102/><U13/><E13/><V97/><F114/><N who="1" m="44137" /><E133/><V105/><F105/><W0/><G0/><T126/><D26/><U31/><E31/><V4/><REACH who="2" step="1"/><F19/><REACH who="2" ten="472,54,227,237" step="2"/><W23/><REACH who="3" step="1"/><G15/><AGARI ba="2,1" hai="4,9,15,27,28,32,49,52,59,91,95,97,120,123" machi="15" ten="30,12000,2" yaku="1,1,2,1,7,1,52,1,54,1,53,1" doraHai="90" doraHaiUra="25" who="2" fromWho="3" sc="472,0,54,0,227,136,237,-126" /><INIT seed="1,0,0,0,2,1" ten="472,54,363,111" oya="1" hai0="95,101,124,42,67,73,97,115,8,134,99,82,28" hai1="10,79,37,54,89,59,51,52,69,70,57,24,131" hai2="114,46,4,94,125,83,96,41,113,45,133,135,29" hai3="36,22,5,100,112,49,2,7,104,56,27,123,118"/><U15/><E37/><V25/><F83/><W38/><G123/><T64/><D115/><N who="2" m="44042" /><F125/><W9/><G112/><T30/><D134/><N who="2" m="51210" /><F41/><W35/><G35/><T121/><D121/><U39/><E131/><V120/><F120/><W6/><G118/><T91/><D42/><U111/><E39/><V74/><F74/><W23/><G38/><T19/><D73/><U87/><E79/><V122/><F122/><W132/><G36/><T129/><D129/><U66/><E111/><V31/><F4/><W65/><G132/><T50/><D50/><U43/><E43/><V44/><F25/><W81/><G81/><T80/><D80/><U90/><E24/><V98/><F98/><W127/><G127/><T71/><D99/><U13/><E66/><V102/><AGARI ba="0,0" hai="29,31,44,45,46,94,96,102" m="51210,44042" machi="102" ten="40,2700,0" yaku="11,1,20,1" doraHai="1" who="2" fromWho="2" sc="472,-7,54,-13,363,27,111,-7" /><INIT seed="2,0,0,1,5,8" ten="465,41,390,104" oya="2" hai0="5,34,56,82,41,58,124,12,6,69,81,121,4" hai1="39,27,7,83,119,120,9,61,10,85,71,133,100" hai2="21,42,126,23,37,98,70,75,30,87,47,52,60" hai3="40,89,96,115,22,17,88,90,91,25,43,33,49"/><V45/><F126/><W0/><G115/><T106/><D69/><U19/><E119/><V46/><F75/><W111/><G111/><T108/><D34/><U63/><E39/><V132/><F132/><W113/><G113/><T127/><D106/><U73/><E120/><V99/><F87/><W109/><G109/><T80/><D108/><U95/><E133/><V1/><F1/><W2/><G33/><T26/><D121/><U118/><E73/><V84/><F84/><W102/><N who="3" m="22528" /><DORA hai="62" /><W50/><G43/><T107/><D107/><U72/><E118/><V67/><F46/><W59/><G49/><T128/><D128/><U3/><E72/><V122/><F122/><W55/><REACH who="3" step="1"/><G40/><REACH who="3" ten="465,41,390,94" step="2"/><T51/><D41/><U125/><E125/><V97/><REACH who="2" step="1"/><F30/><REACH who="2" ten="465,41,380,94" step="2"/><W24/><G24/><T16/><D26/><U94/><E27/><V29/><F29/><W131/><G131/><T77/><D127/><U129/><E129/><V110/><F110/><W20/><G20/><T76/><D124/><U66/><E83/><V36/><F36/><W13/><G13/><T130/><D130/><U35/><E35/><V74/><F74/><W93/><AGARI ba="0,2" hai="0,2,17,22,25,50,55,59,93,96,102" m="22528" machi="93" ten="40,8000,1" yaku="1,1,0,1,54,1,53,1" doraHai="8,62" doraHaiUra="18,123" who="3" fromWho="3" sc="465,-20,41,-20,380,-40,94,100" /><INIT seed="3,0,0,2,5,18" ten="445,21,340,194" oya="3" hai0="22,29,103,52,75,104,9,85,33,32,74,107,97" hai1="79,134,128,8,106,51,39,111,115,98,119,37,88" hai2="49,26,80,100,82,112,58,57,92,6,36,1,87" hai3="12,68,65,102,2,91,38,55,117,120,72,77,19"/><W28/><G117/><T93/><D9/><U50/><E8/><V127/><F36/><W17/><G120/><T105/><D85/><U30/><E30/><V63/><F112/><W114/><G2/><T73/><D52/><U34/><E79/><V69/><F127/><W48/><G114/><T5/><D5/><U133/><E98/><V125/><F125/><W86/><G38/><T14/><D14/><U42/><E42/><V126/><F69/><W67/><G102/><T124/><D124/><U90/><E119/><V3/><F6/><W83/><G28/><T78/><D78/><U109/><E115/><V31/><F49/><W35/><G68/><T108/><D108/><U101/><E101/><V89/><F58/><W99/><G35/><T46/><D46/><U23/><E34/><V40/><F40/><W4/><G4/><T59/><D59/><U71/><E71/><V15/><F15/><W53/><G19/><T96/><D96/><U110/><E110/><V70/><F70/><W129/><G129/><T62/><D62/><U13/><E13/><V113/><F113/><W121/><G121/><T130/><D130/><U64/><E128/><V45/><F126/><W27/><G99/><T24/><AGARI ba="0,0" hai="22,24,29,32,33,73,74,75,93,97,103,104,105,107" machi="24" ten="40,2700,0" yaku="0,1,52,1" doraHai="18" who="0" fromWho="0" sc="445,27,21,-7,340,-7,194,-13" owari="472,57.2,14,-48.6,333,13.3,181,-21.9" /></mjloggm>