<mjloggm ver="2.3"><GO type="225" lobby="0"/><UN n0="%E7%99%BD%E5%80%89%E5%AF%9B%E4%B9%8B" n1="%77%72%77%72%77%72%77%72" n2="%E4%BF%BA%E3%81%A8%E5%A6%96%E5%A4%A2" n3="%65%76%69%61%6E%36%31%39" dan="16,16,16,16" rate="2122.55,2160.35,2097.55,2050.42" sx="M,M,F,M"/><TAIKYOKU oya="0"/><INIT seed="0,0,0,3,1,6" ten="250,250,250,250" oya="0" hai0="39,60,35,31,70,103,19,69,46,87,18,16,25" hai1="61,59,41,123,26,76,42,65,22,116,5,128,85" hai2="98,131,20,112,37,52,83,47,73,29,129,21,120" hai3="89,108,3,2,67,71,49,11,111,63,24,101,104"/><T122/><D122/><U30/><E116/><V1/><F120/><W109/><G49/><T88/><D103/><U115/><E123/><V80/><F112/><W12/><G89/><T9/><D9/><U74/><E74/><V97/><F1/><W75/><G75/><T57/><D46/><U82/><E115/><V51/><F37/><W105/><G24/><T106/><D39/><U10/><REACH who="1" step="1"/><E128/><REACH who="1" ten="250,240,250,250" step="2"/><V99/><F131/><W113/><G113/><T50/><D106/><U72/><E72/><V134/><F129/><W48/><G105/><T78/><D78/><U107/><E107/><V84/><F134/><W58/><G104/><T62/><D50/><U127/><E127/><V14/><F73/><W27/><G48/><T92/><REACH who="0" step="1"/><D62/><REACH who="0" ten="240,240,250,250" step="2"/><U135/><E135/><V34/><F51/><W86/><G63/><T44/><D44/><U79/><E79/><V28/><F47/><W90/><G109/><T130/><D130/><U33/><E33/><V8/><F34/><W36/><G111/><T125/><D125/><U114/><E114/><V4/><F21/><W40/><G108/><T13/><D13/><AGARI ba="0,2" hai="5,10,13,22,26,30,41,42,59,61,65,76,82,85" machi="13" ten="30,7700,0" yaku="1,1,7,1,8,1,52,1,53,0" doraHai="6" doraHaiUra="64" who="1" fromWho="0" sc="240,-77,240,97,250,0,250,0" /><INIT seed="1,0,0,1,5,19" ten="163,337,250,250" oya="1" hai0="4,70,85,91,61,76,108,3,101,63,33,106,96" hai1="23,44,26,17,28,132,62,40,86,0,71,12,118" hai2="92,48,20,68,79,51,64,126,84,104,47,103,56" hai3="75,111,113,69,95,131,59,42,66,77,55,83,116"/><U119/><E132/><V32/><F32/><W8/><G113/><T98/><D33/><U52/><E0/><V50/><F104/><W49/><G111/><T67/><D108/><U10/><E86/><V100/><F68/><W122/><G131/><T74/><D96/><U43/><E43/><V2/><F2/><W39/><G122/><T129/><D129/><U29/><E29/><V53/><F126/><W5/><G95/><T94/><D63/><U73/><E73/><V11/><F11/><W90/><G90/><T127/><D127/><U24/><E24/><V133/><F133/><W93/><G93/><T27/><D27/><U21/><E10/><V31/><F64/><W112/><G112/><T36/><D36/><U117/><E71/><V105/><F105/><W110/><G110/><T87/><D87/><U30/><E30/><V16/><F31/><W6/><G8/><T37/><D37/><U35/><E35/><V130/><F130/><W89/><G89/><T57/><D3/><U15/><E15/><N who="2" m="9247" /><F92/><W60/><G116/><T80/><REACH who="0" step="1"/><D70/><REACH who="0" ten="153,337,250,250" step="2"/><U121/><E121/><V65/><F84/><W18/><G69/><T99/><D99/><U102/><E102/><V120/><F120/><W14/><G39/><T41/><D41/><U124/><E124/><V123/><F123/><W82/><G42/><T54/><D54/><U7/><E52/><N who="2" m="29727" /><F103/><W134/><G134/><T97/><D97/><U125/><E125/><V1/><F100/><W34/><G34/><T72/><D72/><U13/><E119/><V135/><F1/><W109/><G109/><T25/><D25/><RYUUKYOKU ba="0,1" sc="153,30,337,-10,250,-10,250,-10" hai0="4,57,61,67,74,76,80,85,91,94,98,101,106" /><INIT seed="2,1,1,1,5,3" ten="183,327,240,240" oya="2" hai0="80,135,14,95,33,61,104,112,71,23,99,9,60" hai1="94,93,103,19,119,83,130,47,53,91,59,30,49" hai2="54,38,17,100,109,124,55,118,26,22,72,56,67" hai3="122,121,86,11,31,113,24,16,115,69,96,111,134"/><V63/><F118/><W87/><G69/><T110/><D33/><U66/><E119/><V76/><F38/><W1/><G96/><T123/><D123/><U36/><E130/><V106/><F124/><W7/><G111/><T29/><D112/><N who="3" m="43081" /><G134/><T37/><D37/><U8/><E30/><V89/><F109/><W6/><G87/><T2/><D2/><U101/><E36/><V44/><F100/><N who="1" m="38473" /><E83/><V133/><F106/><W92/><G86/><T43/><D104/><U40/><E40/><V105/><F105/><W12/><G92/><T52/><D110/><U85/><E93/><V127/><F127/><W48/><G48/><T132/><D43/><U28/><E28/><V4/><F133/><N who="0" m="51274" /><D80/><U90/><E90/><V98/><F76/><W58/><G58/><N who="0" m="34887" /><D95/><U102/><E102/><V34/><F34/><N who="3" m="20839" /><G1/><T74/><D74/><U10/><E19/><V5/><F72/><W131/><G131/><T65/><D99/><U27/><E59/><V126/><F126/><W15/><G122/><T88/><D88/><U125/><E85/><V46/><F89/><W51/><G51/><T114/><D114/><U57/><E94/><V39/><F98/><W117/><G117/><T97/><D97/><U84/><E84/><V129/><F129/><W62/><G62/><T107/><D107/><U82/><E125/><V35/><F35/><W45/><G121/><T120/><D120/><U75/><E75/><V70/><F39/><W25/><G45/><N who="2" m="17513" /><F70/><W73/><G73/><T108/><D108/><U0/><E91/><V42/><F42/><W81/><G81/><T13/><D9/><RYUUKYOKU ba="1,1" sc="183,15,327,-15,240,15,240,-15" hai0="13,14,23,29,61,65,71" hai2="4,5,17,22,26,54,55,56,63,67" /><INIT seed="2,2,1,3,2,36" ten="198,312,255,225" oya="2" hai0="37,16,42,46,64,78,107,31,120,116,89,9,70" hai1="34,80,48,97,108,53,19,68,24,129,121,41,126" hai2="112,83,49,79,12,95,133,13,102,115,127,100,90" hai3="26,7,94,130,60,105,119,82,44,50,104,76,87"/><V30/><F133/><W59/><G119/><T52/><D116/><U1/><E68/><V125/><F30/><W45/><G130/><T71/><D120/><U99/><E129/><V74/><F49/><W85/><G7/><T28/><D107/><U84/><E121/><V73/><F73/><W3/><G3/><T111/><D111/><U39/><E1/><V57/><F57/><W29/><G45/><T93/><D78/><U62/><E126/><N who="2" m="48139" /><F12/><W96/><G87/><T38/><D38/><U40/><E62/><V106/><F13/><W92/><G105/><T2/><D52/><U25/><E34/><V6/><F6/><W58/><G104/><T14/><D2/><U86/><E108/><V54/><F54/><N who="3" m="33879" /><G96/><N who="1" m="36938" /><E39/><V10/><F10/><W118/><G59/><T88/><D71/><U81/><E19/><V17/><F17/><W113/><G113/><N who="2" m="43593" /><F106/><W61/><G61/><T32/><D32/><U128/><E128/><V103/><F103/><W8/><G8/><T67/><D70/><U72/><E72/><V77/><F77/><W110/><G110/><T23/><D9/><U15/><E15/><V114/><N who="2" m="43601" /><V132/><DORA hai="51" /><F132/><W47/><G118/><T18/><D18/><U56/><E24/><V101/><F101/><W33/><G33/><T11/><D11/><U135/><E25/><V123/><F123/><W0/><G0/><T124/><D124/><U75/><E75/><V35/><F35/><N who="3" m="20919" /><G50/><T69/><D69/><U63/><E135/><V55/><F55/><W21/><G21/><T65/><D89/><N who="1" m="51335" /><E48/><V109/><F109/><W66/><G66/><RYUUKYOKU ba="2,1" sc="198,0,312,0,255,0,225,0" hai0="14,16,23,28,31,37,42,46,64,65,67,88,93" hai1="40,41,53,56,63,81,86" hai2="74,79,83,90,95,100,102" hai3="44,47,76,82,85,92,94" /><INIT seed="2,3,1,5,4,69" ten="198,312,255,225" oya="2" hai0="83,26,82,73,66,61,24,57,13,110,72,79,96" hai1="45,105,75,60,135,0,70,33,9,28,121,109,100" hai2="77,16,36,65,81,98,132,108,114,49,64,87,8" hai3="102,35,11,31,97,59,111,88,89,126,112,134,84"/><V6/><F114/><W32/><G112/><T71/><D110/><U106/><E109/><V14/><F108/><W90/><G111/><T113/><D113/><U116/><E116/><V63/><F132/><W131/><G84/><T43/><D43/><U123/><E135/><V74/><F36/><W122/><G122/><N who="1" m="46602" /><E75/><V34/><F34/><W101/><G101/><T4/><D71/><U115/><E115/><V67/><F98/><W7/><G31/><T95/><D4/><N who="1" m="1159" /><E100/><V44/><F74/><W41/><G41/><T85/><D13/><U30/><E45/><V42/><REACH who="2" step="1"/><F6/><REACH who="2" ten="198,312,245,225" step="2"/><W19/><G134/><T25/><REACH who="0" step="1"/><D83/><REACH who="0" ten="188,312,245,225" step="2"/><U23/><E70/><AGARI ba="3,3" hai="8,14,16,42,44,49,63,64,65,67,70,77,81,87" machi="70" ten="30,11600,0" yaku="1,1,2,1,7,1,54,1,53,0" doraHai="69" doraHaiUra="133" who="2" fromWho="1" sc="188,0,312,-125,245,155,225,0" /><INIT seed="2,4,0,2,0,37" ten="188,187,400,225" oya="2" hai0="120,79,89,52,49,109,72,134,110,92,129,78,56" hai1="85,59,108,20,131,103,2,105,6,83,99,19,119" hai2="113,36,70,28,39,31,8,62,46,0,86,116,51" hai3="114,13,111,32,93,16,65,12,15,50,68,107,100"/><V1/><F113/><W14/><G107/><T96/><D120/><U106/><E119/><V74/><F74/><W102/><G32/><T132/><D129/><U5/><E131/><V23/><F116/><W35/><G35/><T117/><D117/><U38/><E106/><V27/><F31/><W128/><G111/><N who="0" m="42507" /><D72/><U98/><E108/><V34/><F34/><W24/><G24/><T88/><D89/><U29/><E29/><V101/><F101/><W30/><G30/><T47/><D56/><U80/><E2/><V55/><F86/><W57/><G68/><T118/><D118/><U104/><E38/><V95/><F95/><W9/><G114/><T42/><D52/><U121/><E121/><V82/><F82/><W43/><G128/><T48/><D48/><U54/><E98/><V91/><F91/><W41/><G102/><T122/><D122/><U11/><E105/><V58/><F8/><W112/><G112/><T69/><D69/><U125/><E11/><V26/><F26/><W76/><G76/><AGARI ba="4,0" hai="42,47,49,76,78,79,88,92,96,132,134" m="42507" machi="76" ten="30,3900,0" yaku="14,1,52,1,54,1" doraHai="37" who="0" fromWho="3" sc="188,51,187,0,400,0,225,-51" /><INIT seed="3,0,0,4,2,17" ten="239,187,400,174" oya="3" hai0="76,121,83,97,37,98,27,15,81,45,49,12,103" hai1="92,75,16,52,18,10,44,115,65,72,116,58,123" hai2="61,125,120,39,35,63,100,46,69,91,80,55,4" hai3="102,8,59,111,67,101,106,43,3,34,93,119,78"/><W23/><G119/><T126/><D37/><U77/><E115/><V128/><F35/><W70/><G34/><T68/><D68/><U1/><E123/><V22/><F120/><W33/><G33/><T117/><D121/><U85/><E116/><V124/><F100/><N who="3" m="38507" /><G106/><T20/><D126/><N who="2" m="48746" /><F4/><W47/><G70/><T94/><D98/><U5/><E44/><V109/><F109/><W9/><G3/><T131/><D131/><U25/><E65/><V110/><F110/><W41/><G111/><T60/><D60/><U48/><E18/><V96/><F128/><W19/><G78/><T135/><D135/><U31/><E16/><V30/><F69/><W13/><G93/><T87/><D83/><U122/><E122/><V38/><F38/><W134/><G134/><T14/><D117/><U51/><E51/><V99/><F63/><N who="3" m="38399" /><G47/><T7/><D7/><U114/><E114/><V132/><F39/><W62/><G62/><T133/><D133/><U71/><E71/><V11/><F132/><W36/><G36/><T88/><D76/><U2/><E2/><V84/><F61/><W107/><G107/><T79/><D79/><U53/><E53/><V21/><F46/><W108/><G108/><T29/><D14/><U73/><E92/><V113/><F113/><W129/><G129/><T95/><D95/><U82/><E75/><V24/><F55/><AGARI ba="0,0" hai="12,15,20,27,29,45,49,55,81,87,88,94,97,103" machi="55" ten="30,7700,0" yaku="7,1,8,1,52,1,54,1" doraHai="17" who="0" fromWho="2" sc="239,77,187,0,400,-77,174,0" owari="316,11.6,187,-21.3,323,42.3,174,-32.6" /></mjloggm>