<mjloggm ver="2.3"><GO type="225" lobby="0"/><UN n0="%E3%81%AF%E3%82%88%E3%81%8A%E3%81%98%E3%81%95%E3%82%93" n1="%E6%98%93%E5%88%A9%E8%96%A9%E4%BC%AF" n2="%E3%81%BD%E3%81%A1%E3%81%9F%E3%81%93%E3%82%84" n3="%E9%B4%A8%4E%45%47%49" dan="17,17,17,16" rate="2136.39,2166.38,2214.21,2077.76" sx="M,F,M,M"/><TAIKYOKU oya="0"/><INIT seed="0,0,0,4,5,103" ten="250,250,250,250" oya="0" hai0="31,94,35,118,105,1,26,57,93,111,17,61,48" hai1="79,19,102,125,52,77,24,68,97,135,63,10,78" hai2="101,127,128,22,58,122,117,29,74,113,65,64,47" hai3="83,75,18,33,88,36,34,89,116,12,0,14,15"/><T69/><D118/><U92/><E135/><V96/><F122/><W9/><G36/><T11/><D111/><U6/><E125/><V40/><F113/><W46/><G46/><T41/><D105/><U124/><E124/><V16/><F127/><W109/><G109/><T67/><D17/><U99/><E68/><V114/><F114/><W53/><G53/><T25/><D26/><U23/><E97/><V87/><F74/><W56/><G56/><T120/><D120/><U45/><E63/><V104/><F29/><W130/><G130/><T107/><D107/><U84/><E45/><V28/><F28/><W115/><G115/><T59/><D41/><U4/><E4/><V20/><F20/><W54/><G54/><T13/><D13/><U76/><E76/><V100/><F100/><W70/><G70/><T86/><D48/><U119/><E119/><V132/><F132/><W7/><G116/><T90/><REACH who="0" step="1"/><D94/><REACH who="0" ten="240,250,250,250" step="2"/><U72/><E92/><V121/><F121/><W66/><G18/><T81/><D81/><U110/><E24/><V43/><F117/><W60/><G83/><T133/><D133/><U62/><E19/><V126/><F126/><W32/><G75/><T49/><D49/><U3/><E72/><V37/><F43/><W71/><AGARI ba="0,1" hai="0,7,9,12,14,15,32,33,34,60,66,71,88,89" machi="71" ten="40,2700,0" yaku="0,1,54,1" doraHai="103" who="3" fromWho="3" sc="240,-13,250,-7,250,-7,250,37" /><INIT seed="1,0,0,0,1,18" ten="227,243,243,287" oya="1" hai0="70,5,106,32,44,89,119,15,25,116,107,7,101" hai1="131,104,127,33,79,63,37,20,126,90,31,2,58" hai2="57,86,6,72,27,34,29,21,30,14,55,115,46" hai3="128,52,36,87,71,121,23,96,10,78,93,48,38"/><U45/><E104/><V66/><F72/><W135/><G71/><T47/><D70/><U65/><E2/><V117/><F117/><W50/><G121/><T114/><D114/><U56/><E33/><V100/><F115/><W83/><G135/><T81/><D81/><U111/><E79/><V125/><F125/><N who="1" m="47625" /><E131/><V16/><F100/><W0/><G50/><T103/><D89/><U24/><E111/><V123/><F123/><W118/><G128/><T110/><D32/><U12/><E12/><V40/><F66/><W3/><G118/><T8/><D15/><U113/><E113/><V95/><F30/><W11/><G3/><T82/><D82/><U67/><E90/><V109/><F109/><W54/><G0/><T85/><D110/><U9/><E9/><V51/><F6/><W43/><G11/><T130/><D8/><U75/><E75/><V105/><F105/><W133/><G10/><T59/><D130/><U91/><E91/><V124/><F124/><W69/><G23/><T68/><D68/><N who="1" m="42047" /><E67/><V73/><F73/><W61/><G69/><T13/><D13/><U129/><E129/><V17/><F17/><W19/><G19/><T49/><D25/><U4/><E4/><V102/><F86/><W22/><G87/><T92/><D85/><U122/><E122/><V64/><F64/><W98/><G78/><T53/><D92/><U1/><E1/><V97/><REACH who="2" step="1"/><F57/><REACH who="2" ten="227,243,233,287" step="2"/><W84/><G84/><T120/><D120/><U60/><E60/><V42/><AGARI ba="0,1" hai="14,16,21,27,29,34,40,42,46,51,55,95,97,102" machi="42" ten="30,8000,1" yaku="1,1,2,1,0,1,52,1,54,1,53,0" doraHai="18" doraHaiUra="76" who="2" fromWho="2" sc="227,-20,243,-40,233,90,287,-20" /><INIT seed="2,0,0,3,4,60" ten="207,203,323,267" oya="2" hai0="25,128,97,118,41,104,2,80,133,6,17,117,112" hai1="16,84,65,47,94,86,70,77,44,76,103,87,24" hai2="122,15,131,66,42,33,127,135,19,125,96,1,49" hai3="130,53,105,55,121,57,71,51,92,52,106,114,36"/><V63/><F1/><W119/><G121/><T22/><D112/><U109/><E109/><V102/><F33/><W8/><G119/><N who="0" m="45579" /><D128/><U91/><E103/><V79/><F122/><W93/><G71/><T26/><D133/><U56/><E70/><V61/><F79/><N who="1" m="30281" /><E47/><N who="2" m="25847" /><F135/><W99/><G36/><T101/><D41/><U32/><E32/><V78/><F78/><W89/><G130/><T58/><D80/><U69/><E44/><V90/><F90/><W98/><G8/><N who="0" m="2135" /><D58/><U62/><E69/><V115/><F115/><W38/><G38/><T46/><D46/><U45/><E45/><V34/><F34/><W100/><REACH who="3" step="1"/><G114/><REACH who="3" ten="207,203,323,257" step="2"/><T95/><D104/><AGARI ba="0,1" hai="51,52,53,55,57,89,92,93,98,99,100,104,105,106" machi="104" ten="40,5200,0" yaku="1,1,2,1,54,1,53,0" doraHai="60" doraHaiUra="3" who="3" fromWho="0" sc="207,-52,203,0,323,0,257,62" /><INIT seed="3,0,0,2,4,49" ten="155,203,323,319" oya="3" hai0="65,87,95,35,111,129,120,14,69,94,59,134,104" hai1="57,68,67,27,60,23,81,77,62,17,25,85,99" hai2="4,78,106,50,76,3,135,30,84,98,32,44,38" hai3="13,74,131,90,118,48,12,28,86,52,29,80,61"/><W116/><G61/><T100/><D120/><U1/><E1/><V97/><F38/><W92/><G131/><T133/><D69/><U10/><E10/><V124/><F3/><W79/><G13/><T105/><D35/><U8/><E8/><V75/><F4/><W96/><G12/><T31/><D14/><U56/><E68/><V102/><F75/><W5/><G5/><T0/><D0/><U2/><E2/><V117/><F117/><W37/><G37/><T58/><D31/><U16/><E99/><V123/><F135/><N who="0" m="51722" /><D65/><N who="1" m="39047" /><E27/><V41/><F124/><W125/><G125/><T89/><D58/><U108/><E108/><V45/><F98/><W47/><REACH who="3" step="1"/><G96/><REACH who="3" ten="155,203,323,309" step="2"/><N who="0" m="59415" /><D59/><U21/><E21/><V24/><F123/><W54/><G54/><T93/><D129/><U114/><E114/><V18/><F45/><W110/><G110/><T113/><D111/><U122/><E122/><V9/><F9/><W112/><G112/><T11/><D11/><U115/><E115/><V66/><F66/><W109/><G109/><T63/><D113/><U127/><E127/><V107/><F18/><AGARI ba="0,1" hai="16,17,18,23,25,57,62,67,77,81,85" m="39047" machi="18" ten="30,2000,0" yaku="8,1,54,1" doraHai="49" who="1" fromWho="2" sc="155,0,203,30,323,-20,309,0" owari="155,-34.5,233,-16.7,303,10.3,309,40.9" /></mjloggm>