<mjloggm ver="2.3"><GO type="225" lobby="0"/><UN n0="%E7%B4%94%E6%BD%94%E3%83%94%E3%83%A9%E3%83%8B%E3%82%A2" n1="%E6%B7%91%E5%A5%B3%E3%81%AE%E5%97%9C%E3%81%BF" n2="%E6%A1%9C%E8%8A%B1%E9%96%83%E3%80%85" n3="%E3%82%8A%E3%81%93%E3%82%8A%E3%82%93%E3%81%94" dan="17,16,16,17" rate="2223.01,2086.10,2118.93,2208.28" sx="M,M,M,M"/><TAIKYOKU oya="0"/><INIT seed="0,0,0,0,2,25" ten="250,250,250,250" oya="0" hai0="11,4,2,105,60,47,24,55,51,106,133,33,98" hai1="28,15,21,52,14,18,108,119,87,83,134,118,41" hai2="8,69,125,58,57,32,5,62,109,54,65,127,79" hai3="64,46,82,90,43,13,29,12,76,77,115,59,0"/><T97/><D133/><U45/><E134/><V124/><F109/><W48/><G115/><T129/><D129/><U61/><E108/><V114/><F114/><W72/><G0/><T40/><D60/><U31/><E118/><V20/><F32/><W111/><G111/><T92/><D40/><U1/><E1/><V78/><F20/><W100/><G100/><T120/><D120/><U50/><E119/><V23/><F23/><W121/><G121/><T131/><D131/><U7/><E61/><N who="2" m="36023" /><F69/><W113/><G113/><T17/><D97/><U19/><E7/><V73/><F73/><W53/><G64/><T132/><D132/><U56/><E56/><V130/><F130/><W10/><G77/><T86/><D86/><U37/><E37/><V22/><F22/><W30/><G90/><T71/><D71/><U116/><E41/><V38/><F38/><W68/><G68/><T110/><D110/><U63/><E63/><V84/><F84/><W80/><G80/><T128/><D128/><U34/><E34/><V27/><F27/><W94/><G94/><T49/><D49/><U104/><E104/><V85/><F85/><W103/><G103/><T107/><D33/><U81/><E116/><V91/><F91/><W44/><G44/><T67/><D67/><U26/><E26/><V135/><F135/><W6/><REACH who="3" step="1"/><G12/><AGARI ba="0,0" hai="5,8,12,58,62,65,78,79,124,125,127" m="36023" machi="12" ten="30,1000,0" yaku="18,1" doraHai="25" who="2" fromWho="3" sc="250,0,250,0,250,10,250,-10" /><INIT seed="1,0,0,3,5,25" ten="250,250,260,240" oya="1" hai0="0,4,104,71,65,126,14,57,46,5,116,66,68" hai1="75,30,89,69,53,81,124,9,118,62,54,6,67" hai2="107,24,11,121,110,18,108,86,114,98,130,15,1" hai3="128,50,31,91,16,33,117,102,111,76,119,23,60"/><U82/><E118/><N who="3" m="45066" /><G111/><N who="2" m="42537" /><F121/><W39/><G39/><T123/><D116/><U41/><E124/><V101/><F130/><W79/><G128/><T55/><D104/><U115/><E115/><V100/><F114/><W120/><G120/><T59/><D123/><U83/><E41/><V43/><F43/><W72/><G72/><T90/><D14/><U34/><E89/><V78/><F1/><W99/><G91/><T97/><D90/><U42/><E42/><V40/><F40/><W47/><G60/><T80/><D0/><U22/><E34/><V8/><F101/><W3/><G3/><T56/><D80/><U17/><E75/><V96/><F96/><W134/><G134/><T20/><D97/><U10/><E6/><V70/><F70/><W87/><G87/><T129/><D71/><U36/><E36/><V105/><F105/><N who="3" m="63711" /><G31/><T94/><D68/><U7/><E30/><V113/><F113/><W85/><G85/><T21/><D94/><U132/><E132/><V125/><F125/><W109/><G33/><T12/><D126/><U44/><E69/><V127/><F127/><W131/><G131/><T19/><D129/><U37/><E37/><V52/><F86/><W103/><G103/><T29/><D65/><U58/><E67/><V26/><F78/><W77/><G109/><T92/><D66/><U61/><E7/><V64/><F64/><W106/><G106/><T2/><D2/><U88/><E88/><V27/><F52/><N who="3" m="29791" /><G79/><T28/><D92/><U51/><E62/><V112/><F112/><W122/><G122/><T95/><D95/><U45/><E45/><RYUUKYOKU ba="0,0" sc="250,-30,250,10,260,10,240,10" hai1="9,10,17,22,44,51,53,54,58,61,81,82,83" hai2="8,11,15,18,24,26,27,98,100,107" hai3="16,23,76,77" /><INIT seed="1,1,0,1,4,28" ten="220,260,270,250" oya="1" hai0="8,9,76,87,131,21,50,61,89,18,46,112,66" hai1="4,35,43,34,49,44,117,103,48,111,38,70,33" hai2="95,99,123,88,37,20,63,128,90,12,105,59,45" hai3="104,30,81,102,25,121,36,58,16,7,0,3,39"/><U78/><E117/><V52/><F128/><W22/><G121/><T96/><D76/><U69/><E111/><V122/><F105/><W32/><G58/><T23/><D96/><U115/><E115/><V11/><F20/><W82/><G104/><T100/><D100/><U19/><E4/><V125/><F125/><W29/><G102/><T133/><D133/><U31/><E31/><V10/><F90/><W129/><G30/><T24/><D21/><U54/><E103/><V109/><F109/><W41/><G129/><T60/><D112/><U53/><E19/><V110/><F110/><W135/><G135/><T85/><D85/><U118/><E118/><V93/><F93/><W106/><G106/><T74/><D74/><U130/><E78/><V57/><F57/><W116/><G116/><T40/><D131/><U47/><REACH who="1" step="1"/><E130/><REACH who="1" ten="220,250,270,250" step="2"/><V127/><F127/><W65/><G7/><T77/><D77/><U101/><E101/><V79/><F79/><W113/><G113/><T120/><D120/><U56/><AGARI ba="1,1" hai="33,34,35,38,43,44,47,48,49,53,54,56,69,70" machi="56" ten="30,12000,1" yaku="1,1,0,1,52,3,53,0" doraHai="28" doraHaiUra="26" who="1" fromWho="1" sc="220,-41,250,133,270,-41,250,-41" /><INIT seed="1,2,0,3,3,2" ten="179,383,229,209" oya="1" hai0="113,55,131,130,43,124,135,88,67,23,66,37,64" hai1="94,79,98,16,28,95,134,132,71,121,72,19,14" hai2="27,4,93,20,48,126,99,44,9,12,78,129,90" hai3="70,116,84,13,26,5,3,65,17,38,91,68,30"/><U80/><E121/><V11/><F126/><W122/><G122/><T107/><D107/><U117/><E117/><V123/><F129/><N who="0" m="49162" /><D113/><U6/><E71/><V74/><F123/><W0/><G38/><T21/><D124/><U24/><E6/><V102/><F74/><W51/><G116/><T92/><D135/><N who="1" m="51755" /><E14/><V53/><F78/><W104/><G104/><T110/><D110/><U36/><E36/><V118/><F118/><W57/><G68/><T61/><D43/><U125/><E95/><V47/><F9/><W96/><G70/><T112/><D37/><U69/><E69/><V73/><F73/><W49/><G3/><T45/><D112/><U7/><E7/><V58/><REACH who="2" step="1"/><F102/><REACH who="2" ten="179,383,219,209" step="2"/><W119/><G119/><T114/><D114/><U18/><E125/><V76/><F76/><W34/><G91/><T103/><D103/><N who="1" m="60887" /><E28/><AGARI ba="2,1" hai="4,11,12,20,27,28,44,47,48,53,58,90,93,99" machi="28" ten="30,7700,0" yaku="1,1,7,1,8,1,52,1,53,0" doraHai="2" doraHaiUra="62" who="2" fromWho="1" sc="179,0,383,-83,219,93,209,0" /><INIT seed="2,0,0,0,4,96" ten="179,300,312,209" oya="2" hai0="126,25,50,22,29,43,66,123,30,27,115,131,15" hai1="18,49,56,74,48,78,93,19,5,23,120,102,73" hai2="57,99,110,26,0,106,107,8,130,24,3,111,85" hai3="98,72,2,31,33,127,124,133,112,28,54,94,9"/><V36/><F36/><W100/><G72/><T105/><D131/><U116/><E116/><V84/><F57/><W109/><G109/><N who="2" m="41481" /><F130/><W34/><G133/><T64/><D126/><N who="3" m="48169" /><G112/><T83/><D105/><N who="2" m="39946" /><F99/><W10/><G54/><T82/><D15/><U7/><E56/><V4/><F0/><W81/><G81/><T89/><D115/><U128/><E128/><V41/><F41/><W67/><G67/><T118/><D118/><U114/><E114/><V88/><F85/><W37/><G37/><T122/><D43/><U65/><E65/><V61/><F61/><W51/><G51/><T92/><D50/><U44/><E49/><V17/><F17/><W20/><G2/><T76/><D64/><U47/><E48/><V13/><F3/><W62/><G62/><T95/><D66/><U121/><E74/><V42/><F42/><W70/><G70/><T35/><D83/><AGARI ba="0,0" hai="4,8,13,24,26,83,84,88" m="39946,41481" machi="83" ten="30,5800,0" yaku="14,1,10,1,54,1" doraHai="96" who="2" fromWho="0" sc="179,-58,300,0,312,58,209,0" /><INIT seed="2,1,0,5,1,8" ten="121,300,370,209" oya="2" hai0="126,127,29,116,35,66,72,113,25,133,103,41,108" hai1="56,77,22,19,121,60,6,98,130,36,44,47,55" hai2="105,75,20,122,67,80,106,21,49,59,123,2,16" hai3="114,63,115,65,70,81,18,69,120,58,31,119,89"/><V86/><F75/><W117/><G31/><T118/><D72/><U11/><E130/><V5/><F20/><W24/><G120/><T101/><D66/><U68/><E68/><V109/><F2/><W78/><G89/><T104/><D41/><U73/><E121/><V74/><F74/><W9/><G24/><T39/><D39/><U110/><E110/><V76/><F5/><W131/><G131/><T96/><D101/><U100/><E36/><V42/><F109/><W82/><G18/><T52/><D108/><U88/><E77/><V92/><F106/><W53/><G9/><T64/><D64/><U15/><E73/><V61/><F105/><W125/><G125/><N who="0" m="47627" /><D52/><U51/><E60/><V112/><F112/><N who="3" m="43051" /><G70/><T38/><D38/><U93/><REACH who="1" step="1"/><E100/><REACH who="1" ten="121,290,370,209" step="2"/><V129/><F129/><W46/><G69/><T45/><D113/><U107/><E107/><V30/><F122/><W28/><G78/><T84/><D45/><U99/><E99/><V124/><F123/><W135/><G46/><T26/><D84/><U132/><E132/><V95/><F124/><W10/><G135/><T102/><D102/><U37/><E37/><V128/><F128/><W3/><G63/><T7/><D133/><U0/><AGARI ba="1,1" hai="0,6,11,15,19,22,44,47,51,55,56,88,93,98" machi="0" ten="20,12000,2" yaku="1,1,0,1,7,1,52,1,54,1,53,1" doraHai="8" doraHaiUra="91" who="1" fromWho="1" sc="121,-31,290,133,370,-61,209,-31" /><INIT seed="3,0,0,2,4,63" ten="90,423,309,178" oya="3" hai0="51,58,114,113,24,1,40,55,11,115,21,70,128" hai1="78,59,130,97,111,116,76,34,64,82,102,105,0" hai2="123,104,61,53,32,12,129,52,19,18,92,117,108" hai3="29,88,93,99,106,110,91,39,85,119,79,47,20"/><W122/><G119/><T42/><D128/><U36/><E0/><V5/><F104/><W133/><G122/><T101/><D101/><U60/><E36/><V15/><F117/><W100/><G133/><T96/><D96/><U125/><E116/><V48/><F108/><W56/><G110/><T72/><D72/><U62/><E111/><V41/><F129/><W132/><G132/><T66/><D11/><U57/><E125/><V13/><F32/><W35/><G35/><T43/><D1/><U44/><E130/><V7/><F92/><W45/><G79/><T30/><D70/><U16/><E44/><N who="2" m="25615" /><F61/><W49/><G39/><T109/><D109/><U89/><E34/><V86/><F86/><W80/><G56/><T23/><D21/><U46/><E46/><V9/><F13/><W71/><G71/><T17/><D66/><U126/><E126/><V124/><F123/><W10/><G10/><T6/><REACH who="0" step="1"/><D6/><REACH who="0" ten="80,423,309,178" step="2"/><N who="2" m="2058" /><F124/><W95/><G20/><AGARI ba="0,1" hai="9,12,15,18,19,20,52,53" m="2058,25615" machi="20" ten="30,2000,0" yaku="8,1,54,1" doraHai="63" who="2" fromWho="3" sc="80,0,423,0,309,30,178,-20" owari="80,-42.0,423,52.3,339,13.9,158,-24.2" /></mjloggm>