<mjloggm ver="2.3"><GO type="225" lobby="0"/><UN n0="%E5%8C%97%E6%AC%A7%E3%81%AE%E3%82%82%E3%81%93%E3%81%86" n1="%E3%81%95%E3%82%88%E3%81%AA%E3%82%89%E3%83%9A%E3%81%BA%E3%83%9A" n2="%E7%9A%AE%E3%80%85" n3="%E3%81%A4%E3%81%A3%E3%81%B1%E3%82%8A%E3%83%9D%E3%83%BC%E3%83%AB" dan="16,16,16,17" rate="2100.53,2115.71,2131.10,2158.18" sx="M,F,F,M"/><TAIKYOKU oya="0"/><INIT seed="0,0,0,4,3,46" ten="250,250,250,250" oya="0" hai0="92,82,99,51,129,124,62,48,132,102,68,35,116" hai1="98,5,119,10,44,30,65,54,23,135,69,134,39" hai2="106,24,131,38,108,118,6,55,87,125,76,58,42" hai3="13,77,40,59,26,19,28,3,90,34,52,113,93"/><T0/><D116/><U109/><E119/><V123/><F123/><W20/><G113/><T29/><D0/><U101/><E109/><V84/><F118/><W89/><G3/><T73/><D129/><U126/><E126/><V117/><F117/><W112/><G112/><T43/><D124/><U114/><E114/><V97/><F125/><W50/><G77/><T53/><D132/><N who="1" m="50731" /><E65/><V16/><F108/><W85/><G90/><T27/><D43/><AGARI ba="0,0" hai="13,19,20,26,28,34,40,43,50,52,59,85,89,93" machi="43" ten="40,8000,1" yaku="25,2,52,1,54,1" doraHai="46" who="3" fromWho="0" sc="250,-80,250,0,250,0,250,80" /><INIT seed="1,0,0,5,2,33" ten="170,250,250,330" oya="1" hai0="80,72,78,89,64,61,39,13,116,7,107,127,132" hai1="62,90,3,8,47,58,135,22,57,133,77,67,68" hai2="102,109,131,79,53,51,113,23,75,54,91,66,27" hai3="20,1,124,65,24,125,70,121,9,21,40,114,108"/><U17/><E77/><V38/><F109/><W130/><G121/><T95/><D116/><U4/><E90/><V59/><F38/><W97/><G108/><T94/><D39/><U35/><E35/><V119/><F119/><W44/><G114/><T16/><D132/><N who="1" m="50763" /><E47/><V45/><F113/><W19/><G130/><T56/><D127/><N who="3" m="48713" /><G97/><T26/><D107/><U88/><E88/><V96/><F131/><W48/><G21/><T82/><D26/><AGARI ba="0,0" hai="3,4,8,17,22,26,57,58,62,67,68" m="50763" machi="26" ten="30,2900,0" yaku="20,1,52,1" doraHai="33" who="1" fromWho="0" sc="170,-29,250,29,250,0,330,0" /><INIT seed="1,1,0,3,1,96" ten="141,279,250,330" oya="1" hai0="110,103,75,10,57,73,64,106,115,98,1,43,65" hai1="61,55,68,69,133,83,132,71,104,135,16,33,89" hai2="3,90,134,5,114,102,112,101,19,50,40,2,36" hai3="113,111,23,14,9,46,121,122,22,30,54,82,118"/><U31/><E104/><V27/><F36/><W47/><G113/><N who="2" m="43625" /><F134/><W39/><G111/><T7/><D115/><U117/><E117/><V124/><F124/><W42/><G118/><T48/><D110/><U62/><E33/><V6/><F90/><W129/><G129/><T88/><D88/><U58/><E31/><V92/><F92/><W56/><G47/><T67/><REACH who="0" step="1"/><D43/><REACH who="0" ten="131,279,250,330" step="2"/><U8/><E89/><V18/><F40/><W127/><G42/><T93/><D93/><U80/><E80/><V25/><F50/><W70/><G82/><T94/><D94/><U81/><E62/><V78/><F78/><W128/><G122/><T84/><D84/><U21/><REACH who="1" step="1"/><E8/><REACH who="1" ten="131,269,250,330" step="2"/><N who="2" m="2103" /><F25/><AGARI ba="1,2" hai="16,21,25,55,58,61,68,69,71,81,83,132,133,135" machi="25" ten="50,9600,0" yaku="1,1,20,1,54,1,53,0" doraHai="96" doraHaiUra="107" who="1" fromWho="2" sc="131,0,269,119,250,-99,330,0" /><INIT seed="1,2,0,3,2,124" ten="131,388,151,330" oya="1" hai0="133,108,3,5,54,102,41,96,81,89,121,24,12" hai1="33,67,106,39,2,43,100,70,47,125,58,40,68" hai2="82,27,117,85,135,76,15,97,126,64,38,60,31" hai3="11,7,44,52,1,53,103,49,18,75,119,98,111"/><U113/><E125/><V105/><F117/><W74/><G111/><T69/><D108/><U92/><E113/><V59/><F126/><W110/><G110/><T90/><D121/><U86/><E33/><V87/><F38/><W61/><G119/><T84/><D133/><U22/><E2/><V57/><F135/><W17/><G61/><T19/><D69/><U71/><E106/><V66/><F15/><W109/><G109/><T26/><D3/><U65/><E40/><V101/><F66/><W25/><G53/><T45/><D90/><U6/><E6/><V32/><REACH who="2" step="1"/><F87/><REACH who="2" ten="131,388,141,330" step="2"/><W20/><REACH who="3" step="1"/><G18/><REACH who="3" ten="131,388,141,320" step="2"/><T63/><D5/><U37/><E65/><V83/><F83/><W8/><G8/><N who="0" m="6535" /><D41/><U72/><E67/><V16/><F16/><W88/><G88/><N who="0" m="51215" /><D63/><U118/><E43/><V79/><F79/><W23/><G23/><T9/><D9/><U30/><E118/><V104/><F104/><AGARI ba="2,2" hai="1,7,11,17,20,25,44,49,52,74,75,98,103,104" machi="104" ten="30,3900,0" yaku="1,1,7,1,54,1,53,0" doraHai="124" doraHaiUra="130" who="3" fromWho="2" sc="131,0,388,0,141,-45,320,65" /><INIT seed="2,0,0,3,1,15" ten="131,388,96,385" oya="2" hai0="0,100,57,3,125,108,90,39,12,95,24,23,103" hai1="32,101,85,134,87,44,79,113,50,34,86,120,30" hai2="58,33,41,102,56,97,76,20,77,132,135,13,29" hai3="93,111,117,133,91,115,66,61,128,27,82,121,21"/><V22/><F33/><W83/><G121/><T18/><D108/><U124/><E120/><V47/><F29/><W80/><G117/><T75/><D75/><U38/><E113/><V126/><F126/><W71/><G111/><T42/><D125/><U105/><E124/><V37/><F22/><W53/><G115/><T25/><D0/><U54/><E38/><V89/><F89/><W1/><G1/><T127/><D3/><U109/><E109/><V35/><F35/><W26/><G128/><T8/><D39/><U119/><E119/><V99/><F99/><W52/><G133/><N who="2" m="51273" /><F76/><W110/><G110/><T40/><D57/><U74/><E79/><V49/><F37/><W129/><G129/><T116/><D24/><U122/><E32/><V28/><F77/><W48/><G48/><T118/><D127/><U59/><E134/><V130/><F130/><W4/><G4/><T9/><D9/><U94/><E34/><V36/><F36/><W131/><G131/><T96/><D118/><U98/><E30/><V17/><F28/><W78/><G78/><T7/><D116/><U106/><E122/><V6/><F6/><W46/><G27/><T5/><D7/><U16/><E74/><V104/><AGARI ba="0,0" hai="13,17,20,41,47,49,56,58,97,102,104" m="51273" machi="104" ten="30,3000,0" yaku="20,1,52,1" doraHai="15" who="2" fromWho="2" sc="131,-10,388,-10,96,30,385,-10" /><INIT seed="2,1,0,4,4,97" ten="121,378,126,375" oya="2" hai0="124,67,52,25,69,116,24,57,107,27,82,38,126" hai1="114,23,125,90,120,103,0,11,105,55,34,51,110" hai2="88,135,54,56,46,109,45,76,9,119,79,35,59" hai3="129,48,36,113,18,121,102,89,61,98,93,22,6"/><V133/><F119/><W28/><G121/><T111/><D38/><U44/><E114/><V85/><F35/><W91/><G36/><T68/><D116/><U53/><E120/><V29/><F29/><W112/><G129/><T115/><D115/><N who="3" m="44105" /><G6/><T4/><D111/><U47/><E34/><V132/><F9/><W50/><G28/><T14/><D67/><U108/><E125/><N who="0" m="48233" /><D107/><U58/><E23/><V37/><F109/><N who="1" m="42089" /><E90/><N who="3" m="34314" /><G61/><N who="0" m="36007" /><D82/><U75/><E75/><V122/><F122/><W8/><G8/><AGARI ba="1,0" hai="4,8,14,24,25,27,68,69" m="36007,48233" machi="8" ten="30,2000,0" yaku="18,1,54,1" doraHai="97" who="0" fromWho="3" sc="121,23,378,0,126,0,375,-23" /><INIT seed="3,0,0,1,1,99" ten="144,378,126,352" oya="3" hai0="83,114,133,44,32,101,38,121,122,107,50,117,110" hai1="69,70,65,61,27,58,57,88,104,5,29,120,79" hai2="103,102,98,109,39,111,129,8,63,106,13,41,21" hai3="84,128,42,11,7,105,51,97,24,54,91,132,130"/><W31/><G132/><T72/><RYUUKYOKU type="yao9" ba="0,0" sc="144,0,378,0,126,0,352,0" hai0="32,38,44,50,72,83,101,107,110,114,117,121,122,133" /><INIT seed="3,1,0,3,2,44" ten="144,378,126,352" oya="3" hai0="29,18,70,8,75,129,123,119,0,17,56,20,109" hai1="126,92,30,34,66,85,55,84,23,76,21,65,10" hai2="52,11,106,93,49,27,125,87,15,16,61,73,105" hai3="40,9,74,121,24,42,99,13,22,115,95,63,60"/><W64/><G74/><T53/><D70/><U110/><E110/><V25/><F73/><W116/><G116/><T31/><D119/><U51/><E126/><V6/><F125/><W124/><G115/><T117/><D123/><U120/><E120/><V81/><F61/><N who="3" m="23627" /><G64/><N who="1" m="24682" /><E34/><V113/><F113/><W59/><G59/><T100/><D100/><U57/><E10/><V135/><F135/><W37/><G37/><T104/><D53/><N who="1" m="31935" /><E30/><V82/><F106/><W14/><G121/><T62/><D17/><U71/><E71/><V134/><F105/><W86/><G86/><N who="1" m="33386" /><E76/><V48/><F134/><W96/><G124/><T5/><D104/><U26/><E26/><N who="2" m="9739" /><F6/><N who="3" m="3255" /><G14/><T108/><D117/><U130/><E130/><V133/><F133/><W68/><G68/><T67/><D75/><U122/><E122/><V72/><F72/><W90/><G99/><T102/><D129/><U43/><E43/><V78/><F82/><W58/><G58/><T101/><D29/><AGARI ba="1,0" hai="22,24,29,40,42,90,95,96" m="3255,23627" machi="29" ten="30,1500,0" yaku="8,1" doraHai="44" who="3" fromWho="0" sc="144,-18,378,0,126,0,352,18" /><INIT seed="3,2,0,2,1,106" ten="126,378,126,370" oya="3" hai0="75,41,57,25,87,104,121,18,84,48,21,81,12" hai1="91,90,11,109,45,129,61,10,96,7,33,17,83" hai2="89,5,69,16,54,34,28,77,127,73,99,27,111" hai3="71,26,3,76,105,94,59,80,72,116,36,113,79"/><W70/><G116/><T55/><D121/><U31/><E109/><V23/><F69/><W114/><G105/><T4/><D104/><U107/><E129/><V112/><F112/><W132/><G132/><T37/><D37/><U44/><E33/><V119/><F119/><W1/><G94/><T92/><D75/><U101/><E31/><V56/><F111/><W40/><G59/><T6/><D41/><U74/><E17/><V122/><F122/><W8/><G26/><T128/><D128/><U108/><E108/><V68/><F68/><N who="3" m="26155" /><G79/><N who="0" m="46143" /><D25/><U97/><E61/><N who="2" m="35991" /><F5/><N who="3" m="1071" /><G3/><T2/><D2/><U30/><E30/><V78/><F127/><W46/><AGARI ba="2,0" hai="36,40,46,72,76,80,113,114" m="1071,26155" machi="46" ten="30,6000,0" yaku="25,1,23,1,52,1" doraHai="106" who="3" fromWho="3" sc="126,-22,378,-22,126,-22,370,66" owari="104,-29.6,356,15.6,104,-39.6,436,53.6" /></mjloggm>