<mjloggm ver="2.3"><GO type="225" lobby="0"/><UN n0="%E3%80%93%E3%81%97%E3%83%BC%E3%82%89%E3%80%93" n1="%E4%BF%BA%E3%81%A8%E5%A6%96%E5%A4%A2" n2="%E3%81%BF%E3%81%BF%E3%81%9A" n3="%E5%91%A8%E6%9D%B1" dan="16,16,18,17" rate="2131.00,2116.49,2244.45,2172.12" sx="M,F,M,M"/><TAIKYOKU oya="0"/><INIT seed="0,0,0,4,2,134" ten="250,250,250,250" oya="0" hai0="114,90,71,128,29,117,85,127,6,43,33,108,14" hai1="68,122,111,84,13,77,126,107,47,2,21,59,91" hai2="9,70,118,115,123,97,79,54,45,46,72,8,57" hai3="48,40,75,109,38,104,69,22,15,121,130,39,78"/><T88/><D71/><U11/><E122/><V30/><F70/><W76/><G104/><T98/><D117/><U110/><E68/><V24/><F115/><W65/><G75/><T5/><D114/><U64/><E107/><V26/><F118/><W113/><G22/><T28/><D128/><U32/><E32/><V42/><F123/><W116/><G15/><T27/><D108/><U31/><E77/><V103/><F79/><W129/><G121/><T58/><D43/><U60/><E47/><V82/><F82/><W135/><G116/><T3/><D3/><U99/><E99/><V74/><F72/><W17/><G17/><T63/><D29/><U61/><E61/><V4/><F74/><W18/><G18/><T7/><D98/><U81/><E2/><V120/><F120/><W34/><G34/><T83/><D127/><U56/><E126/><V106/><F42/><W105/><G105/><T36/><D36/><U20/><E59/><V132/><F24/><W112/><G109/><N who="1" m="41482" /><E31/><V92/><F132/><W12/><G135/><T10/><REACH who="0" step="1"/><D90/><REACH who="0" ten="240,250,250,250" step="2"/><U94/><E81/><V80/><F80/><W119/><G119/><T131/><D131/><U93/><E93/><V89/><F89/><W87/><G113/><T96/><D96/><U125/><E125/><V53/><F106/><W55/><G112/><T86/><D86/><U37/><E37/><V124/><F124/><W133/><G39/><T35/><D35/><U44/><E84/><V100/><F97/><W67/><G87/><T95/><D95/><U51/><E94/><V16/><F92/><W0/><G130/><RYUUKYOKU ba="0,1" sc="240,30,250,-10,250,-10,250,-10" hai0="5,6,7,10,14,27,28,33,58,63,83,85,88" /><INIT seed="0,1,1,1,1,42" ten="270,240,240,240" oya="0" hai0="95,58,27,3,50,130,84,88,21,91,128,105,113" hai1="92,55,46,127,29,96,79,78,47,64,23,39,116" hai2="45,121,131,54,8,82,16,83,34,22,9,126,19" hai3="17,76,85,77,28,122,100,33,67,36,12,4,15"/><T124/><D3/><U63/><E116/><V1/><F34/><W123/><G36/><T119/><D105/><U2/><E2/><V90/><F121/><N who="3" m="46091" /><G100/><T68/><D68/><U53/><E127/><V104/><F104/><W32/><G67/><T40/><D119/><U10/><E39/><V44/><F126/><W111/><G111/><T52/><D124/><U94/><E10/><N who="2" m="4203" /><F1/><W30/><G85/><T125/><D125/><U72/><E29/><N who="3" m="11370" /><G4/><T135/><D135/><U75/><E23/><V73/><F131/><N who="0" m="50218" /><D113/><U5/><E5/><V98/><F73/><W43/><G43/><T20/><D27/><U112/><E112/><V87/><F54/><W114/><G17/><N who="2" m="6729" /><F22/><W101/><G114/><T134/><D134/><U57/><E75/><V71/><F71/><W89/><G33/><T109/><D109/><U49/><E72/><V97/><F82/><W26/><G32/><T48/><D91/><N who="1" m="55327" /><E94/><N who="2" m="56535" /><F98/><W59/><G26/><T35/><D35/><U41/><E41/><V70/><F70/><W93/><G89/><AGARI ba="1,1" hai="44,45,83,87,89" m="56535,6729,4203" machi="89" ten="30,7700,0" yaku="8,1,52,2,54,1" doraHai="42" who="2" fromWho="3" sc="270,0,240,0,240,90,240,-80" /><INIT seed="1,0,0,1,2,51" ten="270,240,330,160" oya="1" hai0="22,66,107,75,2,61,94,88,73,79,90,72,29" hai1="104,122,37,4,53,74,20,17,27,105,96,41,33" hai2="0,12,76,100,36,54,92,102,108,45,59,95,5" hai3="87,125,80,38,11,106,82,64,113,1,48,110,25"/><U13/><E122/><V31/><F0/><W7/><G110/><T44/><D107/><U6/><E74/><V58/><F31/><W3/><G113/><T52/><D2/><U134/><E134/><V16/><F5/><W57/><G125/><T77/><D90/><U55/><E41/><V119/><F119/><W83/><G106/><T60/><D29/><U131/><E37/><V99/><F76/><W91/><G38/><T67/><D22/><U118/><E118/><V93/><F108/><W71/><G1/><T21/><D21/><U35/><E105/><V112/><F112/><W128/><G128/><T126/><D126/><U84/><E131/><V43/><F58/><W135/><G135/><T97/><D67/><U15/><E35/><V109/><F102/><W120/><G120/><T116/><D116/><U14/><E33/><V103/><F100/><W117/><G117/><T34/><D34/><U127/><E127/><V24/><F24/><W78/><G78/><T132/><D132/><U10/><E104/><V28/><F28/><W85/><G25/><T89/><D89/><U129/><E129/><V42/><F42/><W47/><G91/><T49/><REACH who="0" step="1"/><D61/><REACH who="0" ten="260,240,330,160" step="2"/><U115/><E115/><V101/><F103/><W86/><G64/><T68/><AGARI ba="0,1" hai="44,49,52,60,66,68,72,73,75,77,79,88,94,97" machi="68" ten="30,12000,2" yaku="1,1,2,1,0,1,52,1,54,2,53,0" doraHai="51" doraHaiUra="18" who="0" fromWho="0" sc="260,130,240,-60,330,-30,160,-30" /><INIT seed="2,0,0,3,4,107" ten="390,180,300,130" oya="2" hai0="26,96,128,13,16,104,11,21,82,28,48,106,58" hai1="84,68,46,35,67,108,119,19,22,115,121,14,57" hai2="126,75,8,90,93,36,62,99,59,53,103,12,69" hai3="70,98,4,71,5,120,60,33,30,122,76,77,133"/><V101/><F36/><W95/><G30/><T6/><D128/><U20/><E115/><V118/><F118/><W94/><G60/><T42/><D96/><U17/><E119/><V29/><F126/><W73/><G98/><T113/><D113/><U27/><E68/><V87/><F69/><W44/><G44/><T91/><D91/><U31/><E108/><V132/><F132/><W125/><G33/><T2/><D82/><U109/><E109/><V81/><F29/><W49/><G49/><T66/><D42/><U23/><E121/><V117/><F117/><W74/><G125/><T65/><D65/><U9/><E46/><V38/><F38/><W80/><G80/><T105/><D48/><U37/><E37/><V10/><F75/><W7/><G4/><T15/><REACH who="0" step="1"/><D28/><REACH who="0" ten="380,180,300,130" step="2"/><U72/><E67/><V25/><F25/><W112/><REACH who="3" step="1"/><G112/><REACH who="3" ten="380,180,300,120" step="2"/><T124/><D124/><U63/><E31/><V89/><REACH who="2" step="1"/><F8/><REACH who="2" ten="380,180,290,120" step="2"/><W39/><G39/><T45/><D45/><U129/><E9/><V79/><F79/><W110/><G110/><T0/><D0/><U97/><E35/><V34/><F34/><W131/><G131/><T123/><D123/><U55/><E20/><V50/><F50/><W78/><G78/><T127/><D127/><U24/><E22/><V56/><F56/><W134/><AGARI ba="0,3" hai="5,7,70,71,73,74,76,77,94,95,120,122,133,134" machi="134" ten="25,12000,2" yaku="1,1,0,1,22,2,52,2,53,0" doraHai="107" doraHaiUra="92" who="3" fromWho="3" sc="380,-30,180,-30,290,-60,120,150" /><INIT seed="3,0,0,5,2,68" ten="350,150,230,270" oya="3" hai0="8,34,101,48,2,39,43,78,55,37,14,13,90" hai1="73,69,20,126,83,23,72,94,128,109,29,123,76" hai2="106,24,40,63,86,77,28,19,99,103,62,113,100" hai3="104,10,135,131,17,27,88,96,38,111,59,50,122"/><W26/><G122/><T15/><D34/><U4/><E123/><V71/><F113/><W84/><G131/><T52/><D43/><U105/><E105/><V35/><F103/><W129/><G129/><T16/><D101/><U11/><E128/><V134/><F134/><W53/><G135/><T61/><D78/><U75/><E109/><V132/><F132/><W119/><G119/><T108/><D108/><U1/><E126/><V67/><F62/><W7/><G111/><T0/><D61/><U21/><E69/><V44/><F19/><W22/><G104/><T81/><D55/><U5/><E5/><V114/><F114/><W120/><G96/><T66/><D66/><U85/><REACH who="1" step="1"/><E29/><REACH who="1" ten="350,140,230,270" step="2"/><V3/><F3/><W133/><G120/><T64/><D0/><U70/><E70/><V42/><F44/><W6/><G133/><T92/><D2/><U110/><E110/><V36/><F36/><W57/><G38/><T9/><D39/><U121/><E121/><V79/><F79/><W41/><G7/><T46/><D37/><U65/><E65/><V130/><F130/><W125/><G125/><T98/><D64/><U97/><E97/><V31/><F28/><W127/><G127/><T30/><D30/><U33/><E33/><V45/><F45/><W25/><G59/><T47/><D47/><U118/><E118/><V117/><F117/><W80/><REACH who="3" step="1"/><G41/><REACH who="3" ten="350,140,230,260" step="2"/><N who="0" m="24655" /><D98/><U49/><E49/><V124/><F124/><W82/><G82/><AGARI ba="0,2" hai="24,31,35,40,42,63,67,71,77,82,86,99,100,106" machi="82" ten="40,2600,0" yaku="25,2" doraHai="68" who="2" fromWho="3" sc="350,0,140,0,230,46,260,-26" owari="350,45.0,140,-36.0,276,7.6,234,-16.6" /></mjloggm>