<mjloggm ver="2.3"><GO type="225" lobby="0"/><UN n0="%E5%91%A8%E6%9D%B1" n1="%4C%4F%4C%49%54%41" n2="%E6%81%A5%E6%99%92%E3%81%97" n3="%E3%80%90%E3%83%88%E3%83%AA%E3%83%A5%E3%83%95%E3%80%91" dan="17,16,16,16" rate="2204.65,2212.52,2206.60,2125.32" sx="M,F,M,M"/><TAIKYOKU oya="0"/><INIT seed="0,0,0,5,0,12" ten="250,250,250,250" oya="0" hai0="103,31,56,98,68,41,128,100,81,60,116,87,6" hai1="4,25,11,63,131,102,108,127,0,5,23,69,122" hai2="62,83,21,50,76,91,26,20,40,110,27,34,112" hai3="7,67,71,135,114,90,101,30,46,113,39,119,52"/><T36/><D116/><U15/><E102/><V97/><F112/><W65/><G101/><T70/><D103/><U130/><E69/><V77/><F34/><W95/><G30/><T42/><D128/><N who="1" m="49195" /><E63/><V2/><F110/><W33/><G33/><T105/><D6/><N who="1" m="3575" /><E108/><V43/><F2/><W93/><G7/><N who="1" m="2634" /><E0/><V35/><F62/><W66/><G71/><T22/><D36/><U58/><E58/><V125/><F43/><W92/><G119/><T17/><D70/><U38/><E38/><V18/><F40/><W9/><G39/><T85/><D68/><U59/><E59/><V47/><F50/><W3/><G3/><T124/><D87/><U44/><E44/><V82/><F47/><W106/><G106/><T54/><D124/><U134/><E134/><V109/><F125/><W19/><G135/><T121/><D121/><U84/><E84/><V99/><F109/><W126/><G126/><T73/><D73/><U45/><E45/><V51/><F51/><N who="3" m="28791" /><G114/><T111/><D111/><U8/><E127/><V28/><F91/><W118/><G118/><T94/><D105/><U133/><E133/><V115/><F115/><W14/><G113/><T104/><D104/><U129/><N who="1" m="49203" /><U10/><DORA hai="72" /><E122/><V55/><F55/><W75/><G75/><T120/><D120/><U88/><E88/><AGARI ba="0,0" hai="9,14,19,65,66,67,88,90,92,93,95" m="28791" machi="88" ten="30,7700,0" yaku="8,1,52,1,54,2" doraHai="12,72" who="3" fromWho="1" sc="250,0,250,-77,250,0,250,77" /><INIT seed="1,0,0,5,3,120" ten="250,173,250,327" oya="1" hai0="112,131,53,65,102,92,34,68,109,18,123,42,118" hai1="24,97,50,52,81,70,58,32,14,37,33,76,94" hai2="125,25,116,11,128,110,1,36,20,80,59,12,82" hai3="26,132,113,115,51,41,105,77,88,87,27,38,89"/><U22/><E70/><V83/><F116/><W121/><G121/><T101/><D123/><U23/><E37/><V31/><F125/><W75/><G105/><T30/><D30/><U84/><E14/><V135/><F36/><W71/><G71/><T66/><D34/><U57/><E57/><V19/><F128/><W127/><G75/><T46/><D68/><U67/><E67/><V15/><F135/><W133/><G127/><T3/><D3/><U35/><REACH who="1" step="1"/><E24/><REACH who="1" ten="250,163,250,327" step="2"/><V0/><F59/><W62/><G26/><T7/><D66/><U73/><E73/><V6/><F0/><W48/><G27/><T56/><D65/><U100/><AGARI ba="0,1" hai="22,23,32,33,35,50,52,58,76,81,84,94,97,100" machi="100" ten="30,11700,0" yaku="1,1,0,1,54,1,53,1" doraHai="120" doraHaiUra="47" who="1" fromWho="1" sc="250,-39,163,127,250,-39,327,-39" /><INIT seed="1,1,0,2,2,33" ten="211,290,211,288" oya="1" hai0="55,87,96,108,120,71,63,90,107,49,133,52,1" hai1="106,131,0,105,76,129,11,66,58,41,69,40,82" hai2="32,12,109,4,80,30,45,18,135,5,59,27,97" hai3="73,102,81,20,36,3,67,95,17,114,104,122,22"/><U103/><E69/><V6/><F109/><W116/><G114/><T101/><D108/><U91/><E91/><V23/><F135/><W62/><G122/><T77/><D133/><U8/><E66/><V125/><F125/><W93/><G36/><T132/><D132/><U61/><E41/><V100/><F45/><W48/><G48/><T35/><D120/><U64/><E40/><V34/><F80/><W24/><G3/><T19/><D77/><U7/><E11/><V74/><F74/><W127/><G127/><T2/><D35/><U134/><E134/><V88/><F59/><W113/><G113/><T29/><D19/><U15/><E15/><V51/><F51/><W65/><G65/><T50/><D29/><U54/><E64/><V16/><F18/><W75/><G22/><T124/><D124/><U31/><E31/><V130/><F130/><N who="1" m="49673" /><E103/><V25/><F88/><W99/><G73/><AGARI ba="1,0" hai="0,7,8,54,58,61,73,76,82,105,106" m="49673" machi="73" ten="30,2900,0" yaku="19,1,52,1" doraHai="33" who="1" fromWho="3" sc="211,0,290,32,211,0,288,-32" /><INIT seed="1,2,0,3,2,116" ten="211,322,211,256" oya="1" hai0="104,2,23,105,25,64,31,27,77,16,7,38,28" hai1="63,122,41,65,123,52,114,133,61,79,47,51,15" hai2="99,75,42,14,4,17,81,128,126,90,70,40,124" hai3="29,35,88,5,20,30,103,55,12,115,68,129,101"/><U96/><E114/><V106/><F70/><W69/><G115/><T118/><D118/><U43/><E133/><V13/><F128/><W3/><G3/><T34/><D38/><U82/><E15/><V134/><F134/><W58/><G35/><T117/><D117/><U73/><E61/><V83/><F4/><W89/><G129/><T72/><D64/><U121/><REACH who="1" step="1"/><E96/><REACH who="1" ten="211,312,211,256" step="2"/><V71/><F13/><W36/><G12/><T24/><D2/><U130/><E130/><V59/><F99/><W74/><G5/><T95/><D7/><U50/><E50/><V48/><F14/><W54/><G36/><T46/><D27/><U10/><E10/><V6/><F48/><W135/><G135/><T86/><D25/><U11/><E11/><V87/><F6/><W45/><G29/><T120/><D31/><U97/><E97/><V80/><F17/><W18/><G30/><T44/><D24/><U66/><E66/><V78/><F124/><W53/><G18/><T57/><D28/><U39/><E39/><V84/><F126/><W32/><G32/><T22/><D34/><U0/><E0/><V109/><F71/><AGARI ba="2,1" hai="41,43,47,51,52,63,65,71,73,79,82,121,122,123" machi="71" ten="40,18000,2" yaku="1,1,52,3,54,1,53,1" doraHai="116" doraHaiUra="67" who="1" fromWho="2" sc="211,0,312,196,211,-186,256,0" /><INIT seed="1,3,0,5,4,63" ten="211,508,25,256" oya="1" hai0="26,51,75,18,88,96,42,126,112,115,45,2,74" hai1="43,93,3,90,78,105,122,25,125,131,66,38,22" hai2="47,6,39,135,9,41,77,118,11,80,59,102,62" hai3="106,53,28,69,117,134,67,72,57,107,94,56,121"/><U111/><E122/><V30/><F118/><W54/><G121/><T124/><D2/><U95/><E105/><V91/><F135/><W85/><G72/><N who="0" m="27691" /><D26/><U15/><E3/><V114/><F114/><W27/><G69/><T23/><D23/><U29/><E78/><V48/><F30/><W82/><G134/><T84/><D18/><U129/><E125/><N who="0" m="48233" /><D96/><U104/><E104/><V19/><F91/><W4/><G4/><T113/><D113/><U65/><E111/><V33/><F33/><W46/><G106/><T71/><D71/><U35/><E35/><V119/><F119/><W132/><G132/><T101/><D101/><U31/><E31/><V34/><F34/><W52/><G107/><T16/><D16/><N who="1" m="10527" /><E25/><V36/><F102/><W50/><G117/><T81/><AGARI ba="3,0" hai="42,45,51,81,84,88,112,115" m="48233,27691" machi="81" ten="30,2000,0" yaku="18,1,54,1" doraHai="63" who="0" fromWho="0" sc="211,29,508,-13,25,-8,256,-8" /><INIT seed="2,0,0,2,2,74" ten="240,495,17,248" oya="2" hai0="45,9,100,93,123,118,40,91,77,117,65,25,5" hai1="114,64,90,108,110,57,122,47,46,55,97,43,50" hai2="96,26,60,105,41,134,63,98,27,42,133,21,81" hai3="12,53,6,125,28,109,131,7,103,85,116,68,22"/><V135/><F81/><W0/><G68/><T14/><D123/><U130/><E114/><V127/><F127/><W89/><G0/><T83/><D65/><U30/><E122/><V52/><F105/><W44/><G116/><T80/><D25/><N who="2" m="9226" /><F52/><W82/><G125/><T37/><D100/><U66/><E30/><V18/><F21/><W20/><G28/><T124/><D124/><U121/><E130/><V102/><F18/><N who="3" m="10311" /><G131/><T13/><D13/><U99/><E121/><V24/><N who="2" m="9234" /><V2/><DORA hai="69" /><F102/><W128/><G103/><T111/><D83/><U38/><E47/><V95/><F95/><W33/><G33/><T58/><D58/><U11/><E57/><V76/><F2/><W73/><G73/><T62/><D62/><N who="2" m="23594" /><F76/><W92/><G22/><T126/><D126/><U78/><E78/><V34/><F34/><W16/><G16/><T70/><D70/><U88/><E55/><V67/><F67/><W1/><G1/><T8/><D118/><U86/><E64/><V119/><F119/><W4/><G128/><T17/><D117/><U132/><E66/><V10/><F10/><W36/><G82/><T79/><D80/><U31/><E11/><V32/><F32/><W39/><G4/><T101/><D101/><U75/><E46/><V112/><F112/><W29/><G29/><T94/><D94/><U19/><E19/><V54/><F54/><W72/><G72/><T59/><D8/><U56/><E75/><V115/><F115/><W129/><G6/><T84/><D5/><U49/><E31/><V120/><F120/><W104/><G129/><RYUUKYOKU ba="0,0" sc="240,-10,495,-10,17,30,248,-10" hai2="41,42,96,98,133,134,135" /><INIT seed="2,1,0,4,1,42" ten="230,485,47,238" oya="2" hai0="80,110,93,6,76,54,18,11,127,102,26,99,41" hai1="33,118,60,21,55,83,65,51,37,124,32,89,121" hai2="112,71,106,64,47,73,101,44,91,128,52,100,113" hai3="22,72,19,4,38,87,13,75,69,35,12,16,134"/><V25/><F73/><W119/><G119/><T28/><D110/><U85/><E118/><V111/><F71/><W1/><G69/><T105/><D127/><U61/><E37/><V132/><F64/><W14/><G38/><T114/><D114/><U129/><E124/><V131/><F111/><W39/><G39/><T104/><D41/><U130/><E121/><V2/><F2/><W98/><G98/><T10/><D18/><N who="3" m="6697" /><G87/><T107/><D54/><U59/><E21/><V88/><F52/><W122/><G122/><T94/><D94/><U58/><REACH who="1" step="1"/><E61/><REACH who="1" ten="230,475,47,238" step="2"/><V92/><F25/><W23/><G23/><T56/><D26/><U8/><E8/><V36/><F36/><W17/><G22/><T45/><D11/><U20/><E20/><V84/><F132/><W67/><G134/><T5/><D10/><U115/><E115/><N who="2" m="44107" /><F106/><W29/><G35/><AGARI ba="1,1" hai="32,33,35,51,55,58,59,60,65,83,85,89,129,130" machi="35" ten="40,1300,0" yaku="1,1,53,0" doraHai="42" doraHaiUra="7" who="1" fromWho="3" sc="230,0,475,26,47,0,238,-16" /><INIT seed="3,0,0,3,2,12" ten="230,501,47,222" oya="3" hai0="43,112,78,91,47,46,82,103,4,86,17,34,92" hai1="111,67,38,65,52,29,88,2,69,58,6,95,49" hai2="70,90,98,56,62,80,110,132,117,105,21,1,101" hai3="72,127,66,15,114,32,9,134,63,5,89,26,50"/><W122/><G114/><T93/><D112/><U55/><E38/><V106/><F110/><W121/><G72/><T107/><D34/><U11/><E69/><V109/><F109/><W61/><G127/><T128/><D128/><U108/><E29/><V130/><F132/><W59/><G134/><T81/><D4/><U13/><E2/><V97/><F130/><W135/><G135/><T77/><D107/><U85/><E111/><V79/><F117/><W7/><G50/><T33/><D33/><U24/><E24/><V68/><F90/><W20/><G32/><T83/><D17/><U19/><E19/><V125/><F125/><W123/><G5/><T115/><D115/><U64/><E108/><V60/><F56/><W30/><G89/><T22/><D22/><U102/><E102/><V84/><F1/><W42/><G42/><T74/><D46/><N who="1" m="28087" /><E65/><V18/><F62/><AGARI ba="0,0" hai="6,11,13,52,58,62,64,67,85,88,95" m="28087" machi="62" ten="30,3900,0" yaku="8,1,54,2" doraHai="12" who="1" fromWho="2" sc="230,0,501,39,47,-39,222,0" owari="230,3.0,540,64.0,8,-49.2,222,-17.8" /></mjloggm>