<mjloggm ver="2.3"><GO type="225" lobby="0"/><UN n0="%E3%80%90%E8%92%BC%E7%90%89%E3%80%91" n1="%E7%99%BD%E9%9B%AA%E4%B9%83%E6%84%9B" n2="%E7%99%BD%E5%80%89%E5%AF%9B%E4%B9%8B" n3="%E5%91%A8%E6%9D%B1" dan="16,16,16,17" rate="2194.98,2029.04,2108.83,2185.68" sx="F,F,M,M"/><TAIKYOKU oya="0"/><INIT seed="0,0,0,1,5,56" ten="250,250,250,250" oya="0" hai0="18,107,87,12,123,23,30,34,0,126,101,50,86" hai1="17,54,13,32,63,77,49,20,24,33,11,9,119" hai2="64,39,48,28,71,114,37,68,132,100,10,36,80" hai3="73,29,84,78,83,99,110,6,112,79,116,55,122"/><T26/><D123/><U120/><E119/><V88/><F114/><W45/><G112/><T31/><D126/><U65/><E120/><V2/><F132/><W89/><G122/><T92/><D107/><U66/><E77/><V46/><F100/><W51/><G110/><T109/><D109/><U95/><E95/><V81/><F28/><W82/><G116/><T70/><D30/><U117/><E117/><V97/><F80/><W102/><G29/><T96/><D70/><U106/><E106/><V57/><F2/><W135/><G135/><T43/><REACH who="0" step="1"/><D0/><REACH who="0" ten="240,250,250,250" step="2"/><U58/><E11/><V14/><F68/><W25/><G78/><T59/><D59/><U5/><REACH who="1" step="1"/><E66/><REACH who="1" ten="240,240,250,250" step="2"/><V44/><F64/><W111/><G111/><T15/><D15/><U61/><E61/><V60/><F60/><W35/><G79/><T74/><D74/><U90/><E90/><V128/><F88/><W98/><G73/><T53/><D53/><U103/><E103/><V42/><F14/><W125/><G102/><T22/><D22/><U3/><E3/><V4/><F10/><W1/><G89/><T94/><D94/><U133/><E133/><V108/><F108/><W91/><G91/><T85/><D85/><U75/><E75/><V93/><F93/><W27/><G84/><T121/><D121/><U40/><E40/><V7/><F42/><W16/><G55/><T38/><D38/><U76/><E76/><V134/><F39/><W118/><G1/><T47/><AGARI ba="0,2" hai="12,18,23,26,31,34,43,47,50,86,87,92,96,101" machi="47" ten="30,3000,0" yaku="1,1,0,1,53,0" doraHai="56" doraHaiUra="67" who="0" fromWho="0" sc="240,50,240,-10,250,-10,250,-10" /><INIT seed="0,1,0,0,2,8" ten="290,230,240,240" oya="0" hai0="91,38,107,125,32,104,66,30,86,24,79,5,110" hai1="73,111,19,56,72,65,108,31,92,133,57,84,109" hai2="49,99,41,35,61,114,113,34,43,50,11,100,115" hai3="96,98,118,60,15,16,27,127,44,103,37,4,46"/><T64/><D38/><U67/><E31/><V121/><F11/><W54/><G118/><T1/><D125/><U71/><E133/><V80/><F80/><W90/><G127/><T42/><D42/><U28/><E28/><V124/><F124/><W58/><G37/><T20/><D79/><U120/><E120/><V3/><F3/><W55/><G55/><T13/><D110/><U119/><E119/><V39/><F39/><W17/><G90/><T26/><D104/><U0/><E0/><V69/><F121/><W102/><G4/><T33/><D107/><U75/><E71/><V94/><F69/><W48/><G27/><T131/><D33/><U128/><E128/><V129/><F61/><W53/><G17/><N who="0" m="10287" /><D26/><U14/><E84/><V29/><F129/><W126/><G46/><T59/><D59/><N who="1" m="22603" /><E92/><V63/><F63/><W130/><G130/><T105/><D105/><U62/><E62/><V23/><F23/><AGARI ba="1,0" hai="14,19,23,65,67,72,73,75,108,109,111" m="22603" machi="23" ten="40,2600,0" yaku="14,1,52,1" doraHai="8" who="1" fromWho="2" sc="290,0,230,29,240,-29,240,0" /><INIT seed="1,0,0,2,3,27" ten="290,259,211,240" oya="1" hai0="94,105,37,28,82,119,135,77,63,88,133,110,11" hai1="54,87,61,48,75,67,42,25,36,100,22,13,76" hai2="113,106,44,32,120,17,53,83,93,23,47,4,98" hai3="29,84,66,18,14,30,101,57,109,56,34,103,104"/><U58/><E75/><V60/><F32/><W117/><G34/><T9/><D37/><U5/><E100/><N who="3" m="38474" /><G104/><T20/><D119/><U10/><E36/><V55/><F106/><W129/><G117/><T132/><D105/><U92/><E42/><V74/><F120/><W108/><G84/><N who="0" m="52487" /><D63/><U81/><E92/><V97/><F113/><W12/><G129/><T91/><D91/><U24/><REACH who="1" step="1"/><E22/><REACH who="1" ten="290,249,211,240" step="2"/><V6/><F74/><W73/><G73/><N who="0" m="43311" /><D110/><U86/><E86/><V7/><F83/><W118/><G118/><T72/><D72/><U107/><E107/><V102/><F97/><W49/><G109/><T96/><D96/><U35/><E35/><V62/><F55/><N who="3" m="31855" /><G108/><T70/><D70/><AGARI ba="0,1" hai="5,10,13,24,25,48,54,58,61,67,70,76,81,87" machi="70" ten="30,5800,0" yaku="1,1,7,1,53,1" doraHai="27" doraHaiUra="51" who="1" fromWho="0" sc="290,-58,249,68,211,0,240,0" /><INIT seed="1,1,0,1,2,79" ten="232,317,211,240" oya="1" hai0="75,24,117,32,90,95,59,106,128,1,93,52,25" hai1="70,62,119,43,61,82,130,28,50,48,37,123,58" hai2="68,112,72,86,63,21,97,6,15,54,38,129,87" hai3="71,67,122,98,14,77,44,16,41,132,23,26,85"/><U10/><E119/><V22/><F72/><W49/><G132/><T114/><D106/><U56/><E123/><V115/><F38/><W116/><G116/><T57/><D1/><U94/><E28/><V89/><F129/><W80/><G122/><T3/><D114/><N who="2" m="43562" /><F97/><W40/><G98/><T12/><D3/><U46/><E130/><V109/><F109/><W19/><G71/><T39/><D39/><U55/><E94/><V42/><F42/><N who="3" m="24727" /><G67/><T11/><D117/><U66/><E10/><AGARI ba="1,0" hai="10,14,16,19,23,26,40,41,77,80,85" m="24727" machi="10" ten="30,3900,0" yaku="8,1,52,1,54,1" doraHai="79" who="3" fromWho="1" sc="232,0,317,-42,211,0,240,42" /><INIT seed="2,0,0,2,1,59" ten="232,275,211,282" oya="2" hai0="74,64,131,133,23,72,48,50,101,70,31,71,104" hai1="127,28,90,73,108,95,9,32,134,57,51,41,3" hai2="102,61,75,87,94,4,54,122,36,43,129,96,123" hai3="115,49,39,35,44,114,38,105,107,82,97,110,85"/><V124/><F75/><W100/><G107/><T60/><D71/><U58/><E73/><V2/><F124/><W83/><G35/><T5/><D133/><U121/><E108/><V130/><F87/><W12/><G12/><T109/><D109/><U33/><E127/><V112/><F112/><N who="3" m="43051" /><G110/><T21/><D131/><N who="2" m="50186" /><F43/><N who="3" m="24735" /><G83/><T37/><D37/><U66/><E134/><V53/><F36/><W111/><G111/><T103/><D104/><U8/><E121/><N who="2" m="46091" /><F61/><W46/><G46/><T17/><D72/><U132/><E132/><V62/><F62/><W69/><G69/><T55/><D74/><U1/><E41/><V11/><AGARI ba="0,0" hai="2,4,11,53,54,94,96,102" m="46091,50186" machi="11" ten="40,2100,0" yaku="19,1" doraHai="59" who="2" fromWho="2" sc="232,-7,275,-7,211,21,282,-7" /><INIT seed="2,1,0,5,4,65" ten="225,268,232,275" oya="2" hai0="93,21,86,71,24,100,27,104,45,18,43,34,68" hai1="63,126,57,117,111,88,56,26,46,91,37,12,81" hai2="115,50,35,127,64,33,124,48,73,66,74,15,120" hai3="32,49,14,99,54,79,29,30,6,92,9,90,108"/><V44/><F15/><W84/><G108/><T23/><D34/><N who="2" m="12810" /><F115/><W17/><G32/><T13/><D104/><U72/><E117/><V76/><F120/><W83/><REACH who="3" step="1"/><G6/><REACH who="3" ten="225,268,232,265" step="2"/><T10/><D10/><U28/><E111/><V128/><F128/><W130/><G130/><T105/><D105/><U3/><E126/><N who="2" m="48171" /><F50/><W101/><G101/><T39/><D27/><U22/><E26/><V11/><F11/><W19/><G19/><T121/><D121/><U89/><E37/><V122/><F122/><W106/><G106/><T123/><D123/><U87/><E28/><V2/><F2/><W31/><G31/><T41/><D100/><U107/><E107/><V129/><F129/><W97/><G97/><T69/><D41/><U40/><E40/><N who="2" m="24583" /><F74/><W135/><G135/><T96/><D96/><U53/><E72/><V114/><F114/><W109/><G109/><T20/><REACH who="0" step="1"/><D24/><REACH who="0" ten="215,268,232,265" step="2"/><U102/><E102/><V103/><F103/><W8/><G8/><T4/><D4/><U75/><E3/><V55/><F73/><W25/><G25/><T67/><D67/><U7/><E7/><V61/><F66/><W118/><G118/><T52/><D52/><U113/><E113/><V125/><F55/><W95/><G95/><T62/><D62/><N who="1" m="36111" /><E75/><V116/><F116/><W42/><G42/><T119/><D119/><U59/><E63/><V38/><F125/><W94/><G94/><T98/><D98/><U133/><E12/><V16/><F61/><W5/><G5/><T112/><D112/><U47/><E22/><V134/><F64/><W131/><G131/><T80/><D80/><RYUUKYOKU ba="1,2" sc="215,15,268,-15,232,-15,265,15" hai0="13,18,20,21,23,39,43,45,68,69,71,86,93" hai3="9,14,17,29,30,49,54,79,83,84,90,92,99" /><INIT seed="3,2,2,3,3,25" ten="230,253,217,280" oya="3" hai0="50,132,4,30,70,103,87,10,124,66,3,88,110" hai1="83,68,41,94,97,38,114,60,111,43,135,92,98" hai2="64,102,122,14,105,101,93,21,35,40,107,131,89" hai3="77,19,95,104,112,86,32,117,73,33,1,113,0"/><W9/><G117/><T44/><D110/><U56/><E114/><V45/><F35/><N who="3" m="13387" /><G104/><T62/><D132/><U16/><E68/><V53/><F131/><W108/><G95/><T20/><D124/><U13/><E111/><V74/><F74/><W36/><G86/><T8/><D103/><N who="1" m="60839" /><E83/><V130/><F130/><W17/><G36/><T63/><D8/><N who="1" m="6183" /><E38/><V18/><F122/><W129/><G108/><T58/><D20/><U65/><E135/><V24/><F107/><W52/><G129/><T6/><D30/><U7/><E7/><V82/><F105/><W27/><G73/><T123/><D4/><U55/><E65/><V37/><F82/><W91/><G1/><T109/><D109/><U120/><E120/><V48/><F64/><W11/><G0/><T121/><D121/><U2/><E2/><V119/><F119/><W96/><G113/><T75/><D75/><U81/><E81/><V90/><F24/><W61/><G27/><T85/><D123/><U133/><E133/><V34/><F34/><W71/><G71/><T26/><D26/><U39/><E39/><V128/><F128/><W127/><G112/><T51/><D88/><AGARI ba="2,2" hai="41,43,55,56,60,88,94,98" m="6183,60839" machi="88" ten="30,3900,0" yaku="8,1,54,2" doraHai="25" who="1" fromWho="0" sc="230,-45,253,65,217,0,280,0" owari="185,-31.5,318,41.8,217,-18.3,280,8.0" /></mjloggm>