<mjloggm ver="2.3"><GO type="225" lobby="0"/><UN n0="%E6%9C%88%E5%B3%B6%E5%9F%BA" n1="%E3%83%81%E3%83%A7%E3%83%99%E3%83%83%E3%82%AF" n2="%E3%83%B4%E3%83%A0%EF%BC%99%E3%81%A6" n3="%E4%BF%BA%E3%81%A8%E5%A6%96%E5%A4%A2" dan="16,16,16,16" rate="2171.01,2105.49,2174.17,2105.60" sx="M,M,M,F"/><TAIKYOKU oya="0"/><INIT seed="0,0,0,5,4,99" ten="250,250,250,250" oya="0" hai0="120,41,36,42,25,2,131,85,79,19,101,133,1" hai1="62,102,106,90,124,134,126,75,135,88,61,46,5" hai2="89,33,116,115,104,15,66,45,84,32,14,7,9" hai3="83,78,63,30,39,40,103,86,69,105,119,31,3"/><T37/><D85/><U13/><E75/><V16/><F115/><W82/><G119/><T68/><D25/><U129/><E46/><V121/><F121/><W97/><G3/><N who="0" m="1035" /><D19/><U91/><E5/><V109/><F109/><W27/><G40/><N who="0" m="15467" /><D120/><U23/><E13/><V118/><F104/><W132/><G39/><N who="0" m="14923" /><D79/><U123/><E23/><N who="2" m="11671" /><F45/><W55/><G132/><N who="1" m="50730" /><E123/><V100/><F66/><W60/><G60/><N who="1" m="23146" /><E129/><V12/><F12/><W114/><G114/><T77/><D77/><U44/><E44/><V65/><F65/><N who="3" m="41151" /><G31/><T35/><D133/><U130/><E130/><V80/><F116/><W26/><G26/><T48/><D68/><U107/><E102/><V21/><F100/><W11/><G82/><T50/><D101/><U24/><E24/><V94/><F118/><W57/><G83/><T22/><D22/><U72/><E72/><V76/><F21/><W34/><G78/><T93/><D131/><U56/><E56/><V73/><F73/><W122/><G122/><T52/><D35/><U128/><E128/><V43/><F43/><W95/><G11/><T10/><D10/><U59/><E59/><V17/><F7/><W81/><G81/><T64/><D93/><U38/><E38/><V110/><F32/><W125/><G95/><T92/><D92/><U54/><E54/><V96/><F33/><W49/><G86/><T108/><D64/><U58/><E58/><V112/><F112/><W6/><G6/><T67/><D67/><U111/><E111/><V18/><F110/><W74/><G74/><T98/><D108/><U4/><E4/><N who="2" m="3495" /><F94/><W28/><G28/><RYUUKYOKU ba="0,0" sc="250,-30,250,10,250,10,250,10" hai1="88,90,91,106,107,124,126" hai2="17,18,76,80,84,89,96" hai3="27,30,34,49,55,57,97,103,105,125" /><INIT seed="1,1,0,1,1,70" ten="220,260,260,260" oya="1" hai0="5,17,84,27,34,130,131,113,80,11,46,106,72" hai1="93,59,103,9,28,127,54,100,60,30,107,116,109" hai2="91,1,12,111,24,33,56,32,90,119,31,108,81" hai3="42,102,53,132,82,118,62,66,110,18,96,2,49"/><U87/><E116/><V36/><F119/><W0/><G118/><T134/><D113/><U20/><E107/><V10/><F1/><W101/><G110/><N who="2" m="42025" /><F33/><W25/><G42/><T124/><D106/><U68/><E68/><V23/><F32/><W77/><G132/><T76/><D134/><U123/><E123/><V52/><F81/><W41/><G41/><T50/><D124/><U128/><E127/><V48/><F36/><W39/><G39/><T75/><D17/><AGARI ba="1,0" hai="10,12,17,23,24,31,48,52,56,90,91" m="42025" machi="17" ten="30,2000,0" yaku="14,1,54,1" doraHai="70" who="2" fromWho="0" sc="220,-23,260,0,260,23,260,0" /><INIT seed="2,0,0,0,5,69" ten="197,260,283,260" oya="2" hai0="74,16,118,113,72,133,82,9,2,122,100,132,99" hai1="93,21,6,61,45,25,114,121,110,52,35,14,86" hai2="46,49,44,123,67,125,58,76,91,33,29,22,7" hai3="83,13,30,37,129,130,43,54,20,108,109,135,77"/><V27/><F123/><W8/><G135/><N who="0" m="51787" /><D2/><U95/><E114/><V80/><F125/><W31/><G54/><T47/><D122/><U117/><E117/><V59/><F7/><N who="3" m="3231" /><G83/><T94/><D113/><U81/><E35/><V73/><F33/><W89/><G89/><T127/><D127/><U32/><E32/><V78/><F67/><W55/><G55/><T88/><D47/><U5/><E110/><N who="3" m="42602" /><G77/><T18/><D9/><N who="1" m="4399" /><E6/><V87/><F46/><N who="3" m="23919" /><G20/><T23/><D118/><U17/><E121/><V56/><REACH who="2" step="1"/><F73/><REACH who="2" ten="197,260,273,260" step="2"/><N who="0" m="28266" /><D23/><U75/><E75/><V60/><F60/><W48/><G48/><T3/><D3/><U119/><E119/><V12/><F12/><W124/><G124/><T98/><D82/><U66/><E66/><V39/><F39/><W11/><G11/><T4/><D4/><U0/><E0/><V50/><F50/><W68/><G68/><T42/><D42/><AGARI ba="0,1" hai="22,27,29,42,44,49,56,58,59,76,78,80,87,91" machi="42" ten="40,3900,0" yaku="1,1,8,1,53,0" doraHai="69" doraHaiUra="96" who="2" fromWho="0" sc="197,-39,260,0,273,49,260,0" /><INIT seed="2,1,0,3,3,62" ten="158,260,322,260" oya="2" hai0="99,106,68,85,113,128,26,108,74,103,19,18,125" hai1="88,69,127,29,83,131,2,114,80,87,63,25,134" hai2="66,8,124,98,14,112,5,55,1,36,24,49,84" hai3="82,107,21,93,41,51,116,48,115,102,17,46,95"/><V79/><F112/><W135/><G116/><T73/><D113/><U77/><E2/><V16/><F36/><W27/><G115/><T123/><D68/><U10/><E114/><V56/><F124/><W31/><G135/><T86/><D26/><U109/><E109/><V67/><F98/><W91/><G107/><T0/><D0/><U38/><E38/><V97/><F97/><W129/><G129/><T13/><D13/><U54/><E134/><V60/><F24/><W118/><G118/><T52/><D123/><U64/><E131/><V45/><F1/><W105/><G105/><T44/><D128/><U7/><E54/><N who="2" m="29999" /><F5/><W47/><G102/><T101/><D108/><U122/><E127/><V104/><F104/><W9/><G82/><AGARI ba="1,0" hai="8,14,16,55,56,60,66,67,79,82,84" m="29999" machi="82" ten="30,11600,0" yaku="8,1,52,2,54,1" doraHai="62" who="2" fromWho="3" sc="158,0,260,0,322,119,260,-119" /><INIT seed="2,2,0,3,2,35" ten="158,260,441,141" oya="2" hai0="37,107,75,67,73,15,0,76,29,100,101,12,1" hai1="36,13,10,87,89,3,54,78,69,109,22,112,134" hai2="132,45,17,23,42,30,96,14,81,118,91,33,19" hai3="79,38,64,80,129,127,122,93,18,114,71,6,82"/><V8/><F118/><W135/><G122/><T53/><D37/><U2/><E69/><V72/><F132/><W92/><G38/><T61/><D29/><U32/><E32/><V24/><F72/><W90/><G135/><T74/><D76/><U70/><E70/><V48/><F81/><W63/><G129/><T116/><D116/><U113/><E36/><V99/><F91/><W85/><G127/><T41/><D53/><U52/><E78/><V62/><F62/><W57/><G114/><T26/><D26/><AGARI ba="2,0" hai="8,14,17,19,23,24,26,30,33,42,45,48,96,99" machi="26" ten="30,1500,0" yaku="7,1" doraHai="35" who="2" fromWho="0" sc="158,-21,260,0,441,21,141,0" /><INIT seed="2,3,0,0,4,39" ten="137,260,462,141" oya="2" hai0="6,66,115,9,116,3,12,90,93,55,5,68,63" hai1="58,56,61,76,131,96,37,54,21,24,110,17,53" hai2="85,111,57,7,128,62,86,2,82,30,77,41,120" hai3="1,129,60,16,13,100,28,103,34,38,135,45,132"/><V29/><F120/><W88/><G1/><T8/><D115/><U15/><E37/><V102/><F128/><W107/><G60/><T69/><D116/><U91/><E110/><V52/><F111/><W10/><G129/><T97/><REACH who="0" step="1"/><D55/><REACH who="0" ten="127,260,462,141" step="2"/><N who="1" m="33951" /><E131/><V36/><F52/><W112/><G112/><T11/><D11/><U32/><E53/><V42/><F36/><W73/><G73/><T31/><D31/><U122/><E54/><V22/><F29/><W83/><G28/><T79/><D79/><U70/><E76/><V26/><F77/><W4/><G34/><T101/><D101/><U94/><E32/><V48/><F102/><W67/><G67/><T51/><D51/><U125/><E122/><V0/><F48/><W59/><G100/><T121/><D121/><U89/><E89/><V109/><F30/><W105/><G103/><T123/><D123/><U20/><E91/><V49/><F49/><W33/><G33/><T104/><D104/><U99/><E20/><V47/><F22/><N who="3" m="11535" /><G105/><T113/><D113/><U124/><E21/><V43/><F109/><W19/><G107/><T127/><D127/><U14/><E125/><V114/><F114/><W95/><G135/><T130/><D130/><U35/><E124/><V81/><F62/><W80/><G132/><T18/><D18/><U71/><E35/><V119/><F119/><W65/><G19/><T98/><D98/><U23/><E99/><V72/><F72/><W44/><G38/><T117/><D117/><U84/><E96/><V106/><F106/><W25/><G88/><T40/><D40/><U87/><E17/><RYUUKYOKU ba="3,1" sc="127,30,260,-10,462,-10,141,-10" hai0="3,5,6,8,9,12,63,66,68,69,90,93,97" /><INIT seed="3,4,1,4,5,115" ten="157,250,452,131" oya="3" hai0="11,26,56,75,92,47,52,7,5,99,60,106,125" hai1="123,116,109,25,44,114,42,127,78,22,79,71,50" hai2="98,118,77,2,32,37,69,9,23,97,46,94,122" hai3="134,84,61,18,45,80,57,128,121,41,111,103,65"/><W15/><G121/><T27/><D75/><U104/><E104/><V38/><F118/><W48/><G134/><T36/><D106/><U33/><E116/><V67/><F32/><W34/><G34/><T63/><D125/><U64/><E33/><V62/><F122/><W113/><G113/><T0/><D7/><U91/><E127/><V20/><F77/><W89/><G128/><T129/><D129/><U100/><E100/><V119/><F119/><W40/><G111/><T107/><D107/><U4/><E4/><V70/><F70/><W110/><G110/><T3/><D3/><U1/><E1/><V82/><F82/><W131/><G131/><T17/><D17/><U59/><E71/><V21/><F46/><W31/><G103/><T135/><D135/><U120/><E114/><V73/><F73/><W43/><REACH who="3" step="1"/><G31/><REACH who="3" ten="157,250,452,121" step="2"/><T30/><D30/><N who="1" m="17719" /><E109/><V76/><F38/><W96/><G96/><T85/><D99/><U54/><E123/><V93/><F37/><W133/><G133/><T102/><D102/><U53/><E120/><V6/><F97/><W29/><G29/><T68/><D36/><U126/><E126/><V101/><F98/><W95/><G95/><T49/><D92/><U14/><E79/><V51/><F101/><W130/><G130/><T10/><D85/><U72/><E78/><V124/><F76/><W74/><G74/><T108/><D108/><U13/><E72/><V88/><F124/><W16/><G16/><T28/><D28/><U87/><E91/><V58/><F88/><W19/><G19/><T132/><D132/><U117/><E87/><RYUUKYOKU ba="4,2" sc="157,-15,250,-15,452,15,121,15" hai2="2,6,9,20,21,23,51,58,62,67,69,93,94" hai3="15,18,40,41,43,45,48,57,61,65,80,84,89" /><INIT seed="3,5,2,0,5,28" ten="142,235,467,136" oya="3" hai0="32,105,132,124,3,0,4,133,86,107,88,81,31" hai1="52,56,43,13,18,129,17,99,123,22,106,66,83" hai2="109,48,90,39,114,98,113,63,54,30,44,95,125" hai3="12,37,60,35,38,36,55,87,29,50,93,128,73"/><W59/><G73/><T130/><D130/><U68/><E68/><V110/><F125/><W64/><G128/><T89/><D124/><U135/><E66/><V80/><F39/><W6/><G6/><T111/><D111/><N who="2" m="42506" /><F30/><W33/><G29/><T77/><D32/><U1/><E18/><V118/><F118/><W16/><G87/><N who="0" m="48559" /><D89/><U85/><E99/><V112/><F80/><W121/><G93/><N who="0" m="54423" /><D31/><U117/><E106/><N who="0" m="40457" /><D4/><U76/><E117/><V7/><F7/><W75/><G75/><T104/><N who="0" m="40465" /><T51/><DORA hai="40" /><D51/><U53/><E53/><V49/><F49/><W69/><REACH who="3" step="1"/><G121/><REACH who="3" ten="142,235,467,126" step="2"/><T78/><D78/><U67/><E76/><V131/><F131/><W74/><G74/><T108/><D108/><U34/><E123/><V47/><F95/><W26/><G26/><T79/><D79/><U15/><E129/><V94/><F94/><W65/><G65/><T14/><D14/><U134/><E15/><V41/><F112/><W103/><G103/><T97/><D97/><U61/><E67/><V58/><F98/><W24/><G24/><T92/><D92/><U57/><E13/><V82/><F113/><W102/><G102/><T101/><D101/><U9/><E85/><V119/><F114/><W91/><G91/><T96/><D96/><U25/><E25/><V46/><F119/><W42/><G42/><T126/><D126/><U100/><E43/><V2/><F90/><W11/><AGARI ba="5,3" hai="11,12,16,33,35,36,37,38,50,55,59,60,64,69" machi="11" ten="30,24000,3" yaku="1,1,0,1,52,2,54,1,53,3" doraHai="28,40" doraHaiUra="71,122" who="3" fromWho="3" sc="142,-85,235,-85,467,-85,126,285" owari="57,-44.3,150,-25.0,382,18.2,411,51.1" /></mjloggm>