<mjloggm ver="2.3"><GO type="225" lobby="0"/><UN n0="%E6%9C%88%E5%B3%B6%E5%9F%BA" n1="%43%68%65" n2="%E8%A8%88%E7%AE%97%E6%A9%9F%E8%87%AA%E7%84%B6" n3="%E3%81%B2%E3%81%AA%E3%81%AE%E3%82%8A%E3%81%8F" dan="16,16,17,16" rate="2033.02,2183.60,2158.37,2088.33" sx="M,M,M,M"/><TAIKYOKU oya="0"/><INIT seed="0,0,0,0,2,123" ten="250,250,250,250" oya="0" hai0="104,16,128,29,51,66,7,27,32,115,22,1,9" hai1="96,41,93,90,111,11,118,63,26,107,62,17,97" hai2="61,110,31,86,71,47,124,3,44,30,73,133,134" hai3="13,33,89,48,15,130,81,117,25,87,4,67,76"/><T99/><D115/><U120/><E120/><V6/><F73/><W42/><G117/><T101/><D128/><U55/><E118/><V103/><F124/><W135/><G130/><T125/><D125/><U85/><E41/><V88/><F103/><W35/><G67/><T131/><D131/><U37/><E37/><V49/><F6/><W108/><G15/><N who="0" m="9503" /><D51/><U58/><E111/><V14/><F14/><W68/><G68/><T78/><D78/><U34/><E107/><V79/><F79/><W59/><G135/><N who="2" m="51721" /><F3/><W83/><G108/><T40/><D40/><U23/><E34/><V126/><F126/><W75/><G25/><T82/><D82/><U129/><E129/><V122/><F122/><W52/><REACH who="3" step="1"/><G42/><REACH who="3" ten="250,250,250,240" step="2"/><T56/><D66/><U105/><E105/><V54/><F110/><W84/><G84/><T116/><D116/><U43/><E43/><V5/><F47/><W8/><AGARI ba="0,1" hai="4,8,13,33,35,48,52,59,75,76,81,83,87,89" machi="8" ten="30,4000,0" yaku="1,1,0,1,54,1,53,0" doraHai="123" doraHaiUra="21" who="3" fromWho="3" sc="250,-20,250,-10,250,-10,240,50" /><INIT seed="1,0,0,2,5,85" ten="230,240,240,290" oya="1" hai0="28,135,46,73,88,30,41,95,117,52,133,121,15" hai1="81,13,120,118,94,74,91,20,61,72,47,80,16" hai2="127,63,114,22,39,84,6,79,100,64,8,2,93" hai3="65,12,26,55,82,36,31,131,110,62,98,129,92"/><U123/><E118/><V105/><F39/><W17/><G36/><T75/><D117/><U67/><E74/><N who="0" m="28169" /><D15/><U58/><E47/><V87/><F127/><W24/><G55/><T122/><D41/><U11/><E11/><V59/><F114/><W68/><G82/><T10/><D10/><U66/><E66/><V25/><F105/><W97/><G97/><N who="0" m="57575" /><D52/><U51/><E51/><V37/><F79/><W29/><G29/><N who="0" m="11371" /><D46/><U86/><REACH who="1" step="1"/><E72/><REACH who="1" ten="230,230,240,290" step="2"/><V134/><F37/><W19/><G65/><T113/><D113/><U77/><E77/><V70/><F8/><W38/><G38/><T33/><D33/><U49/><E49/><V54/><F64/><W53/><G62/><T57/><D57/><U132/><E132/><AGARI ba="0,1" hai="121,122,132,133,135" m="11371,57575,28169" machi="132" ten="40,5200,0" yaku="20,1,52,1,54,1" doraHai="85" who="0" fromWho="1" sc="230,62,230,-52,240,0,290,0" /><INIT seed="2,0,0,5,2,39" ten="292,178,240,290" oya="2" hai0="86,47,91,127,129,0,92,36,72,52,98,131,70" hai1="59,104,48,65,118,32,102,34,3,60,21,120,107" hai2="82,103,58,53,16,111,22,84,85,10,9,100,73" hai3="115,15,119,50,71,122,134,64,31,87,114,30,96"/><V28/><F73/><W113/><G122/><T110/><D72/><U27/><E118/><V51/><F111/><W8/><G119/><T123/><D123/><U112/><E120/><V2/><F28/><W116/><G116/><T94/><D110/><U93/><E3/><V17/><F84/><W117/><G117/><T66/><D0/><U20/><E112/><V74/><F74/><W124/><G124/><T108/><D108/><U99/><E48/><V81/><F81/><W5/><G134/><T109/><D109/><U19/><E21/><V23/><F2/><W125/><G125/><T45/><D127/><U75/><E75/><V106/><F106/><W24/><G87/><T63/><D36/><U42/><E34/><V68/><F68/><W97/><G50/><T49/><REACH who="0" step="1"/><D47/><REACH who="0" ten="282,178,240,290" step="2"/><U67/><E32/><V46/><F46/><W25/><G115/><T90/><AGARI ba="0,1" hai="45,49,52,63,66,70,86,90,91,92,94,98,129,131" machi="90" ten="30,12000,2" yaku="1,1,2,1,0,1,54,1,53,2" doraHai="39" doraHaiUra="88" who="0" fromWho="0" sc="282,130,178,-30,240,-60,290,-30" /><INIT seed="3,0,0,2,2,83" ten="412,148,180,260" oya="3" hai0="3,101,32,54,126,81,94,24,87,22,134,111,4" hai1="55,108,98,64,53,10,77,96,26,17,39,37,124" hai2="80,60,61,125,105,63,70,85,43,74,114,2,33" hai3="18,44,13,42,30,38,41,25,118,107,122,34,127"/><W7/><G118/><T93/><D32/><U72/><E108/><V23/><F33/><W15/><G107/><T135/><D111/><U31/><E124/><V56/><F114/><W68/><G68/><T78/><D126/><U106/><E64/><V76/><F2/><W8/><G127/><T66/><D66/><U116/><E116/><V46/><F105/><W89/><G42/><T129/><D129/><U71/><E71/><V133/><F125/><W120/><G89/><T82/><D101/><U69/><E69/><V65/><F133/><N who="0" m="50698" /><D54/><U123/><E123/><V91/><F23/><AGARI ba="0,0" hai="7,8,13,15,18,23,25,30,34,38,41,44,120,122" machi="23" ten="30,1500,0" yaku="7,1" doraHai="83" who="3" fromWho="2" sc="412,0,148,0,180,-15,260,15" /><INIT seed="3,1,0,2,5,107" ten="412,148,165,275" oya="3" hai0="116,85,51,91,66,90,36,123,50,88,34,63,101" hai1="31,87,24,126,70,26,53,111,57,13,33,128,23" hai2="20,130,27,78,110,69,99,11,2,28,112,42,46" hai3="118,54,131,3,106,82,93,77,134,98,9,124,16"/><W59/><G118/><T38/><D116/><U52/><E70/><V86/><F112/><W65/><G106/><T10/><D123/><U49/><E111/><V22/><F69/><W60/><G124/><T119/><D34/><U75/><E75/><V105/><F110/><W15/><G134/><T55/><D119/><U95/><E126/><V97/><F130/><W61/><G3/><T43/><D101/><U104/><E104/><V83/><F105/><W41/><G41/><T44/><D10/><U129/><E53/><V74/><F22/><W127/><G131/><N who="1" m="50250" /><E13/><V32/><F86/><W21/><G127/><T115/><D115/><U29/><E87/><V79/><F32/><W72/><G93/><AGARI ba="1,0" hai="23,24,26,29,31,33,49,52,57,93,95" m="50250" machi="93" ten="30,2000,0" yaku="19,1,54,1" doraHai="107" who="1" fromWho="3" sc="412,0,148,23,165,0,275,-23" owari="412,51.2,171,-22.9,165,-33.5,252,5.2" /></mjloggm>