<mjloggm ver="2.3"><GO type="225" lobby="0"/><UN n0="%E3%81%8F%E3%82%8A%E3%83%94%E3%83%BC" n1="%6E%69%63%6F%6E%74%6F" n2="%E3%81%A4%E3%81%A3%E3%81%B1%E3%82%8A%E3%83%9D%E3%83%BC%E3%83%AB" n3="%E3%83%96%E3%83%83%E3%83%91%E3%82%AA%E3%83%96%E3%83%81%E3%82%AD%E3%83%B3" dan="16,16,17,16" rate="2098.25,2119.06,2268.31,2116.51" sx="M,M,M,M"/><TAIKYOKU oya="0"/><INIT seed="0,0,0,3,4,17" ten="250,250,250,250" oya="0" hai0="30,126,82,49,50,109,77,22,97,40,27,100,86" hai1="132,65,84,13,15,135,64,133,93,48,29,120,78" hai2="118,54,51,38,9,5,75,61,101,104,117,39,73" hai3="56,53,1,70,33,59,19,124,119,20,24,52,69"/><T102/><D126/><U67/><E120/><V6/><F61/><W3/><G119/><N who="2" m="45577" /><F101/><W88/><G124/><T129/><D129/><U113/><E113/><V87/><F87/><W60/><G33/><T71/><D71/><U116/><E116/><V16/><F104/><W10/><G3/><T112/><D112/><U83/><E29/><V74/><F16/><W25/><G25/><T131/><D131/><U36/><E36/><N who="2" m="13867" /><F9/><W79/><G79/><T23/><D109/><U4/><E4/><N who="2" m="1643" /><F54/><W21/><G21/><N who="0" m="15727" /><D97/><U134/><N who="1" m="33792" /><DORA hai="90" /><U34/><E34/><V89/><F89/><W122/><G10/><T121/><D121/><U32/><E32/><V128/><F51/><N who="0" m="19466" /><D40/><U44/><REACH who="1" step="1"/><E93/><REACH who="1" ten="250,240,250,250" step="2"/><V68/><F128/><W111/><G122/><T114/><D114/><U58/><E58/><V76/><F68/><W103/><G69/><T80/><D82/><AGARI ba="0,1" hai="73,74,75,76,82" m="1643,13867,45577" machi="82" ten="40,1300,0" yaku="12,1" doraHai="17,90" who="2" fromWho="0" sc="250,-13,240,0,250,23,250,0" /><INIT seed="1,0,0,1,5,50" ten="237,240,273,250" oya="1" hai0="52,99,134,30,111,135,62,47,71,105,76,107,88" hai1="101,42,108,131,11,14,116,29,36,119,69,19,114" hai2="34,46,113,4,32,37,49,56,82,118,126,53,51" hai3="85,90,58,64,60,65,16,125,102,100,68,0,23"/><U57/><E69/><V127/><F118/><N who="1" m="45097" /><E101/><V7/><F37/><W86/><G125/><N who="2" m="47625" /><F82/><W110/><G110/><T98/><D111/><U109/><E36/><V22/><F22/><W21/><G0/><T44/><D76/><U10/><E42/><N who="2" m="24791" /><F113/><W2/><G2/><T59/><D71/><U124/><E57/><V1/><F1/><W13/><G85/><T35/><D30/><U87/><E87/><V72/><F72/><W128/><G128/><T77/><D77/><U115/><E131/><V89/><F89/><W106/><G106/><T103/><D35/><AGARI ba="0,0" hai="4,7,32,34,35,51,53,56" m="24791,47625" machi="35" ten="30,2000,0" yaku="18,1,52,1" doraHai="50" who="2" fromWho="0" sc="237,-20,240,0,273,20,250,0" /><INIT seed="2,0,0,4,4,40" ten="217,240,293,250" oya="2" hai0="67,126,44,61,5,69,6,100,101,30,104,22,51" hai1="105,31,110,38,90,116,86,132,118,123,91,56,98" hai2="43,78,62,53,107,16,3,96,122,10,60,112,97" hai3="121,26,127,64,80,128,108,2,25,49,1,65,135"/><V55/><F112/><W94/><G121/><T37/><D37/><U84/><E38/><V81/><F122/><W41/><G108/><T50/><D126/><U39/><E39/><V73/><F43/><W0/><G127/><T59/><D69/><U74/><E123/><V63/><F3/><W89/><G128/><T15/><D51/><U82/><E31/><V109/><F109/><W29/><G135/><T79/><D79/><U87/><E110/><V70/><F70/><W8/><G8/><N who="0" m="4495" /><D104/><U68/><E68/><V77/><F77/><W103/><G1/><T102/><D6/><U36/><E36/><V54/><REACH who="2" step="1"/><F107/><REACH who="2" ten="217,240,283,250" step="2"/><W58/><G0/><T18/><D30/><U130/><E130/><V45/><F45/><W119/><G2/><T95/><D95/><U115/><E115/><V13/><AGARI ba="0,1" hai="10,13,16,53,54,55,60,62,63,73,78,81,96,97" machi="13" ten="40,7800,0" yaku="1,1,0,1,54,1,53,0" doraHai="40" doraHaiUra="114" who="2" fromWho="2" sc="217,-26,240,-26,283,88,250,-26" /><INIT seed="2,1,0,4,5,46" ten="191,214,371,224" oya="2" hai0="3,57,114,32,90,19,21,65,4,54,14,38,33" hai1="2,44,63,29,48,101,28,69,31,125,67,10,119" hai2="0,92,124,7,89,127,109,108,71,132,40,128,59" hai3="99,129,80,30,12,68,66,131,112,85,98,76,51"/><V8/><F71/><W107/><G112/><T49/><D114/><U121/><E125/><N who="2" m="48203" /><F40/><W36/><G36/><T15/><D38/><U50/><E119/><V103/><F103/><W47/><G30/><T20/><D3/><U74/><E74/><V5/><F5/><W133/><G133/><T78/><D78/><U43/><E101/><V75/><F75/><W135/><G135/><T110/><D110/><N who="2" m="42602" /><F132/><W13/><G68/><T62/><D90/><U134/><E134/><V94/><F128/><N who="3" m="49227" /><G66/><T25/><D4/><U17/><E121/><V9/><F9/><W118/><G118/><T55/><D55/><U111/><E111/><V18/><F18/><W122/><G122/><T84/><D84/><U106/><E106/><V35/><F35/><W97/><G107/><T86/><D86/><U39/><REACH who="1" step="1"/><E2/><REACH who="1" ten="191,204,371,224" step="2"/><V115/><F115/><W58/><G58/><T56/><REACH who="0" step="1"/><D14/><AGARI ba="1,1" hai="10,14,17,28,29,31,39,43,44,48,50,63,67,69" machi="14" ten="40,8000,1" yaku="1,1,2,1,52,2,53,0" doraHai="46" doraHaiUra="82" who="1" fromWho="0" sc="191,-83,204,93,371,0,224,0" /><INIT seed="3,0,0,0,2,111" ten="108,297,371,224" oya="3" hai0="85,57,56,11,133,73,127,67,16,19,88,81,90" hai1="39,77,37,76,61,14,84,5,74,31,70,4,102" hai2="10,7,82,49,100,3,21,78,104,52,79,109,134" hai3="40,114,13,8,34,0,131,24,25,1,135,55,17"/><W124/><G40/><T23/><D73/><U115/><E115/><V2/><F109/><W38/><G38/><T93/><D133/><U123/><E123/><V22/><F134/><W92/><G135/><T32/><D32/><U99/><E84/><V27/><F2/><N who="3" m="1131" /><G92/><T9/><D127/><U121/><E121/><V125/><F125/><W126/><G55/><T20/><D57/><U64/><E31/><V62/><F62/><W107/><G107/><T66/><D9/><U122/><E122/><V83/><F83/><W71/><G71/><T132/><D132/><U18/><E77/><V129/><F129/><W6/><G131/><T54/><D11/><U89/><E89/><V75/><F79/><W58/><G58/><T30/><D30/><U69/><E69/><V46/><REACH who="2" step="1"/><F27/><REACH who="2" ten="108,297,361,224" step="2"/><N who="3" m="10315" /><G124/><T105/><D105/><U112/><E99/><AGARI ba="0,1" hai="3,7,10,21,22,46,49,52,75,78,82,99,100,104" machi="99" ten="40,2600,0" yaku="1,1,54,1,53,0" doraHai="111" doraHaiUra="113" who="2" fromWho="1" sc="108,0,297,-26,361,36,224,0" owari="108,-39.2,271,7.1,397,49.7,224,-17.6" /></mjloggm>