<mjloggm ver="2.3"><GO type="225" lobby="0"/><UN n0="%E5%8D%A0%E3%81%84%E5%B8%AB%E8%A3%8F%E3%81%AA%E3%81%84%E3%81%97" n1="%E3%80%93%E3%81%97%E3%83%BC%E3%82%89%E3%80%93" n2="%E3%81%BD%E3%81%A1%E3%81%9F%E3%81%93%E3%82%84" n3="%E3%81%BF%E3%81%BF%E3%81%9A" dan="17,16,17,18" rate="2208.39,2143.79,2214.32,2243.94" sx="M,M,M,M"/><TAIKYOKU oya="0"/><INIT seed="0,0,0,1,3,28" ten="250,250,250,250" oya="0" hai0="33,107,75,112,102,99,19,113,41,79,89,9,127" hai1="124,6,134,37,13,1,2,125,25,55,56,36,93" hai2="32,67,132,76,53,129,30,11,128,83,63,47,114" hai3="40,96,130,81,106,17,62,60,87,85,92,15,74"/><T111/><D127/><N who="1" m="48715" /><E134/><V88/><F114/><W12/><G130/><N who="2" m="50281" /><F132/><W97/><G74/><T54/><D41/><U115/><E115/><V110/><F110/><W50/><G106/><T57/><D111/><U94/><E13/><V46/><F11/><W39/><G39/><N who="1" m="14922" /><E25/><N who="2" m="18511" /><F53/><W3/><G3/><N who="1" m="1034" /><E6/><V98/><F98/><W5/><G5/><T103/><D103/><U122/><E122/><V104/><F104/><W117/><G117/><T70/><D113/><U116/><E116/><V90/><F46/><N who="3" m="25927" /><G97/><T121/><D121/><U24/><E24/><V133/><F47/><W31/><G31/><T95/><D112/><U135/><E135/><V61/><F133/><W71/><G12/><T51/><D19/><U119/><E119/><V7/><F7/><W123/><G96/><T68/><D9/><U105/><E105/><V64/><F64/><W78/><G15/><T29/><D29/><U77/><E77/><V126/><F126/><W84/><G17/><T18/><D18/><U120/><E120/><V21/><F21/><W16/><G16/><T58/><D33/><U23/><E23/><V45/><F45/><W69/><G123/><T4/><D4/><U42/><E42/><V82/><F67/><W100/><G100/><T0/><D0/><U80/><E80/><N who="2" m="30763" /><F76/><W38/><G38/><T26/><D26/><U35/><E35/><V27/><F27/><W34/><G34/><T101/><D101/><U109/><E109/><V10/><F10/><W20/><G20/><T59/><D79/><U108/><E108/><V8/><F8/><W14/><G78/><T91/><D102/><RYUUKYOKU ba="0,0" sc="250,-15,250,15,250,15,250,-15" hai1="55,56,93,94" hai2="61,63,88,90" /><INIT seed="1,1,0,1,0,65" ten="235,265,265,235" oya="1" hai0="3,38,2,94,78,130,73,75,50,36,77,133,42" hai1="125,59,55,97,67,31,111,0,1,54,74,91,52" hai2="32,121,101,98,14,120,64,102,82,5,12,115,119" hai3="29,4,86,85,106,108,89,131,112,90,104,129,44"/><U122/><E74/><N who="0" m="28169" /><D133/><U40/><E122/><V100/><F119/><W116/><G29/><T30/><D30/><U93/><E125/><V63/><F32/><W134/><G4/><T57/><D130/><N who="3" m="49673" /><G112/><T53/><D94/><U37/><E111/><V41/><F115/><W110/><G44/><T123/><D42/><U70/><E31/><V28/><F28/><W117/><G134/><T81/><D81/><U10/><E70/><V109/><F109/><N who="3" m="42091" /><G86/><T33/><D33/><U15/><E40/><V103/><F41/><W56/><G89/><T46/><D46/><U49/><E37/><N who="0" m="14441" /><D123/><U69/><E0/><AGARI ba="1,0" hai="0,2,3,50,53,57,77,78" m="14441,28169" machi="0" ten="40,2600,0" yaku="26,2" doraHai="65" who="0" fromWho="1" sc="235,29,265,-29,265,0,235,0" /><INIT seed="2,0,0,4,2,128" ten="264,236,265,235" oya="2" hai0="41,70,98,45,56,108,43,95,115,53,94,60,93" hai1="130,89,55,63,79,12,73,67,131,68,104,91,82" hai2="21,32,57,90,61,110,87,103,59,28,117,101,80" hai3="54,112,27,85,15,106,78,109,3,25,119,37,92"/><V81/><F117/><W26/><G106/><T129/><D115/><U52/><E104/><V102/><F32/><W38/><G3/><T1/><D129/><N who="1" m="49163" /><E12/><V46/><F110/><W126/><G119/><T69/><D1/><U24/><E24/><N who="2" m="16399" /><F46/><W4/><G126/><T86/><D108/><U35/><E35/><V66/><F57/><W20/><G109/><T88/><D41/><U118/><E118/><V11/><F11/><W111/><G111/><T23/><D23/><U50/><E55/><V71/><F71/><W135/><G112/><T5/><D5/><U84/><E73/><V134/><F134/><W75/><G135/><T125/><D125/><U16/><E16/><V83/><AGARI ba="0,0" hai="59,61,66,80,81,83,87,90,101,102,103" m="16399" machi="83" ten="30,1500,0" yaku="8,1" doraHai="128" who="2" fromWho="2" sc="264,-5,236,-5,265,15,235,-5" /><INIT seed="2,1,0,1,1,27" ten="259,231,280,230" oya="2" hai0="40,79,70,28,60,76,58,21,114,29,32,47,49" hai1="7,43,81,69,54,124,123,24,83,3,25,63,73" hai2="46,117,125,130,86,90,1,126,95,105,112,102,93" hai3="22,77,97,100,111,2,115,85,71,31,116,92,103"/><V11/><F112/><W120/><G116/><T87/><D114/><U135/><E123/><V48/><F117/><W55/><G115/><T56/><D32/><U66/><E124/><N who="2" m="47723" /><F130/><W98/><G120/><T9/><D70/><U61/><E135/><V18/><F105/><W110/><G2/><T88/><D9/><U80/><E73/><V44/><F48/><W5/><G5/><T118/><D21/><U4/><E43/><V34/><F34/><W42/><G71/><T36/><D36/><U51/><E63/><V104/><F104/><W8/><G8/><T133/><D133/><U0/><E0/><V91/><F102/><W26/><G42/><T14/><D14/><U17/><E3/><V82/><F93/><W23/><G23/><T52/><D56/><U6/><REACH who="1" step="1"/><E17/><REACH who="1" ten="259,221,280,230" step="2"/><V75/><F75/><W108/><G55/><T39/><D118/><U15/><E15/><N who="2" m="7551" /><F1/><W131/><G131/><T127/><D127/><U78/><E78/><N who="0" m="29737" /><D39/><U72/><E72/><V65/><F65/><W59/><G77/><T41/><D40/><U129/><E129/><V57/><F57/><AGARI ba="1,1" hai="4,6,7,24,25,51,54,57,61,66,69,80,81,83" machi="57" ten="40,1300,0" yaku="1,1,53,0" doraHai="27" doraHaiUra="119" who="1" fromWho="2" sc="259,0,221,26,280,-16,230,0" /><INIT seed="3,0,0,2,1,98" ten="259,247,264,230" oya="3" hai0="92,130,77,40,19,94,56,90,111,51,135,46,60" hai1="39,6,70,57,124,47,35,55,112,116,0,84,24" hai2="68,134,53,86,125,101,117,119,87,126,42,25,93" hai3="65,63,100,80,20,26,38,48,131,32,82,107,75"/><W22/><G38/><T8/><D111/><U104/><E70/><V85/><F68/><N who="3" m="42047" /><G48/><T64/><D135/><U127/><E104/><V96/><F42/><W108/><G131/><T44/><D130/><U16/><E112/><V9/><F134/><W41/><G41/><T21/><D77/><U17/><E116/><N who="2" m="44619" /><F53/><W59/><G59/><T61/><D44/><U72/><E72/><V97/><F25/><W52/><G52/><T78/><D78/><U91/><E47/><V62/><F9/><W76/><G80/><T102/><D60/><N who="1" m="35903" /><E39/><V37/><F62/><W132/><G132/><T89/><D8/><N who="1" m="2119" /><E24/><V30/><F30/><N who="3" m="19543" /><G108/><T66/><D64/><U28/><E28/><V33/><F33/><W120/><G120/><T121/><D121/><U2/><E2/><V36/><F36/><W106/><G106/><T31/><D31/><U1/><E1/><V71/><F71/><W133/><G133/><T49/><D49/><U103/><E35/><V122/><F37/><W69/><G69/><T114/><D114/><U109/><E109/><V129/><F122/><W88/><G88/><T50/><D50/><U110/><E110/><V128/><F128/><W74/><G74/><T7/><D7/><U54/><E54/><V81/><F129/><W34/><G34/><T43/><D43/><U5/><E5/><V29/><F29/><W10/><G10/><T118/><D118/><U4/><E4/><V79/><F81/><W18/><G18/><N who="1" m="7274" /><E91/><N who="2" m="55359" /><F79/><W95/><G107/><AGARI ba="0,0" hai="85,86,87,97,101,107,125,126" m="55359,44619" machi="107" ten="30,3900,0" yaku="34,2,52,1" doraHai="98" who="2" fromWho="3" sc="259,0,247,0,264,39,230,-39" owari="259,5.9,247,-15.3,303,40.3,191,-30.9" /></mjloggm>