<mjloggm ver="2.3"><GO type="225" lobby="0"/><UN n0="%E3%83%B4%E3%83%A0%EF%BC%99%E3%81%A6" n1="%E7%99%BD%E9%9B%AA%E4%B9%83%E6%84%9B" n2="%77%72%77%72%77%72%77%72" n3="%E3%82%A4%E3%83%BC%E3%82%B1%E3%83%97%E3%83%A9" dan="16,16,17,17" rate="2177.16,2017.50,2160.39,2232.61" sx="M,F,M,M"/><TAIKYOKU oya="0"/><INIT seed="0,0,0,1,4,19" ten="250,250,250,250" oya="0" hai0="102,28,36,63,117,130,8,57,70,52,98,76,54" hai1="22,126,10,114,39,31,69,61,41,100,119,42,33" hai2="34,60,106,21,55,5,23,47,44,80,96,134,29" hai3="107,105,133,89,132,64,26,51,0,87,127,85,43"/><T68/><D117/><U90/><E119/><V13/><F134/><N who="3" m="51819" /><G0/><T59/><D36/><U20/><E114/><V104/><F34/><W3/><G3/><T77/><D130/><U14/><E100/><V30/><F106/><N who="3" m="40459" /><G127/><T78/><D8/><U4/><E126/><V50/><F60/><W91/><G64/><T2/><D2/><U72/><E72/><V45/><F80/><W108/><G108/><T135/><D135/><U112/><E112/><V101/><F5/><W16/><G43/><T83/><D83/><U65/><E90/><N who="3" m="34314" /><G51/><T73/><D73/><U12/><E12/><V18/><REACH who="2" step="1"/><F30/><REACH who="2" ten="250,250,240,250" step="2"/><W116/><G116/><T109/><D28/><U131/><E131/><V79/><F79/><W11/><G11/><T62/><D109/><U111/><E111/><V1/><F1/><W48/><G48/><T122/><D122/><U71/><E39/><V121/><F121/><W99/><G99/><T32/><D32/><U125/><E125/><V93/><F93/><AGARI ba="0,1" hai="52,54,57,59,62,63,68,70,76,77,78,93,98,102" machi="93" ten="40,3900,0" yaku="9,1,54,1" doraHai="19" who="0" fromWho="2" sc="250,49,250,0,240,-39,250,0" /><INIT seed="0,1,0,2,1,72" ten="299,250,201,250" oya="0" hai0="27,126,83,61,78,110,4,82,53,40,106,36,64" hai1="70,71,77,86,51,25,132,117,34,49,8,11,50" hai2="124,116,88,57,92,109,123,130,93,99,87,115,15" hai3="111,43,44,128,63,122,79,112,39,120,102,54,94"/><T26/><D106/><U17/><E117/><V58/><F115/><W98/><G112/><T107/><D107/><U135/><E17/><V60/><F123/><N who="3" m="47147" /><G111/><T6/><D110/><U131/><E131/><V14/><F109/><W42/><G128/><T28/><D126/><U113/><E113/><V16/><F130/><W41/><G79/><T125/><D125/><U38/><E38/><V10/><F124/><W12/><G12/><T104/><D104/><U74/><E74/><V129/><F116/><W95/><G94/><T89/><D53/><U46/><E46/><V3/><F3/><W118/><G118/><T13/><D89/><U19/><E19/><V22/><F129/><W67/><G54/><T23/><D83/><N who="1" m="47471" /><E25/><V48/><F48/><W37/><G44/><T81/><D27/><U75/><E34/><V114/><F114/><W21/><G21/><T62/><D26/><U133/><E75/><V69/><F69/><AGARI ba="1,0" hai="37,39,41,42,43,63,67,69,95,98,102" m="47147" machi="69" ten="30,1000,0" yaku="13,1" doraHai="72" who="3" fromWho="2" sc="299,0,250,0,201,-13,250,13" /><AGARI ba="1,0" hai="8,11,49,50,51,69,70,71,132,133,135" m="47471" machi="69" ten="40,2600,0" yaku="20,1,52,1" doraHai="72" who="1" fromWho="2" sc="299,0,250,26,188,-26,263,0" /><INIT seed="1,0,0,3,0,89" ten="299,276,162,263" oya="1" hai0="38,103,49,117,96,4,122,94,28,56,36,121,24" hai1="65,92,132,46,63,39,113,124,95,21,8,108,41" hai2="75,50,5,32,67,6,105,55,52,120,61,14,23" hai3="7,112,88,83,9,127,126,73,58,44,1,11,53"/><U79/><E113/><V47/><F32/><W111/><G112/><T93/><D117/><U10/><E132/><V45/><F120/><N who="0" m="46186" /><D4/><U18/><E124/><N who="3" m="47658" /><G111/><T64/><D49/><U3/><E79/><V125/><F125/><W134/><G134/><T13/><D13/><U22/><E108/><V100/><F75/><W129/><G129/><T54/><D54/><U106/><E106/><V115/><F115/><W69/><G69/><T68/><D68/><U20/><E18/><V135/><F135/><W37/><G11/><T133/><D133/><U12/><E3/><V118/><F118/><W43/><G73/><T42/><D42/><U0/><E0/><V33/><F33/><W87/><G53/><T116/><D116/><U84/><E84/><V62/><F105/><W40/><G43/><T57/><D93/><U82/><E82/><V35/><F35/><W97/><G58/><N who="0" m="22635" /><D64/><U131/><E131/><V76/><F67/><W78/><G97/><T51/><D51/><N who="1" m="27087" /><E10/><V16/><F50/><W26/><G26/><T19/><D19/><N who="1" m="8583" /><E39/><V91/><F16/><W104/><G104/><T99/><D99/><U102/><E102/><V66/><F100/><W17/><G17/><T2/><D2/><U25/><E25/><V128/><F66/><W80/><G80/><T34/><AGARI ba="0,0" hai="24,28,34,36,38,94,96,103" m="22635,46186" machi="34" ten="30,2000,0" yaku="13,1,52,1" doraHai="89" who="0" fromWho="0" sc="299,20,276,-10,162,-5,263,-5" /><INIT seed="2,0,0,3,3,73" ten="319,266,157,258" oya="2" hai0="70,7,80,10,52,31,48,118,51,44,66,95,46" hai1="110,50,106,121,8,0,128,6,97,76,116,104,87" hai2="108,20,79,60,38,75,85,127,102,39,117,14,99" hai3="94,28,133,37,21,61,90,135,22,56,26,115,101"/><V54/><F117/><W113/><G101/><T71/><D118/><U30/><E116/><V126/><F75/><W67/><G21/><T4/><D31/><U109/><E128/><V64/><F54/><W131/><G37/><T5/><D10/><U13/><E30/><V35/><F35/><W32/><G32/><T18/><D18/><U47/><E0/><V111/><F14/><W93/><G94/><T112/><D112/><N who="3" m="43081" /><G131/><T100/><D80/><N who="1" m="47495" /><E121/><V105/><F20/><W107/><G107/><N who="1" m="41002" /><E97/><AGARI ba="0,0" hai="22,26,28,56,61,67,90,93,97,133,135" m="43081" machi="97" ten="30,1000,0" yaku="11,1" doraHai="73" who="3" fromWho="1" sc="319,0,266,-10,157,0,258,10" /><INIT seed="3,0,0,4,2,103" ten="319,256,157,268" oya="3" hai0="123,129,76,99,70,128,2,15,14,106,97,121,93" hai1="87,74,86,63,24,114,73,8,9,60,50,64,34" hai2="119,32,42,89,133,95,43,71,78,85,132,31,35" hai3="108,3,18,6,68,126,56,105,113,55,116,100,135"/><W91/><G113/><T118/><D2/><U79/><E114/><V28/><F119/><W4/><G116/><T30/><D118/><U101/><E101/><V45/><F71/><W84/><G68/><T38/><D38/><U131/><E131/><N who="0" m="50249" /><D70/><U29/><E50/><V52/><F78/><W72/><G72/><T65/><D65/><U26/><E79/><V11/><F11/><W27/><G135/><T47/><D76/><U0/><E29/><V33/><F28/><W127/><G108/><T16/><D30/><U41/><E64/><V96/><F31/><W10/><G6/><T12/><D47/><U39/><E41/><V90/><F133/><W102/><G27/><T112/><D112/><U57/><E57/><V36/><F132/><W69/><G18/><T83/><D83/><U46/><E46/><V7/><F7/><W67/><G67/><T98/><D106/><U59/><E59/><V92/><REACH who="2" step="1"/><F42/><REACH who="2" ten="319,256,147,268" step="2"/><W130/><G69/><T120/><D16/><U40/><E40/><V37/><F37/><W54/><G130/><T104/><D120/><U77/><E77/><V62/><F62/><W17/><G17/><T115/><D115/><U109/><E39/><V75/><F75/><W19/><G19/><T124/><D121/><U20/><E73/><V49/><F49/><W80/><G4/><T51/><D51/><U23/><E74/><V122/><F122/><W5/><G5/><T22/><D123/><U13/><E9/><V48/><F48/><W82/><G10/><T44/><D44/><U25/><E8/><V125/><F125/><W110/><G127/><RYUUKYOKU ba="0,1" sc="319,-10,256,-10,147,30,268,-10" hai2="32,33,35,36,43,45,52,85,89,90,92,95,96" owari="319,41.9,246,-15.4,177,-32.3,258,5.8" /></mjloggm>