<mjloggm ver="2.3"><GO type="225" lobby="0"/><UN n0="%E7%89%B9%E6%9D%B1%E3%81%AF%E4%B8%96%E7%95%8C%E3%82%92%E6%95%91%E3%81%86" n1="%E3%82%A4%E3%83%BC%E3%82%B1%E3%83%97%E3%83%A9" n2="%E6%A5%93%E4%BB%8B" n3="%72%61%6B%33" dan="16,17,16,16" rate="2148.29,2219.18,2102.44,2090.59" sx="M,M,M,M"/><TAIKYOKU oya="0"/><INIT seed="0,0,0,4,3,90" ten="250,250,250,250" oya="0" hai0="130,54,111,49,66,44,52,112,91,4,34,107,25" hai1="127,84,106,74,119,96,124,29,37,87,83,67,22" hai2="17,85,65,115,131,15,42,71,1,18,117,35,72" hai3="7,69,100,121,108,86,78,32,2,129,40,113,135"/><T16/><D112/><U70/><E37/><V5/><F131/><W133/><G40/><T95/><D107/><U9/><E119/><V27/><F72/><W99/><G7/><T28/><D130/><U101/><E9/><V110/><F110/><W46/><G46/><T21/><D111/><U93/><E70/><V123/><F117/><W80/><G32/><T0/><D66/><U79/><E67/><V75/><F75/><W8/><G8/><T109/><D109/><U39/><E39/><V126/><F42/><W3/><G108/><T55/><D4/><U81/><E22/><N who="2" m="11583" /><F18/><W41/><G129/><T10/><D0/><U68/><E29/><N who="2" m="19903" /><F65/><W45/><G69/><T76/><D76/><N who="1" m="44183" /><E68/><V30/><F30/><W51/><G121/><T116/><D116/><U48/><E48/><V64/><F64/><W132/><REACH who="3" step="1"/><G113/><REACH who="3" ten="250,250,250,240" step="2"/><T118/><D118/><U13/><E13/><V33/><F71/><W24/><G24/><T43/><D10/><U94/><E87/><V89/><F115/><W125/><G125/><AGARI ba="0,1" hai="79,83,84,93,94,96,101,106,124,125,127" m="44183" machi="125" ten="30,8000,1" yaku="18,1,34,2,52,2" doraHai="90" who="1" fromWho="3" sc="250,0,250,90,250,0,240,-80" /><INIT seed="1,0,0,5,0,112" ten="250,340,250,160" oya="1" hai0="29,2,88,133,85,99,43,101,57,52,6,108,61" hai1="7,94,19,86,118,123,129,5,115,81,73,103,89" hai2="77,22,1,120,49,64,21,84,53,9,96,46,105" hai3="131,95,124,106,122,14,98,56,78,109,23,90,47"/><U55/><E115/><V82/><F120/><W37/><G122/><T119/><D108/><U87/><E123/><V117/><F64/><W67/><G109/><T60/><D133/><U65/><E129/><V12/><F1/><W0/><G0/><T134/><D134/><U35/><E35/><V128/><F117/><W58/><G131/><T93/><D119/><U10/><E73/><V132/><F132/><W62/><G124/><T135/><D135/><U40/><E118/><V83/><F128/><W17/><G78/><T100/><D43/><U41/><E65/><V18/><F105/><W39/><G106/><T107/><D100/><U4/><E55/><V8/><F96/><W51/><REACH who="3" step="1"/><G56/><REACH who="3" ten="250,340,250,150" step="2"/><T66/><D29/><U126/><E126/><V3/><F3/><W91/><G91/><T44/><D44/><U74/><E74/><V121/><F121/><W113/><G113/><T69/><D2/><U48/><E103/><V70/><F70/><W13/><G13/><T28/><D28/><U130/><E130/><V38/><F38/><W72/><G72/><T59/><REACH who="0" step="1"/><D69/><REACH who="0" ten="240,340,250,150" step="2"/><U32/><E32/><V31/><F31/><W34/><G34/><T50/><D50/><U76/><E48/><V80/><F46/><W30/><G30/><T79/><D79/><U97/><E76/><V116/><F116/><W27/><G27/><T16/><D16/><U110/><E19/><V104/><F49/><W75/><G75/><T26/><D26/><U125/><E110/><V15/><F18/><W54/><AGARI ba="0,2" hai="14,17,23,37,39,47,51,54,58,62,67,90,95,98" machi="54" ten="20,2700,0" yaku="1,1,0,1,7,1,53,0" doraHai="112" doraHaiUra="24" who="3" fromWho="3" sc="240,-7,340,-13,250,-7,150,47" /><INIT seed="2,0,0,2,5,135" ten="233,327,243,197" oya="2" hai0="74,11,18,92,113,38,65,21,129,88,120,124,93" hai1="5,72,26,54,8,130,36,84,80,90,63,14,75" hai2="37,102,35,125,123,52,111,76,58,101,100,85,17" hai3="59,107,83,31,19,44,91,55,95,57,119,2,110"/><V89/><F37/><W33/><G119/><T53/><D113/><U49/><E36/><V103/><F123/><W127/><G107/><T29/><D120/><U122/><E122/><V60/><F35/><W40/><G2/><T23/><D38/><U128/><E63/><V109/><N who="2" m="25600" /><DORA hai="46" /><V112/><F112/><W99/><G110/><N who="2" m="41993" /><F125/><W7/><G127/><T117/><D74/><U68/><E68/><V96/><F17/><W16/><G16/><T56/><D65/><U61/><E61/><V134/><F134/><W45/><G19/><T133/><D133/><U62/><E62/><V15/><F15/><W51/><G33/><T28/><D117/><U77/><E26/><V20/><F20/><N who="0" m="7754" /><D129/><N who="1" m="49771" /><E77/><V24/><F24/><W34/><G34/><T116/><D116/><U114/><E114/><V30/><F30/><N who="0" m="11882" /><D88/><U104/><E104/><V98/><F76/><W47/><G31/><T12/><D124/><U106/><E106/><V118/><F118/><W9/><G40/><T132/><D132/><U67/><E67/><V79/><F79/><W70/><G7/><T66/><D66/><U64/><E64/><V3/><F3/><W41/><G70/><T1/><D1/><U105/><E105/><V25/><F25/><W39/><G41/><T73/><D73/><U10/><E10/><V48/><F60/><AGARI ba="0,0" hai="11,12,18,53,56,60,92,93" m="11882,7754" machi="60" ten="30,1000,0" yaku="8,1" doraHai="135,46" who="0" fromWho="2" sc="233,10,327,0,243,-10,197,0" /><INIT seed="3,0,0,1,4,67" ten="243,327,233,197" oya="3" hai0="105,80,53,36,68,119,110,19,121,108,81,133,97" hai1="25,50,82,126,41,35,75,55,6,49,32,72,116" hai2="31,107,0,134,8,104,87,117,85,40,60,10,43" hai3="26,64,122,20,111,86,130,89,93,1,102,127,3"/><W38/><G122/><T56/><D121/><U30/><E35/><V115/><F31/><W9/><G38/><T77/><D36/><U109/><E109/><V57/><F115/><W113/><G113/><T47/><D47/><U106/><E106/><V94/><F117/><W96/><G111/><N who="0" m="42539" /><D119/><U74/><E116/><V48/><F134/><W125/><G130/><T44/><D44/><U128/><E128/><V29/><F29/><W22/><G64/><T90/><D68/><U27/><E126/><N who="3" m="48138" /><G9/><T78/><D19/><U58/><E6/><V123/><F10/><W69/><G69/><T51/><D133/><U65/><E65/><V21/><F8/><W11/><G11/><T118/><D118/><U124/><E124/><V12/><F123/><W46/><G46/><T73/><D90/><U17/><E41/><V71/><F71/><W7/><G7/><T63/><D63/><U52/><E17/><V103/><F43/><W5/><G5/><T129/><D129/><U23/><E55/><V24/><F40/><W15/><G15/><T83/><D78/><U79/><E50/><V54/><F12/><W37/><G37/><T42/><D42/><U4/><E4/><V62/><F0/><N who="3" m="75" /><G26/><T61/><D51/><U135/><E135/><V34/><F48/><W39/><G39/><T33/><D33/><U95/><E95/><AGARI ba="0,0" hai="20,22,86,89,93,95,96,102" m="75,48138" machi="95" ten="30,1500,0" yaku="18,1" doraHai="67" who="3" fromWho="1" sc="243,0,327,-15,233,0,197,15" /><INIT seed="3,1,0,3,3,59" ten="243,312,233,212" oya="3" hai0="14,31,34,102,86,71,125,47,77,119,3,50,57" hai1="91,120,60,132,90,80,23,70,117,99,18,104,87" hai2="95,56,74,82,64,6,89,46,52,15,49,19,68" hai3="45,66,72,51,107,32,134,55,127,62,40,16,121"/><W135/><G32/><T131/><D3/><U111/><E120/><V39/><F6/><W93/><G107/><T28/><D71/><U78/><E111/><V26/><F26/><W13/><G121/><T79/><D119/><U110/><E110/><V85/><F74/><W12/><G72/><T115/><D102/><U97/><E117/><V0/><F0/><W67/><G127/><T98/><D98/><U29/><E29/><V41/><F95/><W37/><G93/><T42/><D131/><U76/><E132/><N who="3" m="50730" /><G12/><T65/><D34/><U116/><E116/><V36/><F36/><W130/><G130/><T48/><D125/><U44/><E104/><V124/><F124/><W94/><G94/><T25/><D14/><U1/><E1/><V103/><F103/><W58/><G37/><T129/><D25/><U88/><E78/><V69/><F64/><W8/><AGARI ba="1,0" hai="8,13,16,40,45,51,55,58,62,66,67" m="50730" machi="8" ten="30,6000,0" yaku="20,1,52,1,54,1" doraHai="59" who="3" fromWho="3" sc="243,-21,312,-21,233,-21,212,63" /><INIT seed="3,2,0,5,4,99" ten="222,291,212,275" oya="3" hai0="125,122,13,4,117,11,105,22,110,50,101,10,102" hai1="45,15,124,48,5,46,92,30,20,68,69,8,78" hai2="107,75,79,100,56,83,0,67,98,44,7,103,85" hai3="84,59,73,28,24,16,93,53,71,66,31,109,52"/><W18/><G73/><T81/><D122/><U41/><E124/><V23/><F23/><N who="3" m="13415" /><G71/><T74/><D117/><U34/><E34/><V65/><F56/><W127/><G127/><T95/><D105/><U113/><E113/><V97/><F85/><W14/><G109/><T76/><D125/><U40/><E78/><V61/><F61/><N who="3" m="38207" /><G93/><T135/><D110/><U134/><E134/><V112/><F112/><W87/><G87/><T17/><D135/><U51/><E92/><V62/><F62/><W49/><G84/><T64/><D64/><U90/><E90/><V3/><F44/><N who="3" m="27687" /><G53/><T89/><D50/><U60/><E60/><V126/><F126/><W111/><G111/><T58/><D58/><U104/><E104/><V91/><F91/><W120/><G120/><T88/><D89/><U37/><E37/><V114/><F114/><W94/><G94/><T80/><D80/><U1/><E1/><V116/><F116/><W119/><G119/><T121/><D121/><U43/><E43/><V9/><F0/><W96/><G96/><T131/><D95/><AGARI ba="2,0" hai="3,7,9,65,67,75,79,83,95,97,98,100,103,107" machi="95" ten="30,3900,0" yaku="7,1,52,2" doraHai="99" who="2" fromWho="0" sc="222,-45,291,0,212,45,275,0" /><INIT seed="4,0,0,3,0,18" ten="177,291,257,275" oya="0" hai0="16,68,33,66,96,125,124,26,82,128,37,2,78" hai1="130,102,69,8,120,34,117,56,105,32,101,73,30" hai2="94,61,85,103,7,79,53,114,92,75,93,28,135" hai3="126,22,59,36,111,64,129,13,54,20,44,106,95"/><T88/><D2/><U57/><E69/><V81/><F114/><W107/><G111/><T21/><D37/><U134/><E73/><V50/><F135/><W14/><G107/><T19/><D128/><U17/><E117/><V12/><F61/><N who="3" m="37951" /><G106/><T46/><D33/><U27/><E120/><V58/><F28/><W80/><G36/><T72/><D46/><U76/><E76/><V39/><F39/><W100/><G80/><T86/><D96/><U127/><E134/><V43/><F43/><W77/><G77/><T63/><REACH who="0" step="1"/><D19/><REACH who="0" ten="167,291,257,275" step="2"/><U42/><E34/><V10/><F75/><W23/><G129/><T113/><D113/><U133/><E130/><V51/><F51/><N who="3" m="29031" /><G126/><T25/><D25/><U122/><E127/><V4/><F4/><W40/><G40/><T38/><D38/><U62/><E27/><V119/><F119/><W99/><AGARI ba="0,1" hai="13,14,20,22,23,95,99,100" m="29031,37951" machi="99" ten="30,7900,0" yaku="8,1,52,3" doraHai="18" who="3" fromWho="3" sc="167,-39,291,-20,257,-20,275,89" owari="128,-37.2,271,7.1,237,-16.3,364,46.4" /></mjloggm>