<mjloggm ver="2.3"><GO type="225" lobby="0"/><UN n0="%E5%B0%8F%E9%B3%A5%E9%81%8A%E7%B7%B4%E7%84%A1%32%31%E6%AD%B3" n1="%E3%82%A2%E3%83%9E%E3%83%9D%EF%BD%9E%EF%BD%9E%E3%83%A9" n2="%EF%BC%AE%EF%BC%A1%EF%BC%AF%33%33%39" n3="%33%74%72%65%65" dan="17,17,16,16" rate="2154.80,2064.34,2182.18,2053.05" sx="F,M,M,F"/><TAIKYOKU oya="0"/><INIT seed="0,0,0,3,5,33" ten="250,250,250,250" oya="0" hai0="64,131,115,79,52,2,94,128,122,93,10,46,31" hai1="107,121,91,73,57,37,20,76,12,105,112,110,69" hai2="13,126,65,108,67,26,8,27,29,88,113,11,106" hai3="30,132,48,59,62,125,96,1,21,45,55,89,101"/><T16/><D115/><U19/><E69/><V5/><F106/><W18/><G132/><T7/><D31/><U98/><E121/><V130/><F113/><W77/><G125/><T42/><D122/><U36/><E110/><V63/><F108/><W47/><G77/><T39/><D64/><U50/><E112/><V120/><F120/><W66/><G30/><T44/><D79/><U24/><E107/><V32/><F126/><W25/><G89/><T97/><D16/><U84/><E73/><V41/><F41/><W35/><G35/><T43/><D43/><U75/><E75/><V60/><F130/><N who="0" m="49706" /><D97/><U58/><E76/><V9/><F27/><W54/><G1/><T6/><D7/><U111/><E111/><V23/><F32/><W81/><G81/><T71/><D71/><U118/><E98/><V127/><F127/><W86/><G86/><T99/><D99/><U134/><E84/><V68/><REACH who="2" step="1"/><F88/><REACH who="2" ten="250,250,240,250" step="2"/><W53/><REACH who="3" step="1"/><G45/><REACH who="3" ten="250,250,240,240" step="2"/><T83/><D83/><U129/><E91/><V102/><F102/><W82/><G82/><T114/><D114/><U85/><E129/><V95/><F95/><AGARI ba="0,2" hai="18,21,25,47,48,53,54,55,59,62,66,95,96,101" machi="95" ten="30,3900,0" yaku="1,1,7,1,8,1,53,0" doraHai="33" doraHaiUra="70" who="3" fromWho="2" sc="250,0,250,0,240,-39,240,59" /><INIT seed="1,0,0,0,3,81" ten="250,250,201,299" oya="1" hai0="37,76,23,60,126,30,122,97,75,41,120,123,102" hai1="61,33,20,107,50,101,115,79,8,128,114,45,72" hai2="54,22,96,27,127,93,82,19,100,47,105,2,56" hai3="117,94,52,90,104,119,121,10,98,17,110,91,99"/><U87/><E33/><V65/><F2/><W46/><G121/><T42/><D126/><U34/><E34/><V44/><F127/><W129/><G110/><T38/><D60/><U125/><E72/><V14/><F65/><W40/><G129/><T13/><D76/><U29/><E128/><V88/><F82/><W25/><G52/><T69/><D75/><U6/><E125/><V62/><REACH who="2" step="1"/><F14/><REACH who="2" ten="250,250,191,299" step="2"/><W74/><G117/><T63/><D13/><N who="1" m="5271" /><E115/><V43/><F43/><W130/><G40/><T3/><D3/><U31/><E114/><V64/><F64/><W4/><G119/><T21/><D41/><N who="1" m="24879" /><E107/><V1/><F1/><W0/><G104/><T83/><D42/><U112/><E112/><V124/><F124/><W67/><G0/><T113/><D113/><U15/><E101/><V55/><F55/><W28/><G67/><N who="0" m="41215" /><D83/><N who="1" m="47615" /><E61/><V11/><F11/><W135/><G10/><T106/><D38/><U68/><E68/><V49/><F49/><W118/><G118/><T132/><D37/><U95/><E95/><V18/><F18/><AGARI ba="0,1" hai="15,18,20,29,31" m="47615,24879,5271" machi="18" ten="30,5800,0" yaku="25,1,8,1,52,1" doraHai="81" who="1" fromWho="2" sc="250,0,250,68,191,-58,299,0" /><INIT seed="1,1,0,5,0,91" ten="250,318,133,299" oya="1" hai0="114,1,43,117,59,60,62,19,127,79,23,101,34" hai1="14,75,8,45,71,36,2,10,128,130,94,38,27" hai2="49,115,61,42,41,129,22,78,121,63,26,105,58" hai3="77,24,133,116,65,50,81,102,106,135,37,35,123"/><U90/><E71/><V68/><F105/><W28/><G37/><T18/><D117/><U85/><E75/><V93/><F121/><W113/><G123/><T52/><D114/><U97/><E27/><V13/><F78/><W120/><G120/><T95/><D34/><U16/><E97/><V100/><F115/><W104/><G113/><T83/><D1/><U73/><E73/><V74/><F74/><N who="3" m="43191" /><G116/><T69/><D127/><U0/><E0/><V15/><F68/><W118/><G118/><T55/><D43/><N who="2" m="16394" /><F129/><N who="1" m="49769" /><E45/><V11/><F49/><W88/><G102/><T54/><D69/><U46/><E46/><V82/><F82/><W134/><G50/><T92/><D101/><U57/><E57/><V5/><F15/><W4/><G106/><T47/><D47/><U30/><E30/><N who="2" m="17751" /><F58/><W108/><G104/><T53/><D62/><U109/><E109/><V76/><F76/><W87/><G108/><T20/><D83/><U110/><E110/><V112/><F112/><W66/><G4/><AGARI ba="1,0" hai="2,4,8,10,14,16,36,38,85,90,94" m="49769" machi="4" ten="30,5800,0" yaku="19,1,52,1,54,1" doraHai="91" who="1" fromWho="3" sc="250,0,318,61,133,0,299,-61" /><INIT seed="1,2,0,1,0,43" ten="250,379,133,238" oya="1" hai0="41,42,124,97,71,11,6,64,58,39,23,20,19" hai1="85,88,109,68,82,67,98,106,63,5,34,130,56" hai2="115,132,118,25,102,99,46,126,18,45,87,16,96" hai3="70,79,134,116,78,57,40,14,30,75,50,117,38"/><U133/><E130/><V112/><F118/><N who="3" m="45675" /><G70/><T80/><D71/><U15/><E133/><V91/><F132/><W84/><G134/><T4/><D124/><U104/><E109/><V21/><F126/><W121/><G121/><T13/><D39/><U47/><E34/><V93/><F18/><W52/><G30/><T122/><D122/><U59/><E106/><V69/><F69/><W89/><G75/><T127/><D127/><U26/><E26/><V66/><F66/><W119/><N who="3" m="45683" /><W72/><DORA hai="22" /><G72/><T3/><D4/><U92/><E104/><V17/><F17/><W0/><G0/><T1/><D23/><U128/><E128/><V65/><F65/><W31/><G31/><T7/><D7/><U29/><E29/><V12/><F12/><W9/><G40/><T114/><D1/><U10/><E47/><N who="2" m="17931" /><F102/><AGARI ba="2,0" hai="5,10,15,56,59,63,67,68,82,85,88,92,98,102" machi="102" ten="30,2900,0" yaku="7,1,54,1" doraHai="43,22" who="1" fromWho="2" sc="250,0,379,35,133,-35,238,0" /><INIT seed="1,3,0,1,2,3" ten="250,414,98,238" oya="1" hai0="29,56,116,123,48,28,68,122,42,127,39,108,112" hai1="104,131,38,93,7,51,30,73,79,86,26,4,132" hai2="27,92,125,0,75,78,118,115,113,120,11,101,72" hai3="49,6,91,52,23,100,76,44,88,84,95,62,43"/><U94/><E104/><V96/><F118/><W66/><G100/><T24/><D39/><U74/><E38/><V97/><F120/><W103/><G103/><T18/><D68/><U45/><E131/><V70/><F70/><W105/><G105/><T8/><D112/><N who="2" m="43082" /><F27/><W77/><G23/><T99/><D108/><U135/><E86/><V10/><F10/><W107/><G107/><T117/><D99/><U102/><E102/><N who="2" m="60679" /><F11/><W121/><G121/><N who="0" m="46091" /><D127/><U33/><E94/><N who="2" m="58551" /><F0/><W69/><G43/><T25/><D42/><N who="1" m="25015" /><E93/><V126/><F78/><W128/><G128/><T16/><D48/><U98/><E79/><V109/><F109/><W133/><G76/><T41/><D41/><U57/><E57/><V37/><F37/><W106/><G77/><T17/><D56/><U13/><E13/><V46/><F46/><W85/><G44/><T22/><D8/><U82/><E98/><V83/><F83/><W64/><G69/><T20/><AGARI ba="3,0" hai="16,17,18,20,22,24,25,28,29,116,117" m="46091" machi="20" ten="30,7900,0" yaku="13,1,34,2,54,1" doraHai="3" who="0" fromWho="0" sc="250,88,414,-42,98,-23,238,-23" /><INIT seed="2,0,0,0,3,96" ten="338,372,75,215" oya="2" hai0="111,79,75,2,24,128,98,69,101,65,100,76,114" hai1="73,57,88,52,3,12,127,62,10,130,32,26,123" hai2="91,110,115,18,19,46,25,17,104,132,55,40,64" hai3="68,77,9,107,92,53,27,45,85,54,103,74,49"/><V125/><F115/><W121/><G121/><T126/><D114/><U109/><E123/><V14/><F64/><W108/><G108/><T131/><D2/><U113/><E113/><V4/><F104/><W47/><G68/><T102/><D98/><U81/><E109/><V112/><F112/><W11/><G107/><T129/><D111/><U1/><E127/><V48/><F110/><W70/><G70/><T0/><D126/><U124/><E130/><V59/><F125/><W78/><G74/><T23/><D0/><U84/><E73/><V61/><F132/><W117/><G117/><T43/><D43/><U6/><E124/><V71/><F71/><W34/><G34/><T28/><D75/><U29/><AGARI ba="0,0" hai="1,3,6,10,12,26,29,32,52,57,62,81,84,88" machi="29" ten="30,4000,0" yaku="0,1,54,2" doraHai="96" who="1" fromWho="1" sc="338,-10,372,40,75,-20,215,-10" /><INIT seed="3,0,0,4,2,92" ten="328,412,55,205" oya="3" hai0="37,80,124,48,63,89,101,83,15,60,127,55,107" hai1="58,91,111,70,5,66,8,36,108,121,104,51,74" hai2="112,103,75,125,129,87,11,27,90,94,16,38,6" hai3="65,29,4,67,118,26,99,59,47,133,73,22,88"/><W17/><G118/><T56/><D37/><U31/><E121/><V24/><F38/><W95/><G133/><T3/><D3/><U33/><E36/><V41/><F112/><W96/><G73/><T116/><D116/><U72/><E91/><V35/><F75/><N who="1" m="28713" /><E58/><V14/><F129/><W117/><G117/><T53/><D89/><U12/><E12/><V109/><F109/><W135/><G135/><T46/><D15/><U105/><E51/><V39/><F125/><N who="0" m="48202" /><D63/><N who="1" m="40287" /><E8/><V40/><F39/><W23/><G4/><T34/><D34/><U69/><E69/><V79/><F79/><W78/><G78/><T120/><D120/><U115/><E5/><V85/><F35/><W102/><G47/><T77/><D77/><U114/><E31/><V44/><F44/><W110/><G59/><T54/><D54/><U132/><E33/><V134/><F134/><W86/><G110/><N who="1" m="42026" /><E132/><V130/><F130/><W52/><G52/><T76/><D76/><U18/><E18/><V30/><F27/><N who="3" m="14799" /><G102/><T97/><AGARI ba="0,0" hai="46,48,53,55,56,60,80,83,97,101,107" m="48202" machi="97" ten="30,2000,0" yaku="18,1,52,1" doraHai="92" who="0" fromWho="0" sc="328,20,412,-5,55,-5,205,-10" owari="348,14.8,407,50.7,50,-45.0,195,-20.5" /></mjloggm>