<mjloggm ver="2.3"><GO type="225" lobby="0"/><UN n0="%E5%91%A8%E6%9D%B1" n1="%E6%98%93%E5%88%A9%E8%96%A9%E4%BC%AF" n2="%E3%81%BF%E3%81%BF%E3%81%9A" n3="%E3%83%B4%E3%83%A0%EF%BC%99%E3%81%A6" dan="17,17,18,16" rate="2186.02,2147.11,2264.90,2162.82" sx="M,F,M,M"/><TAIKYOKU oya="0"/><INIT seed="0,0,0,1,4,130" ten="250,250,250,250" oya="0" hai0="4,0,22,87,45,115,41,114,27,20,46,13,43" hai1="113,102,119,57,104,31,62,127,132,36,101,34,116" hai2="69,85,98,1,11,77,14,65,97,81,15,63,39" hai3="8,84,10,129,117,5,103,121,122,96,35,110,54"/><T37/><D0/><U44/><E127/><V48/><F39/><W92/><G117/><T18/><D87/><U7/><E7/><V134/><F134/><W74/><G74/><T16/><REACH who="0" step="1"/><D4/><REACH who="0" ten="240,250,250,250" step="2"/><U79/><E116/><V124/><F124/><W12/><G84/><T53/><D53/><U135/><E119/><V64/><F1/><W21/><G54/><T82/><D82/><U133/><E113/><V66/><F97/><W106/><G5/><T17/><D17/><U86/><E86/><V90/><F98/><W42/><G96/><T52/><D52/><N who="1" m="34087" /><E79/><V105/><F77/><W76/><G76/><T25/><D25/><N who="1" m="18799" /><E104/><V26/><F105/><W68/><G106/><T94/><D94/><U49/><E36/><AGARI ba="0,1" hai="13,16,18,20,22,27,36,37,41,43,45,46,114,115" machi="36" ten="30,11600,0" yaku="1,1,7,1,9,1,54,1,53,0" doraHai="130" doraHaiUra="99" who="0" fromWho="1" sc="240,126,250,-116,250,0,250,0" /><INIT seed="0,1,0,3,2,123" ten="366,134,250,250" oya="0" hai0="74,77,32,117,108,6,91,131,47,22,50,20,69" hai1="116,76,1,93,122,89,133,30,96,16,119,58,57" hai2="29,4,71,54,105,86,66,134,34,106,64,18,36" hai3="60,78,132,68,23,13,59,55,40,81,100,135,24"/><T128/><D32/><U82/><E122/><V10/><F36/><W26/><G100/><T111/><D69/><U39/><E1/><V65/><F71/><W51/><G13/><T114/><D114/><U62/><E39/><V38/><F38/><W12/><G12/><T3/><D117/><U107/><E30/><V101/><F134/><N who="3" m="51243" /><G23/><N who="0" m="8747" /><D91/><U121/><E121/><V120/><F18/><W11/><G11/><N who="0" m="2527" /><D77/><U25/><E133/><V115/><F120/><W130/><G130/><N who="0" m="49707" /><D74/><U48/><E25/><V27/><F115/><W72/><G68/><T73/><D73/><U103/><E16/><V45/><F86/><W41/><G41/><AGARI ba="1,0" hai="41,47,50,108,111" m="49707,2527,8747" machi="41" ten="30,5800,0" yaku="19,1,52,2" doraHai="123" who="0" fromWho="3" sc="366,61,134,0,250,0,250,-61" /><INIT seed="0,2,0,0,3,79" ten="427,134,250,189" oya="0" hai0="23,33,89,67,60,52,66,47,121,54,53,125,6" hai1="21,104,78,134,115,100,58,72,75,117,126,88,93" hai2="107,84,96,99,95,49,63,80,55,34,37,48,5" hai3="135,64,19,25,81,30,42,109,3,105,87,26,130"/><T128/><D33/><U31/><E117/><V101/><F37/><W85/><G3/><T57/><D121/><U24/><E134/><V94/><F34/><W27/><G105/><T69/><D128/><U68/><E68/><V106/><F5/><W44/><G130/><T29/><D125/><U120/><E120/><V45/><F63/><W92/><G135/><T59/><D6/><U61/><E126/><V123/><F123/><W129/><G129/><T133/><D133/><U38/><E38/><V51/><F107/><W98/><G64/><T116/><D116/><U90/><E115/><V108/><F106/><W22/><G87/><T0/><D0/><U4/><E4/><V113/><F108/><W43/><G109/><T114/><D114/><U131/><E131/><V103/><F113/><W36/><G43/><T18/><D29/><U20/><E20/><V127/><F127/><W40/><G40/><T50/><D89/><AGARI ba="2,0" hai="45,48,49,51,55,80,84,89,94,95,96,99,101,103" machi="89" ten="30,7700,0" yaku="7,1,9,1,8,1,52,1" doraHai="79" who="2" fromWho="0" sc="427,-83,134,0,250,83,189,0" /><INIT seed="1,0,0,2,2,36" ten="344,134,333,189" oya="1" hai0="39,61,108,75,84,82,119,118,9,42,123,74,101" hai1="38,53,129,83,81,46,19,24,93,7,107,92,131" hai2="62,94,33,109,5,8,4,98,97,105,48,124,134" hai3="85,41,56,10,135,115,63,57,25,99,49,102,95"/><U87/><E107/><V67/><F33/><W50/><G115/><T27/><D123/><U116/><E116/><V90/><F109/><W120/><G120/><T0/><D108/><U29/><E7/><V52/><F124/><W3/><G135/><T106/><D61/><U14/><E93/><V133/><F105/><W117/><G117/><T59/><D59/><U11/><E92/><V65/><F98/><W68/><G68/><T26/><D101/><U34/><E83/><V20/><F20/><W1/><G85/><T78/><D75/><U88/><REACH who="1" step="1"/><E38/><REACH who="1" ten="344,124,333,189" step="2"/><V111/><F111/><W127/><G95/><T47/><D106/><U70/><E70/><V126/><F126/><W16/><G127/><T51/><D118/><U6/><E6/><V100/><F100/><W32/><G102/><T60/><D119/><U103/><E103/><V86/><F97/><W37/><G99/><T17/><D39/><U45/><E45/><N who="2" m="27663" /><F4/><W80/><G37/><T96/><D96/><U114/><E114/><V23/><F134/><W13/><G80/><T31/><D82/><U21/><E21/><V71/><F133/><W128/><G32/><T89/><D74/><U54/><E54/><V40/><F23/><W121/><G121/><T104/><D47/><U44/><E44/><V113/><F113/><W12/><G56/><T69/><D69/><U132/><E132/><V64/><F67/><W18/><G57/><T72/><D72/><U43/><E43/><V122/><F122/><W110/><G41/><T30/><D42/><U22/><E22/><V2/><F64/><W77/><G110/><RYUUKYOKU ba="0,1" sc="344,-15,124,15,333,15,189,-15" hai1="11,14,19,24,29,34,46,53,81,87,88,129,131" hai2="2,5,8,40,62,65,71,86,90,94" /><INIT seed="1,1,1,1,1,93" ten="329,139,348,174" oya="1" hai0="36,113,54,123,71,92,49,115,46,128,67,18,73" hai1="7,76,3,89,75,25,29,39,40,82,133,116,5" hai2="132,33,84,68,78,103,20,6,58,26,125,121,52" hai3="86,28,47,85,24,100,120,17,2,70,66,27,94"/><U117/><E133/><V130/><F121/><W110/><G120/><T118/><D73/><U97/><E7/><V21/><F68/><W34/><G2/><T13/><D123/><U98/><E89/><V22/><F132/><W72/><G72/><T124/><D118/><U53/><E53/><V0/><F125/><W31/><G110/><T43/><D124/><U16/><E16/><V37/><F37/><W135/><G135/><T87/><D128/><U108/><E108/><V32/><F130/><W10/><G47/><T62/><D92/><U112/><E112/><V35/><F103/><W134/><G134/><T4/><D87/><U91/><E91/><V9/><F84/><W81/><G81/><T101/><D101/><U114/><E114/><V107/><F107/><W45/><G45/><T77/><D77/><U65/><E65/><V64/><F78/><W131/><G131/><T109/><D4/><U79/><E79/><V61/><REACH who="2" step="1"/><F64/><REACH who="2" ten="329,139,338,174" step="2"/><W80/><G66/><T99/><D109/><U104/><E104/><V96/><F96/><N who="3" m="59415" /><G70/><T95/><D99/><U129/><E129/><V90/><F90/><W41/><G80/><T88/><D88/><U69/><E69/><V38/><F38/><W127/><G127/><T57/><REACH who="0" step="1"/><D95/><REACH who="0" ten="319,139,338,174" step="2"/><U30/><E117/><V63/><F63/><W102/><G102/><T119/><D119/><U122/><E116/><V42/><F42/><W19/><G41/><T106/><D106/><U56/><E122/><V51/><F51/><W111/><G111/><T48/><D48/><U8/><E40/><V11/><F11/><AGARI ba="1,3" hai="11,13,18,36,43,46,49,54,57,62,67,71,113,115" machi="11" ten="30,7700,0" yaku="1,1,7,1,24,2,53,0" doraHai="93" doraHaiUra="1" who="0" fromWho="2" sc="319,110,139,0,338,-80,174,0" /><INIT seed="2,0,0,3,5,37" ten="429,139,258,174" oya="2" hai0="88,31,53,18,80,74,95,117,111,60,13,32,132" hai1="6,85,134,36,103,34,68,120,40,23,16,113,109" hai2="97,4,107,105,135,71,70,125,58,82,1,8,41" hai3="59,19,93,112,43,110,0,131,133,14,35,42,79"/><V123/><F123/><W9/><G35/><T108/><D132/><U56/><E113/><V78/><F135/><W12/><G0/><T100/><D100/><U47/><E68/><V98/><F58/><W48/><G133/><T46/><D117/><U75/><E75/><N who="2" m="43359" /><F125/><W21/><G112/><T119/><D119/><U76/><E34/><V128/><F98/><W27/><G131/><T90/><D32/><U94/><E120/><V83/><F83/><W7/><G79/><T28/><D80/><U11/><E134/><V65/><F97/><W116/><G116/><T122/><D74/><U81/><E109/><V124/><F124/><W129/><G110/><T106/><D106/><N who="2" m="40458" /><F65/><W91/><G129/><T73/><D122/><U96/><E56/><V77/><F77/><W30/><G59/><T130/><D130/><U63/><E63/><V89/><F89/><W39/><G39/><T22/><D90/><U3/><REACH who="1" step="1"/><E23/><REACH who="1" ten="429,129,258,174" step="2"/><V104/><F128/><W49/><G49/><N who="0" m="28855" /><D111/><U44/><E44/><V126/><F126/><W15/><G48/><T52/><D108/><U45/><E45/><V127/><F127/><W57/><G57/><N who="0" m="34855" /><D73/><U64/><E64/><V10/><F70/><W54/><G54/><T50/><D50/><U87/><E87/><AGARI ba="0,1" hai="13,18,22,28,31,87,88,95" m="34855,28855" machi="87" ten="30,3900,0" yaku="8,1,54,2" doraHai="37" who="0" fromWho="1" sc="429,49,129,-39,258,0,174,0" /><INIT seed="3,0,0,0,2,132" ten="478,90,258,174" oya="3" hai0="69,3,92,70,75,128,125,48,68,42,58,76,37" hai1="117,115,107,129,111,45,55,95,121,93,2,84,77" hai2="97,15,73,22,26,114,80,116,53,12,106,89,6" hai3="123,104,54,124,94,0,131,91,5,30,57,105,29"/><W83/><G123/><T16/><D3/><U103/><E121/><V41/><F116/><W118/><G118/><T110/><D76/><U133/><E117/><V86/><F41/><W135/><G135/><T50/><D92/><U72/><E133/><V52/><F114/><W11/><G131/><T82/><D82/><U61/><E115/><V120/><F120/><W46/><G46/><T99/><D16/><U108/><E129/><V96/><F73/><W7/><G83/><T18/><D18/><U100/><E2/><V85/><F106/><W102/><G7/><T64/><D99/><N who="2" m="37962" /><F86/><W98/><G102/><T119/><D37/><U4/><E4/><V27/><F27/><W59/><G59/><T17/><D17/><U74/><E45/><V28/><F15/><W47/><G47/><T19/><D19/><U20/><E20/><V24/><F26/><W130/><G130/><T122/><D58/><U56/><E107/><V78/><F89/><W127/><G104/><T63/><D75/><U1/><E1/><V36/><F36/><W21/><G105/><T66/><D66/><U13/><E13/><V112/><F112/><W51/><G21/><T33/><D64/><U35/><E35/><V23/><F22/><W25/><G25/><T31/><D33/><U32/><E32/><V10/><AGARI ba="0,0" hai="6,10,12,23,24,28,52,53,78,80,85" m="37962" machi="10" ten="30,2000,0" yaku="8,1,54,1" doraHai="132" who="2" fromWho="2" sc="478,-5,90,-5,258,20,174,-10" owari="473,57.3,85,-41.5,278,7.8,164,-23.6" /></mjloggm>