<mjloggm ver="2.3"><GO type="225" lobby="0"/><UN n0="%E3%81%A4%E3%81%A3%E3%81%B1%E3%82%8A%E3%83%9D%E3%83%BC%E3%83%AB" n1="%E3%82%B3%E3%83%90%E3%83%AC%E3%82%A4" n2="%E3%83%A9%E3%83%BC%E3%83%A1%E3%83%B3%E4%BA%94%E9%83%8E" n3="%E3%82%8F%E3%81%8B%E3%81%B0%2A%E3%82%AC%E3%83%BC%E3%83%AB" dan="17,16,16,16" rate="2196.24,2121.20,2163.92,2058.53" sx="M,M,M,M"/><TAIKYOKU oya="0"/><INIT seed="0,0,0,2,0,20" ten="250,250,250,250" oya="0" hai0="28,17,134,76,96,73,120,78,10,24,44,5,105" hai1="111,113,97,6,114,50,133,3,82,123,80,95,79" hai2="64,72,11,67,99,117,34,43,71,77,47,54,100" hai3="45,36,94,14,84,33,19,110,129,101,52,124,93"/><T26/><D120/><U2/><E123/><V109/><F34/><W31/><G124/><T63/><D73/><U40/><E133/><V116/><F109/><W1/><G1/><T7/><D134/><U12/><E111/><V42/><F11/><W88/><G110/><T21/><D44/><N who="1" m="25863" /><E82/><N who="2" m="45351" /><F54/><W56/><G129/><T29/><D63/><U58/><E58/><V108/><F108/><W131/><G131/><T89/><D105/><U122/><E122/><V118/><F71/><W51/><G33/><T57/><D57/><U119/><E119/><V48/><F43/><W85/><G31/><N who="0" m="11851" /><D26/><U4/><E6/><N who="0" m="2057" /><D10/><N who="1" m="4167" /><E3/><V65/><F65/><W75/><G75/><T68/><D68/><U106/><E106/><AGARI ba="0,0" hai="42,47,48,64,67,99,100,106,116,117,118" m="45351" machi="106" ten="30,1000,0" yaku="12,1" doraHai="20" who="2" fromWho="1" sc="250,0,250,-10,250,10,250,0" /><INIT seed="1,0,0,2,4,73" ten="250,240,260,250" oya="1" hai0="86,117,120,45,9,130,49,41,95,101,109,16,128" hai1="22,59,26,32,64,122,46,40,35,126,81,124,133" hai2="97,11,6,76,39,13,37,90,33,87,119,88,15" hai3="43,60,42,131,7,113,121,0,58,80,72,112,1"/><U111/><E122/><V4/><F119/><W108/><G121/><T110/><D120/><U30/><E133/><V63/><F33/><W99/><G108/><N who="0" m="41579" /><D117/><U132/><E111/><V82/><F37/><W79/><G131/><N who="0" m="50219" /><D101/><U103/><E132/><V48/><F39/><W89/><G42/><T85/><D95/><U100/><E35/><V51/><F63/><W65/><G43/><T61/><D61/><N who="1" m="37951" /><E32/><V5/><F97/><W115/><REACH who="3" step="1"/><G7/><REACH who="3" ten="250,240,260,240" step="2"/><N who="2" m="2633" /><F15/><AGARI ba="0,1" hai="9,15,16,41,45,49,85,86" m="50219,41579" machi="15" ten="30,3900,0" yaku="14,1,19,1,54,1" doraHai="73" who="0" fromWho="2" sc="250,49,240,0,260,-39,240,0" /><INIT seed="2,0,0,5,4,7" ten="299,240,221,240" oya="2" hai0="124,20,27,123,112,82,51,53,59,32,78,38,64" hai1="18,101,122,70,96,8,115,31,102,6,108,3,105" hai2="39,44,9,121,100,87,134,95,23,29,116,125,19" hai3="107,13,40,80,56,71,86,85,62,10,47,68,12"/><V17/><F116/><W128/><G107/><T52/><D112/><U93/><E115/><V69/><F121/><W67/><G128/><T81/><D123/><U135/><E122/><V48/><F69/><W34/><G34/><T126/><D32/><U50/><E135/><V73/><F73/><W65/><G65/><T2/><D2/><U104/><E70/><V5/><F39/><W92/><G92/><T61/><D38/><U106/><E31/><V97/><F134/><W60/><G60/><T57/><D64/><U35/><E35/><V99/><F125/><N who="0" m="48234" /><D78/><U77/><E77/><V117/><F117/><W11/><G68/><T30/><AGARI ba="0,0" hai="20,27,30,51,52,53,57,59,61,81,82" m="48234" machi="30" ten="30,2000,0" yaku="18,1,54,1" doraHai="7" who="0" fromWho="0" sc="299,20,240,-5,221,-10,240,-5" /><INIT seed="3,0,0,2,5,68" ten="319,235,211,235" oya="3" hai0="48,83,47,70,34,131,97,55,135,62,44,58,41" hai1="130,29,42,59,132,120,124,32,79,40,30,4,114" hai2="50,60,99,13,28,75,127,57,109,25,126,115,78" hai3="67,73,100,84,107,105,23,71,35,12,18,24,27"/><W19/><G73/><T95/><D34/><U11/><E120/><V8/><F115/><W116/><G116/><T61/><D135/><U93/><E114/><V49/><F109/><W7/><G7/><T101/><D131/><U104/><E104/><V2/><F2/><W56/><G71/><T121/><D121/><U16/><E132/><V15/><F99/><W65/><G100/><T82/><D70/><U6/><E79/><V91/><F91/><W45/><G35/><T64/><D62/><U36/><E130/><V5/><F15/><N who="3" m="9695" /><G105/><T122/><D122/><U0/><E124/><V3/><F3/><W38/><G38/><AGARI ba="0,0" hai="38,41,44,47,48,55,58,61,64,82,83,95,97,101" machi="38" ten="30,2000,0" yaku="7,1,52,1" doraHai="68" who="0" fromWho="3" sc="319,20,235,0,211,0,235,-20" owari="339,43.9,235,3.5,211,-28.9,215,-18.5" /></mjloggm>