<mjloggm ver="2.3"><GO type="225" lobby="0"/><UN n0="%72%65%6E%6B%75%6E" n1="%E8%81%B7%E6%A5%AD%E3%80%81%E9%A2%A8%32" n2="%E3%81%AF%E3%82%88%E3%81%8A%E3%81%98%E3%81%95%E3%82%93" n3="%E3%81%BF%E3%81%BF%E3%81%9A" dan="17,16,17,17" rate="2211.77,2131.16,2162.72,2225.56" sx="M,M,M,M"/><TAIKYOKU oya="0"/><INIT seed="0,0,0,5,2,38" ten="250,250,250,250" oya="0" hai0="39,108,81,51,43,3,25,66,96,36,87,88,98" hai1="11,95,116,73,29,102,113,107,21,76,124,120,26" hai2="127,31,128,125,47,54,12,75,83,130,4,77,126" hai3="27,35,134,62,13,45,119,24,85,52,49,41,89"/><T44/><D3/><U28/><E116/><V82/><F31/><W56/><G119/><T94/><D108/><U50/><E120/><V23/><F83/><W10/><G134/><T133/><D133/><U123/><E123/><V72/><F75/><W18/><REACH who="3" step="1"/><G35/><REACH who="3" ten="250,250,250,240" step="2"/><T79/><D66/><U5/><E113/><V114/><F114/><W71/><G71/><T118/><D118/><U106/><E124/><V40/><F126/><W2/><G2/><T70/><D70/><U9/><E107/><V14/><F125/><W59/><G59/><T0/><D0/><U30/><E106/><V33/><F33/><W104/><G104/><T74/><D25/><U67/><E26/><V60/><F127/><W19/><G19/><T55/><REACH who="0" step="1"/><D36/><REACH who="0" ten="240,250,250,240" step="2"/><U46/><E67/><V61/><F14/><W68/><G68/><T48/><D48/><U103/><E50/><V109/><F12/><W80/><AGARI ba="0,2" hai="10,13,18,24,27,41,45,49,52,56,62,80,85,89" machi="80" ten="20,12000,2" yaku="1,1,0,1,7,1,8,1,52,1,54,1,53,1" doraHai="38" doraHaiUra="37" who="3" fromWho="3" sc="240,-60,250,-30,250,-30,240,140" /><INIT seed="1,0,0,0,5,117" ten="180,220,220,380" oya="1" hai0="48,104,105,65,119,67,92,116,134,103,54,90,56" hai1="11,68,32,31,29,132,22,18,16,62,46,0,7" hai2="15,64,26,50,126,52,47,42,10,101,84,72,100" hai3="66,118,6,110,77,88,86,9,24,83,60,120,43"/><U80/><E132/><V94/><F72/><W49/><G110/><T76/><D134/><U21/><E46/><V87/><F126/><W40/><G120/><T81/><D119/><U34/><E80/><V129/><F129/><W98/><G118/><T35/><D35/><N who="1" m="13355" /><E62/><V28/><F64/><W71/><G24/><T36/><D36/><U135/><E135/><V4/><F42/><W13/><G49/><T23/><D116/><U96/><E96/><V75/><F75/><W127/><G127/><T122/><D122/><U106/><E106/><V38/><F38/><W51/><G51/><T70/><D23/><N who="1" m="8715" /><E68/><V125/><F125/><W95/><AGARI ba="0,0" hai="6,9,13,40,43,60,66,71,77,83,86,88,95,98" machi="95" ten="30,2000,0" yaku="0,1,54,1" doraHai="117" who="3" fromWho="3" sc="180,-5,220,-10,220,-5,380,20" /><INIT seed="2,0,0,4,3,10" ten="175,210,215,400" oya="2" hai0="104,12,38,107,61,52,133,97,113,60,71,45,108" hai1="86,67,85,122,34,36,46,84,65,17,64,23,99" hai2="101,114,27,31,80,76,42,121,62,82,13,105,55" hai3="100,115,14,26,40,53,57,91,70,83,59,37,96"/><V0/><F121/><W130/><G70/><T56/><D113/><U44/><E34/><V72/><F0/><W6/><G115/><T102/><D108/><U103/><E122/><V66/><F114/><W3/><G3/><T74/><D74/><U135/><E36/><V98/><F82/><W54/><G26/><T134/><D107/><U43/><E43/><V109/><F42/><W87/><G130/><T90/><D90/><U35/><E35/><N who="2" m="20991" /><F55/><W106/><G37/><T8/><D38/><U9/><E9/><V48/><F48/><W68/><G68/><T128/><D128/><U127/><E135/><N who="0" m="51721" /><D45/><U2/><E2/><V15/><F109/><W5/><G14/><T78/><D78/><U124/><E127/><V116/><F116/><W16/><G16/><N who="0" m="8199" /><D71/><AGARI ba="0,0" hai="13,15,62,66,71,72,76,80,98,101,105" m="20991" machi="71" ten="30,5800,0" yaku="25,1,52,2" doraHai="10" who="2" fromWho="0" sc="175,-58,210,0,215,58,400,0" /><INIT seed="2,1,0,5,0,97" ten="117,210,273,400" oya="2" hai0="98,114,80,130,65,101,99,71,11,36,49,123,19" hai1="29,33,116,60,94,10,20,27,39,115,103,113,9" hai2="76,133,35,67,89,88,78,2,106,54,46,21,131" hai3="37,100,61,56,4,82,1,48,95,91,73,75,0"/><V8/><F35/><W12/><G37/><T41/><D114/><U108/><E39/><V119/><F119/><W14/><G100/><T122/><D123/><U40/><E116/><V105/><F67/><W125/><G125/><T135/><D122/><U51/><E108/><V90/><F21/><W83/><G48/><T111/><D36/><U44/><E33/><V127/><F8/><W96/><G4/><T132/><D111/><U58/><E113/><V18/><F18/><W43/><G43/><T85/><D130/><U129/><E129/><V22/><F22/><W72/><G12/><T81/><D65/><N who="1" m="39063" /><E115/><V24/><F24/><W128/><G14/><T26/><D71/><U107/><E107/><N who="2" m="40971" /><F54/><W70/><G70/><T63/><D63/><U7/><E7/><V47/><F2/><W42/><G42/><T109/><D109/><U52/><E40/><V34/><F34/><W79/><G128/><T118/><D118/><U5/><E5/><V92/><F131/><W25/><G25/><T104/><D99/><AGARI ba="1,0" hai="9,10,20,27,29,44,51,52,94,99,103" m="39063" machi="99" ten="30,7700,0" yaku="25,1,8,1,52,1,54,1" doraHai="97" who="1" fromWho="0" sc="117,-80,210,80,273,0,400,0" /><INIT seed="3,0,0,4,5,92" ten="37,290,273,400" oya="3" hai0="62,108,26,47,63,7,39,35,130,32,111,127,37" hai1="83,34,44,77,28,56,49,58,103,10,66,50,101" hai2="114,75,43,124,134,3,131,93,30,80,0,16,135" hai3="113,106,46,59,97,123,67,79,19,68,57,91,81"/><W87/><G113/><T105/><D47/><U69/><E69/><V25/><F114/><W48/><G123/><T21/><D7/><U40/><E34/><V1/><F124/><W74/><G19/><T110/><D105/><U118/><E118/><V14/><F131/><W64/><G106/><T24/><D21/><U27/><E58/><N who="3" m="22026" /><G74/><T117/><D127/><U115/><E115/><V88/><F43/><N who="3" m="24671" /><G68/><T42/><D42/><U129/><E129/><V86/><F80/><W109/><G109/><T89/><D89/><U33/><E10/><V125/><F75/><W60/><G60/><T31/><D31/><U4/><E4/><V61/><F61/><W96/><G91/><T52/><D130/><U104/><E104/><V36/><F36/><W95/><G95/><T54/><D117/><U55/><E66/><AGARI ba="0,0" hai="64,66,67,79,81,87,96,97" m="24671,22026" machi="66" ten="30,5800,0" yaku="8,1,52,2" doraHai="92" who="3" fromWho="1" sc="37,0,290,-58,273,0,400,58" owari="37,-46.3,232,-16.8,273,7.3,458,55.8" /></mjloggm>