<mjloggm ver="2.3"><GO type="225" lobby="0"/><UN n0="%E5%8F%AF%E5%85%90%E9%82%A3%E7%94%B1%E5%A4%9A" n1="%E3%83%81%E3%83%83%E3%82%BF%E3%82%BD%E3%83%BC" n2="%E3%83%96%E3%83%83%E3%83%91%E3%82%AA%E3%83%96%E3%83%81%E3%82%AD%E3%83%B3" n3="%E9%B7%B9%E5%80%89%E6%9D%8F%E9%88%B4" dan="16,16,16,16" rate="2087.32,2134.82,2129.04,2163.50" sx="F,F,M,F"/><TAIKYOKU oya="0"/><INIT seed="0,0,0,2,4,123" ten="250,250,250,250" oya="0" hai0="76,17,110,65,107,0,11,14,15,49,72,45,22" hai1="87,69,82,84,66,16,43,1,81,7,79,113,86" hai2="71,48,121,93,55,134,85,27,54,92,91,122,20" hai3="8,74,62,124,75,90,127,40,47,60,26,46,52"/><T135/><D107/><U119/><E113/><V126/><F134/><W73/><G8/><T5/><D135/><U37/><E119/><V33/><F126/><N who="3" m="48171" /><G90/><T3/><D65/><U99/><E99/><V133/><F133/><W128/><G128/><T57/><D57/><U114/><E114/><V102/><F71/><W42/><G26/><T51/><D51/><U112/><E112/><V77/><F77/><W31/><G31/><T23/><D23/><U18/><E66/><V101/><F33/><W130/><G130/><T13/><D3/><U109/><E69/><V116/><F116/><W67/><G67/><T125/><D125/><U70/><E70/><V28/><F122/><W131/><G131/><T117/><D117/><U132/><E132/><V10/><F121/><W120/><G120/><T105/><D105/><U12/><E87/><V103/><F10/><W25/><G25/><T19/><D19/><U41/><E1/><V34/><F34/><W9/><G9/><T61/><D76/><U88/><E7/><V100/><REACH who="2" step="1"/><F48/><REACH who="2" ten="250,250,240,250" step="2"/><N who="3" m="28703" /><G40/><T97/><D11/><U83/><E43/><V39/><F39/><AGARI ba="0,1" hai="39,42,46,60,62,73,74,75" m="28703,48171" machi="39" ten="40,2600,0" yaku="18,1,54,1" doraHai="123" who="3" fromWho="2" sc="250,0,250,0,240,-26,250,36" /><INIT seed="1,0,0,4,4,108" ten="250,250,214,286" oya="1" hai0="125,41,79,81,94,47,7,130,37,57,44,87,112" hai1="117,28,132,102,104,83,9,73,72,111,0,34,58" hai2="64,127,124,129,68,80,128,12,38,14,21,96,65" hai3="62,135,40,95,89,13,123,77,49,133,118,75,60"/><U3/><E117/><V115/><F38/><W93/><G123/><T42/><D125/><N who="2" m="48202" /><F80/><W27/><G118/><T18/><D130/><N who="2" m="50282" /><F68/><W59/><G27/><T46/><D7/><U15/><E111/><V105/><F115/><W36/><G13/><N who="2" m="5225" /><F21/><W11/><G36/><T122/><D112/><U86/><E83/><V5/><F5/><W29/><G77/><T35/><D37/><U26/><E15/><V54/><F54/><W39/><G39/><T4/><D4/><U109/><E3/><V99/><F105/><W84/><G11/><T100/><D18/><U19/><E0/><V22/><F22/><W119/><G119/><T31/><D42/><U91/><E19/><V2/><F2/><W43/><G40/><T120/><D41/><U98/><E104/><V24/><F24/><W70/><G43/><T113/><D113/><U30/><E26/><V126/><N who="2" m="48210" /><V66/><AGARI ba="0,0" hai="64,65,66,96,99" m="5225,50282,48210" machi="66" ten="50,8000,1" yaku="4,1,28,2,18,1,19,1" doraHai="108" who="2" fromWho="2" sc="250,-20,250,-40,214,80,286,-20" /><INIT seed="2,0,0,0,5,103" ten="230,210,294,266" oya="2" hai0="74,131,114,121,65,134,63,118,84,13,27,113,55" hai1="3,135,53,70,127,64,33,100,95,42,128,68,86" hai2="12,37,71,24,5,58,122,69,78,52,56,132,89" hai3="72,46,22,57,7,32,23,106,109,18,61,49,59"/><V60/><F122/><W81/><G32/><T50/><D74/><U73/><E73/><V124/><F124/><W92/><G7/><T35/><D121/><U9/><E33/><V97/><F132/><W90/><G109/><T110/><D110/><U129/><E135/><V98/><F37/><W79/><G106/><T120/><D120/><U14/><E127/><V116/><F116/><W20/><G18/><T99/><D134/><U17/><E3/><V43/><F43/><W40/><REACH who="3" step="1"/><G61/><REACH who="3" ten="230,210,294,256" step="2"/><T76/><D63/><U30/><E30/><V47/><F5/><W111/><G111/><T107/><D35/><U108/><E108/><V102/><F60/><W0/><G0/><T105/><D105/><U2/><E2/><V44/><F71/><W6/><G6/><T87/><D107/><U101/><E70/><V25/><F69/><W29/><G29/><T88/><D118/><U104/><E104/><V66/><F66/><W4/><G4/><T83/><D65/><U119/><E64/><V48/><F24/><W125/><G125/><T77/><D27/><U10/><E68/><V15/><F25/><W38/><G38/><T96/><D13/><U117/><E119/><V39/><F12/><W11/><G11/><T62/><D62/><U45/><E117/><V28/><F15/><W112/><G112/><T41/><D114/><U36/><E9/><V51/><F28/><W115/><G115/><T82/><D113/><U133/><E133/><V85/><F39/><W26/><G26/><T21/><D21/><U130/><E53/><V16/><F52/><W93/><G93/><RYUUKYOKU ba="0,1" sc="230,-15,210,15,294,-15,256,15" hai1="10,14,17,36,42,45,86,95,100,101,128,129,130" hai3="20,22,23,40,46,49,57,59,72,79,81,90,92" /><INIT seed="3,1,1,2,3,9" ten="215,225,279,271" oya="3" hai0="48,41,29,97,12,1,28,66,50,115,44,86,24" hai1="94,62,10,43,111,84,55,49,15,37,20,103,45" hai2="125,54,130,108,74,38,52,119,32,93,131,27,0" hai3="90,82,3,98,36,120,34,133,69,26,73,63,76"/><W42/><G120/><T105/><D1/><U64/><E111/><V39/><F119/><W92/><G133/><T25/><D115/><U109/><E20/><V77/><F0/><W70/><G3/><T21/><D66/><U123/><E109/><V78/><F108/><W124/><G124/><T72/><D72/><U113/><E113/><V13/><F125/><W58/><G42/><T99/><D105/><U79/><E123/><V129/><F13/><W132/><G36/><N who="2" m="13865" /><F93/><W35/><G132/><T51/><D86/><U107/><E107/><V40/><F40/><W22/><G35/><T18/><D25/><U85/><E79/><N who="2" m="30219" /><F74/><W8/><G8/><T104/><D29/><AGARI ba="1,1" hai="27,29,32,52,54,129,130,131" m="30219,13865" machi="29" ten="40,2600,0" yaku="19,1,54,1" doraHai="9" who="2" fromWho="0" sc="215,-29,225,0,279,39,271,0" owari="186,-31.4,225,-17.5,318,41.8,271,7.1" /></mjloggm>