<mjloggm ver="2.3"><GO type="225" lobby="0"/><UN n0="%E5%A4%8F%E9%88%B4%E9%88%B4%E5%A4%8F" n1="%EF%BC%AE%EF%BC%A1%EF%BC%AF%33%33%39" n2="%E3%82%A2%E3%83%B3%E3%83%93%E3%83%90%E3%83%AC%E3%83%B3%E3%83%88" n3="%E8%81%B7%E6%A5%AD%E3%80%81%E9%A2%A8%32" dan="16,16,16,16" rate="2099.12,2127.61,2080.31,2153.60" sx="M,M,F,M"/><TAIKYOKU oya="0"/><INIT seed="0,0,0,1,3,82" ten="250,250,250,250" oya="0" hai0="1,61,52,132,103,45,34,79,116,29,91,100,127" hai1="128,5,35,113,105,107,37,31,39,74,48,16,86" hai2="19,110,38,12,87,21,66,133,17,83,47,25,14" hai3="122,104,80,102,15,76,30,53,130,57,95,2,41"/><T75/><D116/><U36/><E74/><V22/><F110/><W89/><G130/><T42/><D127/><U118/><E118/><V51/><F133/><W50/><G2/><T120/><D120/><U134/><E5/><V3/><F3/><W26/><G122/><T33/><D1/><U119/><E119/><V54/><F38/><W68/><G68/><T135/><D79/><U70/><E70/><V72/><F72/><W90/><G104/><T125/><D75/><U73/><E73/><V63/><F25/><W6/><G102/><N who="0" m="38955" /><D29/><U94/><E31/><V98/><F98/><W112/><G112/><T96/><D125/><U27/><E35/><V114/><F114/><W115/><G115/><T111/><D111/><U64/><E64/><V109/><F109/><W8/><G41/><T40/><D33/><U10/><E113/><V78/><F63/><W81/><G76/><T58/><D45/><U9/><E134/><N who="0" m="51241" /><D34/><U65/><E65/><AGARI ba="0,0" hai="12,14,17,19,21,22,47,51,54,65,66,78,83,87" machi="65" ten="40,5200,0" yaku="9,1,8,1,52,1" doraHai="82" who="2" fromWho="1" sc="250,0,250,-52,250,52,250,0" /><INIT seed="1,0,0,4,0,29" ten="250,198,302,250" oya="1" hai0="42,134,70,39,43,14,105,24,81,2,23,110,50" hai1="30,5,25,41,113,120,77,121,17,85,64,26,102" hai2="6,115,127,96,31,27,0,71,126,132,107,97,47" hai3="56,123,44,66,94,36,28,125,124,128,122,82,91"/><U72/><E113/><V34/><F115/><W59/><G128/><T92/><D110/><U131/><E72/><V52/><F71/><W65/><G82/><T99/><D134/><U106/><E5/><V21/><F107/><W129/><G129/><T108/><D108/><U19/><E131/><V7/><F21/><W78/><G78/><T4/><D2/><U67/><E41/><V90/><F7/><W1/><G1/><T88/><D70/><U16/><E102/><V84/><F6/><W103/><G103/><T3/><D3/><U69/><E106/><V114/><F0/><W57/><G28/><T40/><D39/><U79/><E85/><V118/><F118/><W62/><G94/><T100/><D81/><U13/><E13/><V76/><F76/><N who="1" m="29257" /><E30/><V98/><F132/><W80/><G91/><T101/><D50/><U63/><E63/><V10/><F10/><W20/><G80/><T83/><D83/><U55/><E55/><V93/><REACH who="2" step="1"/><F114/><REACH who="2" ten="250,198,292,250" step="2"/><W32/><G20/><T117/><D105/><U22/><E22/><V33/><F33/><W38/><G32/><T51/><D4/><U112/><E69/><V46/><F46/><W54/><G44/><N who="0" m="25991" /><D14/><U35/><E35/><V133/><F133/><W119/><G119/><T9/><D9/><U87/><E112/><V95/><F95/><W86/><G57/><T104/><D117/><U12/><E12/><V73/><F73/><W60/><G86/><N who="0" m="52247" /><D101/><U111/><E111/><V53/><F53/><AGARI ba="0,1" hai="36,38,53,54,56,59,60,62,65,66,122,123,124,125" machi="53" ten="25,8000,1" yaku="22,2,34,3" doraHai="29" who="3" fromWho="2" sc="250,0,198,0,292,-80,250,90" /><INIT seed="2,0,0,5,3,83" ten="250,198,212,340" oya="2" hai0="1,102,22,104,7,71,98,58,42,31,80,88,76" hai1="56,5,93,108,30,114,91,52,63,120,53,72,132" hai2="87,64,66,13,81,70,100,110,50,17,117,97,73" hai3="119,3,47,135,133,62,68,54,28,82,84,94,96"/><V27/><F70/><W23/><G119/><T90/><D71/><U130/><E72/><V59/><F73/><W32/><G3/><T95/><D42/><U122/><E114/><V118/><F27/><N who="3" m="16511" /><G32/><T109/><D109/><U8/><E30/><V26/><F26/><W4/><G4/><T51/><D31/><U129/><E108/><V36/><F36/><W6/><G6/><T41/><D22/><U33/><E53/><N who="2" m="32183" /><F118/><W116/><G116/><T39/><D39/><U49/><E63/><V40/><F40/><W77/><G62/><T131/><D131/><N who="1" m="50187" /><E33/><V74/><F74/><W103/><G68/><T67/><D67/><U121/><E132/><N who="3" m="50762" /><G54/><T105/><D7/><U44/><E56/><V128/><F117/><W35/><G35/><T25/><D1/><N who="1" m="47" /><E122/><V14/><F110/><W20/><G20/><T24/><D58/><U60/><E60/><V61/><F128/><W65/><G65/><N who="2" m="25193" /><F61/><W89/><G47/><T34/><D34/><U46/><E46/><V86/><F81/><W111/><G111/><T85/><D41/><U55/><E55/><V127/><F127/><W12/><G12/><N who="2" m="4713" /><F17/><W124/><G124/><T112/><D112/><U101/><E120/><V79/><F79/><AGARI ba="0,0" hai="77,79,82,84,89,94,96,103" m="50762,16511" machi="79" ten="30,2000,0" yaku="20,1,52,1" doraHai="83" who="3" fromWho="2" sc="250,0,198,0,212,-20,340,20" /><INIT seed="3,0,0,0,2,60" ten="250,198,192,360" oya="3" hai0="75,43,110,64,31,28,129,104,107,15,59,93,132" hai1="77,80,83,34,47,116,4,44,37,38,88,33,45" hai2="79,68,62,6,73,24,94,82,3,29,109,8,49" hai3="55,22,103,40,2,30,1,135,41,128,0,86,108"/><W117/><G117/><T36/><D75/><U17/><E4/><V13/><F109/><W21/><G128/><T118/><D118/><U125/><E116/><V12/><F49/><W101/><G135/><T46/><D110/><U71/><E71/><V27/><F94/><W130/><G130/><T26/><D129/><U85/><E125/><V9/><F9/><W76/><G55/><T113/><D132/><U19/><E34/><V133/><F133/><W63/><G63/><T114/><D59/><U119/><E33/><V91/><F91/><W120/><G86/><T131/><D64/><U99/><E119/><V112/><F112/><N who="0" m="43114" /><D131/><U105/><E105/><N who="0" m="40521" /><D26/><U53/><E99/><V56/><F68/><W16/><G120/><T10/><D93/><U7/><E7/><AGARI ba="0,0" hai="7,10,15,28,31,36,43,46" m="40521,43114" machi="7" ten="30,1000,0" yaku="11,1" doraHai="60" who="0" fromWho="1" sc="250,10,198,-10,192,0,360,0" owari="260,6.0,188,-31.2,192,-20.8,360,46.0" /></mjloggm>