<mjloggm ver="2.3"><GO type="225" lobby="0"/><UN n0="%E6%98%93%E5%88%A9%E8%96%A9%E4%BC%AF" n1="%E6%97%A5%E6%9B%9C%E6%97%A5%E3%82%88%E3%82%8A%E3%81%AE%E4%BD%BF%E8%80%85" n2="%E3%81%A4%E3%81%A3%E3%81%B1%E3%82%8A%E3%83%9D%E3%83%BC%E3%83%AB" n3="%E3%82%8F%E3%81%8B%E3%81%B0%2A%E3%82%AC%E3%83%BC%E3%83%AB" dan="17,17,17,16" rate="2121.57,2250.67,2188.72,2058.19" sx="F,M,M,M"/><TAIKYOKU oya="0"/><INIT seed="0,0,0,5,5,52" ten="250,250,250,250" oya="0" hai0="27,99,133,13,53,74,70,97,34,32,73,28,62" hai1="118,71,109,3,44,58,76,5,80,105,57,8,120" hai2="31,41,0,65,26,132,17,24,39,83,63,108,127" hai3="25,20,110,131,61,1,72,6,111,36,68,43,46"/><T54/><D133/><U49/><E118/><V12/><F132/><W59/><G72/><T125/><D125/><U135/><E120/><V90/><F0/><W14/><G131/><T42/><D42/><U30/><E105/><V19/><F127/><W107/><G107/><T84/><D84/><U114/><E71/><V130/><F130/><W48/><G1/><T10/><D34/><U93/><E135/><V15/><F108/><N who="3" m="41515" /><G68/><T95/><D99/><U119/><E119/><V92/><F83/><W18/><G36/><T64/><D74/><U40/><E109/><V11/><F41/><W2/><G2/><T21/><D32/><U66/><E66/><V103/><F31/><W87/><G87/><T115/><D73/><U88/><E30/><V50/><F50/><W85/><G85/><T38/><D38/><U123/><E123/><V121/><F103/><W106/><G106/><T22/><D22/><U7/><E7/><V23/><F39/><W33/><G33/><T89/><REACH who="0" step="1"/><D115/><REACH who="0" ten="240,250,250,250" step="2"/><U128/><E114/><V37/><F37/><W124/><G124/><T82/><D82/><U69/><E128/><V91/><F121/><W79/><G79/><T45/><D45/><U67/><E80/><V35/><F35/><W98/><G98/><T116/><D116/><U96/><REACH who="1" step="1"/><E76/><REACH who="1" ten="240,240,250,250" step="2"/><V129/><F129/><W126/><G126/><T4/><AGARI ba="0,2" hai="4,10,13,21,27,28,53,54,62,64,70,89,95,97" machi="4" ten="20,7800,0" yaku="1,1,0,1,7,1,53,1" doraHai="52" doraHaiUra="94" who="0" fromWho="0" sc="240,98,240,-26,250,-26,250,-26" /><INIT seed="0,1,0,1,0,118" ten="338,214,224,224" oya="0" hai0="135,5,100,16,59,134,45,32,2,111,71,114,28" hai1="48,108,96,37,51,1,117,119,13,53,109,80,23" hai2="86,132,50,74,25,38,9,61,113,43,22,12,49" hai3="106,99,121,47,97,14,15,26,129,76,4,27,20"/><T133/><D71/><U54/><E37/><V35/><F74/><W56/><G129/><T72/><D114/><U122/><E1/><V85/><F113/><W87/><G106/><T65/><D72/><U42/><E96/><V64/><F35/><W130/><G130/><T124/><D100/><U101/><E101/><V105/><F38/><W90/><G76/><T58/><D65/><U131/><E80/><V18/><F105/><W81/><G121/><T60/><D45/><N who="1" m="25655" /><E23/><V33/><F33/><W95/><G47/><T41/><D41/><U127/><E13/><V82/><F132/><W128/><G128/><T70/><D16/><U29/><E29/><V67/><F43/><W75/><G75/><T115/><D115/><U66/><E131/><V36/><F36/><W94/><G56/><T107/><D107/><U126/><E66/><N who="2" m="25131" /><F61/><W6/><G81/><T125/><D32/><U78/><E78/><N who="2" m="46295" /><F86/><W120/><G87/><T62/><D134/><U112/><E112/><V21/><F21/><W102/><G20/><T93/><D2/><U19/><E19/><AGARI ba="1,0" hai="9,12,18,19,22,25,49,50" m="46295,25131" machi="19" ten="30,1000,0" yaku="8,1" doraHai="118" who="2" fromWho="1" sc="338,0,214,-13,224,13,224,0" /><INIT seed="1,0,0,4,1,96" ten="338,201,237,224" oya="1" hai0="130,86,52,99,31,29,85,63,62,23,34,128,43" hai1="67,105,40,41,54,68,33,5,55,89,2,49,134" hai2="0,39,80,53,57,21,91,51,7,117,106,60,20" hai3="8,72,94,125,56,79,93,74,47,28,36,126,109"/><U14/><E33/><V112/><F106/><W83/><G109/><T133/><D34/><U66/><E2/><V45/><F39/><W10/><G72/><T82/><D43/><N who="1" m="16459" /><E105/><V131/><F117/><W30/><G36/><T73/><D73/><U42/><E89/><V11/><F131/><N who="0" m="50218" /><D133/><U19/><E5/><V59/><F112/><W132/><G47/><T48/><D99/><U38/><E14/><V71/><F71/><W108/><G132/><T77/><D86/><U1/><E19/><V113/><F59/><W61/><G108/><T122/><D122/><U25/><E25/><V124/><F113/><W87/><G8/><T123/><D123/><U65/><E1/><V110/><F110/><W98/><G10/><T12/><D31/><U76/><E76/><V16/><F16/><W37/><G37/><T129/><D129/><U121/><E121/><V84/><REACH who="2" step="1"/><F124/><REACH who="2" ten="338,201,227,224" step="2"/><W75/><G125/><T107/><D107/><U116/><E116/><V6/><F6/><W69/><G126/><T101/><D101/><U64/><E134/><V9/><F9/><W35/><G28/><T103/><D103/><U100/><E100/><V88/><F88/><W92/><G30/><T15/><D29/><U58/><E68/><V50/><F50/><W18/><G69/><T78/><D78/><U26/><E26/><V90/><F90/><N who="3" m="55575" /><G35/><T81/><D77/><U46/><E38/><V135/><F135/><W70/><G70/><T97/><D15/><U118/><E118/><V120/><F120/><W115/><G18/><T104/><D12/><U17/><E17/><V114/><F114/><RYUUKYOKU ba="0,1" sc="338,-15,201,15,227,15,224,-15" hai1="42,46,49,54,55,58,64,65,66,67" hai2="0,7,11,20,21,45,51,53,57,60,80,84,91" /><INIT seed="1,1,1,4,5,80" ten="323,216,242,209" oya="1" hai0="133,54,101,77,135,112,43,52,7,117,122,97,0" hai1="126,4,35,115,104,8,75,5,82,72,22,37,31" hai2="119,55,6,94,42,102,39,11,70,28,47,41,29" hai3="87,69,93,57,89,105,127,34,9,50,99,65,96"/><U63/><E115/><V103/><F70/><W83/><G127/><T2/><D112/><U76/><E104/><V33/><F119/><W17/><G34/><T23/><D117/><U74/><E126/><V21/><F33/><W60/><G105/><T32/><D32/><U44/><E22/><V40/><F39/><W109/><G109/><T13/><D122/><U48/><E63/><V26/><F29/><W73/><G69/><T124/><D43/><U10/><E10/><V38/><F94/><W88/><G50/><T51/><D77/><U16/><E16/><V130/><F130/><W36/><G36/><T123/><D123/><U95/><E95/><V53/><F38/><W106/><G73/><T120/><D54/><N who="2" m="20490" /><F47/><W18/><REACH who="3" step="1"/><G9/><REACH who="3" ten="323,216,242,199" step="2"/><N who="0" m="4287" /><D124/><U59/><E72/><V71/><F71/><W131/><G131/><T27/><D120/><U110/><E74/><V92/><F11/><W15/><G15/><T134/><D134/><U132/><E132/><V91/><F6/><W107/><G107/><T25/><D135/><U128/><E128/><V125/><F125/><W3/><G3/><T56/><D133/><U62/><E37/><V111/><F111/><W98/><G98/><AGARI ba="1,2" hai="21,26,28,40,41,42,91,92,98,102,103" m="20490" machi="98" ten="30,1000,0" yaku="8,1" doraHai="80" who="2" fromWho="3" sc="323,0,216,0,242,33,199,-13" /><INIT seed="2,0,0,1,2,4" ten="323,216,275,186" oya="2" hai0="49,12,42,15,29,58,38,135,77,89,107,113,70" hai1="94,103,69,19,61,132,27,109,129,86,28,1,124" hai2="11,36,63,74,43,30,115,59,67,26,108,100,45" hai3="71,112,53,20,6,119,40,57,73,46,54,99,104"/><V96/><F115/><W41/><G119/><T91/><D107/><U22/><E1/><V9/><F74/><W18/><G112/><T16/><D70/><U106/><E109/><V39/><F39/><W0/><G73/><T25/><D113/><U82/><E124/><V5/><F5/><W79/><G71/><T31/><D38/><U123/><E129/><V14/><F14/><W131/><G131/><T60/><D77/><U33/><E132/><V64/><F64/><W66/><G79/><T134/><D15/><U35/><E106/><V85/><F85/><W101/><G0/><T8/><D49/><U55/><E123/><V50/><F36/><W120/><G120/><T76/><D42/><U44/><E69/><V52/><F43/><W126/><G126/><T116/><D31/><U68/><E68/><V130/><F108/><W65/><G6/><T95/><D76/><U92/><E103/><V34/><F130/><W110/><G40/><T84/><D91/><N who="1" m="51671" /><E35/><V117/><F117/><W32/><G32/><T133/><D116/><U93/><E33/><V118/><F118/><W17/><G53/><T75/><D75/><U114/><E114/><V111/><F111/><W80/><G80/><T21/><REACH who="0" step="1"/><D133/><REACH who="0" ten="313,216,275,186" step="2"/><U87/><E28/><V47/><F47/><W122/><G110/><T7/><D7/><U3/><E3/><V83/><F83/><W24/><G122/><T127/><D127/><U121/><E121/><V51/><F50/><N who="3" m="30935" /><G17/><T105/><D105/><AGARI ba="0,1" hai="9,11,26,30,34,45,51,52,59,63,67,96,100,105" machi="105" ten="30,11600,0" yaku="7,1,52,2,54,1" doraHai="4" who="2" fromWho="0" sc="313,-116,216,0,275,126,186,0" /><INIT seed="2,1,0,4,0,23" ten="197,216,401,186" oya="2" hai0="123,43,22,40,0,49,93,81,83,104,92,76,72" hai1="82,20,31,47,106,117,17,55,25,50,73,87,120" hai2="79,113,75,35,9,74,38,65,42,97,28,94,125" hai3="80,36,12,129,122,19,89,95,24,10,128,116,121"/><V61/><F113/><W109/><G116/><T53/><D104/><U46/><E117/><V4/><F125/><W126/><G126/><T131/><D123/><U27/><E120/><V60/><F60/><W111/><G36/><T70/><D70/><U133/><E133/><V18/><F18/><W21/><G80/><T44/><D0/><U32/><E106/><V63/><F63/><W78/><G78/><T8/><D8/><U26/><E73/><V103/><F79/><W33/><G33/><T57/><D43/><U15/><E47/><V13/><F42/><W68/><G68/><T88/><D131/><N who="3" m="50249" /><G89/><AGARI ba="1,0" hai="15,17,20,25,26,27,31,32,46,50,55,82,87,89" machi="89" ten="30,7700,0" yaku="7,1,52,3" doraHai="23" who="1" fromWho="3" sc="197,0,216,80,401,0,186,-80" /><INIT seed="3,0,0,4,3,61" ten="197,296,401,106" oya="3" hai0="7,12,77,125,122,58,94,88,70,19,117,116,120" hai1="68,123,73,30,10,59,100,127,71,11,34,99,25" hai2="57,86,114,84,112,98,76,109,106,113,124,26,28" hai3="96,42,90,91,9,2,13,47,97,126,80,119,38"/><W55/><G119/><T4/><D70/><U135/><E123/><N who="0" m="47145" /><D58/><U40/><E127/><V53/><F109/><W130/><G126/><T20/><D88/><U83/><E135/><V102/><F124/><W92/><G130/><T49/><D94/><U67/><E40/><V134/><F134/><W111/><G111/><T56/><D77/><U69/><E59/><V8/><F8/><W29/><G2/><T93/><D93/><U18/><E18/><V60/><REACH who="2" step="1"/><F76/><REACH who="2" ten="197,296,391,106" step="2"/><W54/><G29/><T27/><D49/><U133/><E133/><V17/><F17/><W14/><G97/><T15/><D56/><U24/><E24/><V22/><AGARI ba="0,1" hai="22,26,28,53,57,60,84,86,98,102,106,112,113,114" machi="22" ten="30,4000,0" yaku="1,1,0,1,53,1" doraHai="61" doraHaiUra="103" who="2" fromWho="2" sc="197,-10,296,-10,391,50,106,-20" owari="187,-21.3,286,8.6,441,54.1,86,-41.4" /></mjloggm>