<mjloggm ver="2.3"><GO type="225" lobby="0"/><UN n0="%33%74%72%65%65" n1="%E7%B4%94%E6%BD%94%E3%83%94%E3%83%A9%E3%83%8B%E3%82%A2" n2="%E3%82%8F%E3%81%8B%E3%81%B0%2A%E3%82%AC%E3%83%BC%E3%83%AB" n3="%E3%81%B2%E3%81%AA%E3%81%AE%E3%82%8A%E3%81%8F" dan="16,17,16,16" rate="2071.20,2178.28,2086.67,2109.09" sx="F,M,M,M"/><TAIKYOKU oya="0"/><INIT seed="0,0,0,4,3,23" ten="250,250,250,250" oya="0" hai0="0,30,53,101,55,108,35,60,71,6,32,58,86" hai1="132,44,87,57,113,115,83,74,28,127,106,118,56" hai2="22,104,38,90,128,116,92,67,125,131,2,39,16" hai3="15,133,82,100,25,98,47,130,112,61,84,81,10"/><T48/><D108/><U68/><E68/><V50/><F104/><W11/><G112/><N who="1" m="43082" /><E106/><V27/><F125/><W14/><G130/><N who="2" m="49705" /><F2/><W69/><G133/><T135/><D135/><U80/><E118/><V40/><F67/><W121/><G121/><T109/><D109/><U21/><E132/><V119/><F50/><W63/><G47/><T26/><D101/><U5/><E5/><V7/><F7/><W62/><G69/><T46/><D71/><U37/><E74/><V89/><F89/><W49/><G49/><T93/><D6/><U1/><E83/><V110/><F110/><W76/><G82/><T70/><D70/><U94/><E94/><V31/><F31/><W17/><G98/><T103/><D0/><U18/><E28/><V13/><F13/><W124/><G124/><T20/><REACH who="0" step="1"/><D86/><REACH who="0" ten="240,250,250,250" step="2"/><U99/><E1/><V34/><F119/><W8/><G100/><T117/><D117/><U59/><E127/><V29/><F116/><W43/><G43/><T75/><D75/><U88/><E99/><AGARI ba="0,1" hai="20,26,30,32,35,46,48,53,55,58,60,93,99,103" machi="99" ten="40,7700,0" yaku="1,1,52,1,53,1" doraHai="23" doraHaiUra="24" who="0" fromWho="1" sc="240,87,250,-77,250,0,250,0" /><INIT seed="0,1,0,1,2,43" ten="327,173,250,250" oya="0" hai0="47,12,111,122,61,117,77,119,78,106,25,32,46" hai1="26,114,48,89,50,102,73,116,121,17,132,133,55" hai2="97,9,85,34,105,36,19,109,130,1,6,58,115" hai3="118,66,91,108,79,103,92,41,75,104,67,101,31"/><T63/><D122/><U13/><E116/><V126/><F115/><W59/><G118/><T74/><D106/><U51/><E121/><V11/><F109/><W28/><G108/><T128/><D111/><U8/><E114/><V21/><F36/><W93/><G75/><T35/><D12/><U22/><E73/><V96/><F126/><W83/><G104/><T64/><D74/><U49/><E102/><V20/><F34/><W0/><G0/><T44/><D44/><U95/><N who="1" m="12288" /><DORA hai="39" /><U113/><E113/><V15/><F130/><W81/><G59/><T33/><D33/><U123/><E55/><V120/><F120/><W107/><G107/><T38/><D38/><U112/><E112/><V80/><F58/><W3/><G3/><T90/><D64/><U5/><REACH who="1" step="1"/><E123/><REACH who="1" ten="327,163,250,250" step="2"/><V99/><REACH who="2" step="1"/><F105/><REACH who="2" ten="327,163,240,250" step="2"/><W86/><G101/><T135/><D119/><U14/><E14/><V62/><F62/><W54/><G103/><T124/><D61/><U57/><E57/><V37/><F37/><W40/><G67/><T72/><D63/><U131/><E131/><V125/><F125/><W60/><G66/><T76/><D124/><U84/><AGARI ba="1,2" hai="5,8,13,17,22,26,84,89,95,132,133" m="12288" machi="84" ten="40,5200,0" yaku="1,1,0,1,53,1" doraHai="43,39" doraHaiUra="127,82" who="1" fromWho="1" sc="327,-27,163,75,240,-14,250,-14" /><INIT seed="1,0,0,5,2,77" ten="300,238,226,236" oya="1" hai0="119,35,42,83,56,133,57,34,18,111,132,70,121" hai1="91,8,40,23,27,135,38,105,64,25,123,95,26" hai2="113,120,52,72,87,117,39,61,89,90,110,4,68" hai3="31,58,46,1,16,104,51,59,32,0,47,106,28"/><U108/><E123/><V116/><F120/><W93/><G93/><T41/><D121/><U112/><E112/><V65/><F113/><W63/><G51/><T6/><D119/><U73/><E105/><V17/><F72/><W126/><G126/><T15/><D70/><U96/><E73/><V43/><F110/><W78/><G78/><T53/><D6/><U129/><E108/><V107/><F107/><W11/><G11/><T98/><D98/><U5/><E64/><V131/><F4/><W21/><G21/><T76/><D111/><U134/><E129/><V48/><F131/><W3/><G3/><T20/><D34/><U19/><E40/><N who="0" m="15465" /><D53/><U36/><E26/><V102/><F17/><W80/><G16/><N who="0" m="10271" /><D35/><U67/><E27/><V12/><F12/><W97/><G97/><T37/><D37/><U122/><E67/><V62/><F62/><W10/><G10/><T74/><D18/><U9/><E9/><V60/><F102/><W86/><G32/><T130/><D130/><U14/><REACH who="1" step="1"/><E122/><REACH who="1" ten="300,228,226,236" step="2"/><V7/><F116/><W45/><G104/><T54/><D54/><U79/><E79/><V101/><F117/><W69/><G106/><T115/><D115/><U2/><E2/><V30/><F43/><W66/><G1/><T55/><D55/><U13/><E13/><V85/><F65/><W128/><G0/><T82/><D76/><U24/><E24/><V100/><F52/><W118/><G128/><T71/><D74/><U127/><E127/><V22/><F39/><AGARI ba="0,1" hai="5,8,14,19,23,25,36,38,39,91,95,96,134,135" machi="39" ten="40,3900,0" yaku="1,1,53,1" doraHai="77" doraHaiUra="94" who="1" fromWho="2" sc="300,0,228,49,226,-39,236,0" /><INIT seed="1,1,0,2,5,53" ten="300,277,187,236" oya="1" hai0="59,10,93,58,3,110,23,105,2,47,50,14,91" hai1="55,126,7,67,125,124,6,46,88,79,31,128,5" hai2="118,33,60,97,12,51,0,66,35,96,64,26,43" hai3="122,117,1,121,84,119,115,86,20,24,129,87,29"/><U27/><E79/><V130/><F118/><N who="3" m="45067" /><G115/><T45/><D110/><U133/><E133/><V70/><F0/><W95/><G1/><T100/><D2/><U17/><E67/><V42/><F130/><W80/><G129/><T112/><D112/><U36/><E128/><V65/><F70/><W85/><G95/><T75/><D75/><U40/><E17/><V69/><F69/><W13/><G13/><T90/><D3/><U15/><E55/><V44/><F42/><W9/><G9/><T106/><D23/><U82/><E15/><V78/><F78/><AGARI ba="1,0" hai="20,24,29,78,80,84,85,86,87,121,122" m="45067" machi="78" ten="30,1000,0" yaku="12,1" doraHai="53" who="3" fromWho="2" sc="300,0,277,0,187,-13,236,13" /><INIT seed="2,0,0,1,2,96" ten="300,277,174,249" oya="2" hai0="49,27,129,47,13,130,73,86,83,74,100,94,81" hai1="125,62,87,80,19,53,21,75,36,38,93,106,124" hai2="20,134,4,25,52,112,118,63,72,42,65,46,16" hai3="132,68,55,79,50,1,105,85,119,2,15,91,110"/><V45/><F112/><W22/><G119/><T29/><D13/><U108/><E106/><V44/><F118/><W39/><G39/><T23/><D100/><U128/><E108/><V69/><F72/><W122/><G122/><T6/><D6/><U43/><E93/><V113/><F113/><W95/><G110/><T41/><D94/><U66/><E53/><V135/><F4/><W8/><G68/><T60/><D60/><U71/><E75/><V103/><F103/><W35/><G35/><T37/><D37/><U115/><E115/><V24/><F42/><W10/><G105/><T31/><D31/><U78/><E128/><N who="0" m="49257" /><D81/><U127/><REACH who="1" step="1"/><E43/><REACH who="1" ten="300,267,174,249" step="2"/><V92/><F92/><W33/><G95/><T102/><D102/><U117/><E117/><V126/><F126/><W76/><G132/><N who="2" m="50729" /><F25/><AGARI ba="0,1" hai="19,21,25,36,38,62,66,71,78,80,87,124,125,127" machi="25" ten="40,8000,1" yaku="1,1,18,1,53,2" doraHai="96" doraHaiUra="70" who="1" fromWho="2" sc="300,0,267,90,174,-80,249,0" /><INIT seed="3,0,0,2,2,86" ten="300,357,94,249" oya="3" hai0="124,28,57,40,74,25,129,110,106,59,105,39,18" hai1="21,13,22,113,80,61,81,60,115,35,100,99,97" hai2="92,112,15,123,1,117,36,16,131,7,10,93,133" hai3="68,11,104,66,127,20,135,17,50,44,118,119,8"/><W47/><G135/><T30/><D110/><U103/><E13/><V55/><F36/><W27/><G127/><T4/><D124/><U3/><E35/><V12/><F112/><W45/><G104/><T73/><D4/><U23/><E23/><V89/><F117/><W58/><G68/><T75/><D129/><U2/><AGARI ba="0,0" hai="2,3,21,22,60,61,80,81,97,99,100,103,113,115" machi="2" ten="25,3200,0" yaku="0,1,22,2" doraHai="86" who="1" fromWho="1" sc="300,-8,357,32,94,-8,249,-16" owari="292,9.2,389,48.9,86,-41.4,233,-16.7" /></mjloggm>