<mjloggm ver="2.3"><GO type="225" lobby="0"/><UN n0="%68%7A%63" n1="%E6%81%A5%E6%99%92%E3%81%97" n2="%E3%83%B4%E3%83%A0%EF%BC%99%E3%81%A6" n3="%E3%83%A2%E3%83%B3%E3%82%AD%E3%83%BC%E3%83%88%E3%83%AA%E3%83%83%E3%82%AF" dan="18,16,16,16" rate="2242.36,2164.97,2160.35,2148.26" sx="M,M,M,M"/><TAIKYOKU oya="0"/><INIT seed="0,0,0,4,0,133" ten="250,250,250,250" oya="0" hai0="105,106,7,45,38,118,48,36,31,66,68,53,2" hai1="14,16,92,103,115,18,5,35,85,101,27,58,54" hai2="135,104,1,99,25,71,65,102,95,17,28,59,83" hai3="49,6,70,39,26,64,124,100,108,61,60,55,87"/><T132/><D118/><U56/><E115/><V21/><F135/><W50/><G39/><T123/><D123/><U77/><E35/><V40/><F1/><W116/><G116/><T9/><D132/><U122/><E122/><V19/><F71/><W134/><G108/><T20/><D66/><U90/><E77/><V62/><F104/><W76/><G134/><T3/><D68/><U72/><E72/><V73/><F40/><W120/><G120/><T24/><REACH who="0" step="1"/><D2/><REACH who="0" ten="240,250,250,250" step="2"/><U0/><E0/><V114/><F114/><W111/><G70/><T112/><D112/><U117/><E117/><V93/><F73/><W126/><G64/><T91/><D91/><U30/><E101/><V10/><F83/><N who="3" m="47591" /><G100/><T86/><D86/><U42/><E103/><V57/><F102/><W107/><G111/><T79/><D79/><U96/><E85/><V32/><F65/><W125/><G107/><AGARI ba="0,1" hai="3,7,9,20,24,31,36,38,45,48,53,105,106,107" machi="107" ten="40,3900,0" yaku="1,1,53,1" doraHai="133" doraHaiUra="46" who="0" fromWho="3" sc="240,49,250,0,250,0,250,-39" /><INIT seed="0,1,0,1,4,39" ten="289,250,250,211" oya="0" hai0="126,120,13,31,131,27,61,106,130,117,87,89,74" hai1="124,127,119,121,16,9,70,50,33,83,59,95,111" hai2="69,0,114,3,135,5,44,58,22,25,1,134,11" hai3="54,102,49,80,51,29,86,32,34,99,45,53,35"/><T125/><D74/><U73/><E119/><V24/><F69/><W65/><G65/><T90/><D117/><U97/><E121/><V67/><F67/><W47/><G29/><T93/><D106/><U104/><E104/><V71/><F71/><W14/><G14/><T66/><D13/><N who="1" m="7215" /><E70/><V62/><F114/><W12/><G12/><T91/><D120/><U36/><E33/><V79/><F79/><W98/><REACH who="3" step="1"/><G102/><REACH who="3" ten="289,250,250,201" step="2"/><T92/><D31/><U4/><E4/><V63/><F5/><W112/><G112/><T23/><D66/><U100/><E100/><V77/><F0/><W41/><G41/><T122/><D122/><U72/><E124/><V82/><F1/><W68/><G68/><T6/><D126/><U107/><E127/><V123/><F3/><W48/><G48/><T85/><D6/><U129/><E50/><V57/><F123/><W15/><G15/><T101/><D125/><U38/><E36/><V81/><F62/><W55/><G55/><T94/><D61/><U19/><E38/><V128/><F63/><W60/><G60/><T56/><D101/><U26/><E26/><V108/><F24/><W64/><G64/><T115/><D115/><U43/><E43/><V2/><F25/><W110/><G110/><T17/><D56/><U116/><E59/><V20/><F57/><W30/><G30/><T40/><D40/><U52/><E111/><V18/><F2/><W113/><G113/><T10/><D10/><U28/><E52/><V8/><F8/><W84/><G84/><AGARI ba="1,1" hai="17,23,27,84,85,87,89,90,91,92,93,94,130,131" machi="84" ten="40,2000,0" yaku="9,1" doraHai="39" who="0" fromWho="3" sc="289,33,250,0,250,0,201,-23" /><INIT seed="0,2,0,0,2,98" ten="322,250,250,178" oya="0" hai0="125,47,43,106,31,88,110,25,77,56,65,85,26" hai1="92,13,135,16,130,58,124,59,0,94,69,93,29" hai2="76,22,10,108,51,8,74,119,71,116,81,11,75" hai3="40,100,34,4,128,64,91,127,126,50,113,35,30"/><T36/><D125/><N who="3" m="47625" /><G113/><T5/><D106/><U9/><E124/><V45/><F71/><W39/><G39/><T102/><D102/><U99/><E69/><V42/><F108/><W123/><G123/><T132/><D132/><U80/><E135/><V7/><F22/><W131/><G64/><T19/><D110/><U72/><E130/><N who="3" m="49706" /><G4/><T54/><D77/><U96/><E0/><V14/><F74/><W121/><G121/><T66/><D5/><U2/><E2/><V21/><F21/><W109/><G109/><T33/><D19/><U12/><E29/><V17/><REACH who="2" step="1"/><F11/><REACH who="2" ten="322,250,240,178" step="2"/><W28/><G35/><T62/><D25/><U15/><E72/><V84/><F84/><W38/><G34/><T18/><D18/><U103/><E99/><V112/><F112/><W55/><G28/><T23/><D33/><U46/><E9/><V24/><F24/><W61/><G30/><T67/><D67/><U134/><E134/><V6/><F6/><W48/><G38/><T133/><D133/><U122/><E122/><V115/><F115/><W20/><G20/><T101/><D66/><U53/><E16/><V86/><F86/><W1/><G1/><AGARI ba="2,1" hai="1,7,8,10,14,17,42,45,51,75,76,81,116,119" machi="1" ten="40,1300,0" yaku="1,1,53,0" doraHai="98" doraHaiUra="68" who="2" fromWho="3" sc="322,0,250,0,240,29,178,-19" /><INIT seed="1,0,0,2,4,43" ten="322,250,269,159" oya="1" hai0="77,64,68,94,25,6,45,127,56,61,7,81,111" hai1="74,23,114,123,72,52,70,131,18,17,55,26,115" hai2="92,102,113,28,60,87,2,29,57,12,31,38,0" hai3="82,22,44,73,27,93,96,135,36,19,35,67,117"/><U86/><E123/><V104/><F113/><W99/><G117/><T129/><D111/><U85/><E70/><V106/><F38/><W133/><G67/><T13/><D129/><U126/><E131/><V69/><F69/><W95/><G35/><T51/><D127/><U8/><E8/><V50/><F50/><W105/><G105/><T49/><D94/><U48/><E48/><V40/><F40/><N who="3" m="22535" /><G82/><T21/><D68/><U132/><E23/><V4/><F12/><W33/><G73/><T3/><D3/><U121/><E26/><V63/><F63/><W124/><G33/><T107/><D107/><U14/><E14/><V101/><F104/><W128/><G128/><T71/><D71/><U10/><E10/><V42/><F42/><W39/><G124/><T100/><D100/><U32/><E32/><V24/><F24/><W11/><G11/><T120/><D120/><U90/><E121/><V108/><F106/><W91/><G39/><T119/><D119/><U98/><E126/><V34/><F34/><W15/><G27/><T65/><D65/><U41/><E41/><V125/><F125/><W62/><G62/><T116/><D116/><U134/><E98/><N who="3" m="37418" /><G91/><AGARI ba="0,0" hai="17,18,52,55,72,74,85,86,90,91,114,115,132,134" machi="91" ten="25,4800,0" yaku="22,2,54,1" doraHai="43" who="1" fromWho="3" sc="322,0,250,48,269,0,159,-48" /><INIT seed="1,1,0,5,2,4" ten="322,298,269,111" oya="1" hai0="63,88,58,112,80,125,60,113,121,102,126,29,124" hai1="66,70,74,106,110,42,104,71,93,94,133,53,13" hai2="55,33,95,84,114,67,79,91,26,47,98,12,40" hai3="119,65,20,81,90,8,7,82,83,99,64,41,21"/><U101/><E74/><V129/><F129/><W3/><G119/><T116/><D116/><U1/><E1/><V38/><F114/><N who="0" m="44138" /><D121/><U111/><E42/><V15/><F67/><W45/><G64/><T132/><D132/><U115/><E115/><V85/><F55/><W96/><G65/><T105/><D29/><U39/><E66/><V5/><F12/><W103/><G90/><T27/><D27/><U134/><E53/><V108/><F108/><N who="1" m="41513" /><E39/><V77/><F77/><W23/><REACH who="3" step="1"/><G103/><REACH who="3" ten="322,298,269,101" step="2"/><T17/><D102/><U68/><E101/><V25/><F91/><W78/><G78/><T49/><D88/><U75/><E75/><V6/><F79/><W11/><G11/><T0/><D126/><U62/><E133/><V100/><F100/><W131/><G131/><T30/><D125/><U69/><E134/><V118/><F118/><W59/><G59/><T46/><D58/><U9/><E71/><V72/><F72/><W128/><G128/><T48/><D124/><U50/><E70/><V19/><F84/><W117/><G117/><T14/><D46/><U92/><E69/><V32/><F85/><W24/><G24/><T34/><D80/><U107/><E68/><V54/><F25/><W76/><G76/><T2/><D34/><U51/><E62/><V28/><F32/><W36/><AGARI ba="1,1" hai="3,7,8,20,21,23,36,41,45,81,82,83,96,99" machi="36" ten="30,12000,2" yaku="1,1,0,1,52,1,53,3" doraHai="4" doraHaiUra="18" who="3" fromWho="3" sc="322,-31,298,-61,269,-31,101,133" /><INIT seed="2,0,0,0,5,19" ten="291,237,238,234" oya="2" hai0="123,55,115,53,58,66,109,91,73,1,96,31,105" hai1="114,71,99,24,129,50,100,69,54,51,33,84,65" hai2="41,134,56,78,47,4,128,16,5,3,7,60,10" hai3="110,32,106,26,42,14,40,126,23,97,18,29,116"/><V22/><F128/><W89/><G116/><T86/><D115/><U125/><E114/><V79/><F134/><W12/><G106/><T111/><D123/><U11/><E129/><V117/><F117/><W77/><G110/><N who="0" m="41995" /><D73/><U2/><E50/><N who="2" m="26991" /><F10/><W36/><G77/><N who="2" m="29193" /><F3/><W6/><G126/><T112/><D1/><U44/><E125/><V67/><F4/><W17/><G36/><T131/><D112/><U61/><E84/><V133/><F133/><W113/><G113/><T13/><D131/><U52/><E11/><V103/><F103/><W28/><G6/><T43/><D43/><N who="1" m="24991" /><E71/><V107/><F107/><W62/><G28/><T63/><D31/><N who="1" m="19687" /><E2/><V64/><F67/><W27/><G27/><AGARI ba="0,0" hai="5,7,16,22,27,56,60,64" m="29193,26991" machi="27" ten="30,5800,0" yaku="8,1,52,1,54,1" doraHai="19" who="2" fromWho="3" sc="291,0,237,0,238,58,234,-58" /><INIT seed="2,1,0,4,4,108" ten="291,237,296,176" oya="2" hai0="133,11,102,12,42,63,115,1,69,95,21,103,62" hai1="85,25,26,5,125,51,122,100,80,22,127,111,30" hai2="59,104,37,43,114,123,132,17,101,2,131,32,53" hai3="9,121,50,97,77,109,81,124,94,119,92,60,112"/><V135/><F123/><W36/><G121/><T99/><D133/><N who="2" m="51274" /><F32/><W73/><G36/><T126/><D115/><U3/><E122/><V74/><F74/><W34/><G119/><T89/><D126/><U23/><E100/><N who="0" m="38441" /><D69/><U0/><E51/><V66/><F2/><W20/><G60/><N who="0" m="23083" /><D1/><U41/><E41/><V8/><F66/><W78/><G9/><T45/><D21/><U56/><E56/><V106/><F131/><W75/><G109/><T105/><D105/><U71/><E71/><V76/><F76/><W40/><G20/><T47/><D42/><U38/><E38/><V120/><F120/><W68/><G34/><T28/><D28/><U46/><E111/><V33/><F33/><W13/><G68/><T16/><AGARI ba="1,0" hai="11,12,16,45,47,89,95,99" m="23083,38441" machi="16" ten="30,2000,0" yaku="8,1,54,1" doraHai="108" who="0" fromWho="0" sc="291,23,237,-6,296,-11,176,-6" /><INIT seed="3,0,0,3,1,6" ten="314,231,285,170" oya="3" hai0="66,3,1,93,7,54,47,116,5,101,46,4,113" hai1="73,69,13,51,85,37,18,74,61,106,48,32,86" hai2="91,123,122,14,12,109,29,9,131,35,26,45,68" hai3="23,63,121,27,114,65,38,80,130,96,31,129,15"/><W78/><G38/><T115/><D116/><U95/><E106/><V82/><F68/><W87/><G121/><N who="2" m="46089" /><F109/><W36/><G36/><T100/><D66/><U20/><E32/><V102/><F102/><N who="0" m="39530" /><D93/><U22/><E37/><V11/><F131/><W43/><G114/><N who="0" m="43531" /><D54/><U59/><E69/><V10/><F45/><AGARI ba="0,0" hai="1,3,4,5,7,45,46,47" m="43531,39530" machi="45" ten="40,5200,0" yaku="28,2,11,1" doraHai="6" who="0" fromWho="2" sc="314,52,231,0,285,-52,170,0" owari="366,46.6,231,-16.9,233,3.3,170,-33.0" /></mjloggm>