<mjloggm ver="2.3"><GO type="225" lobby="0"/><UN n0="%E3%83%A9%E3%82%A4%E3%83%B3%E3%81%AE%E8%99%8E" n1="%E6%98%93%E5%88%A9%E8%96%A9%E4%BC%AF" n2="%E6%9C%88%E5%B3%B6%E5%9F%BA" n3="%E3%83%94%E3%83%B3%E3%82%B5%E3%83%AD%E5%BA%97%E5%93%A1" dan="16,17,16,16" rate="2148.62,2171.12,2024.65,2132.75" sx="M,F,M,M"/><TAIKYOKU oya="0"/><INIT seed="0,0,0,0,4,27" ten="250,250,250,250" oya="0" hai0="14,102,24,66,58,17,113,69,37,3,95,74,106" hai1="29,89,90,116,83,67,54,44,50,82,49,105,30" hai2="65,13,62,110,34,41,101,19,6,72,77,21,126" hai3="87,100,92,16,103,52,112,88,31,135,28,114,22"/><T107/><D113/><U71/><E105/><V7/><F34/><W109/><G109/><T120/><D120/><U128/><E116/><V15/><F110/><W117/><G117/><T5/><D74/><U48/><E128/><V53/><F126/><W84/><G135/><T42/><D69/><U80/><E71/><V32/><F32/><W119/><G119/><T20/><D3/><U85/><E67/><V129/><F129/><W12/><G114/><T111/><D111/><U130/><E130/><V8/><F41/><W124/><G112/><T25/><D37/><U104/><E104/><V76/><F101/><N who="3" m="38987" /><G124/><T115/><D115/><U10/><E10/><V4/><F53/><W118/><G118/><T68/><D68/><U63/><E63/><V123/><F123/><W122/><G122/><T43/><D106/><U1/><E1/><V39/><F39/><W93/><G52/><T57/><D107/><U70/><E70/><V96/><F96/><W60/><G60/><N who="0" m="38159" /><D58/><U56/><E90/><AGARI ba="0,0" hai="12,16,22,28,31,84,87,88,90,92,93" m="38987" machi="90" ten="30,8000,1" yaku="8,1,52,2,54,2" doraHai="27" who="3" fromWho="1" sc="250,0,250,-80,250,0,250,80" /><INIT seed="1,0,0,4,1,117" ten="250,170,250,330" oya="1" hai0="53,123,12,0,128,101,68,41,28,31,99,48,124" hai1="64,66,47,30,27,40,36,121,113,60,19,43,55" hai2="111,70,42,96,91,25,108,81,58,29,71,5,87" hai3="109,57,69,132,44,125,112,1,56,62,35,18,102"/><U79/><E113/><V73/><F73/><W135/><G1/><T105/><D0/><U22/><E43/><V46/><F5/><W21/><G35/><T110/><D110/><N who="2" m="42026" /><F96/><W77/><G109/><T119/><D119/><U50/><E121/><V11/><F11/><W100/><G77/><T133/><D133/><N who="3" m="51273" /><G44/><T8/><D68/><U24/><E79/><V129/><F58/><N who="3" m="22635" /><G125/><T130/><D124/><U33/><REACH who="1" step="1"/><E60/><REACH who="1" ten="250,160,250,330" step="2"/><V23/><F129/><W118/><G112/><T74/><D41/><U4/><E4/><V61/><F61/><W78/><G78/><T32/><D128/><U45/><AGARI ba="0,1" hai="19,22,24,27,30,33,36,40,45,47,50,55,64,66" machi="45" ten="20,7800,0" yaku="1,1,0,1,7,1,53,1" doraHai="117" doraHaiUra="13" who="1" fromWho="1" sc="250,-26,160,88,250,-26,330,-26" /><INIT seed="1,1,0,0,0,60" ten="224,248,224,304" oya="1" hai0="25,111,67,78,62,58,70,82,55,77,34,56,14" hai1="80,28,43,24,81,11,99,66,72,115,102,93,109" hai2="27,30,91,47,31,94,12,95,132,74,92,86,110" hai3="6,128,134,126,1,29,46,97,18,50,51,3,119"/><U0/><E115/><V90/><F74/><W23/><G29/><T33/><D111/><U5/><E109/><V35/><F110/><W133/><G128/><T104/><D104/><U4/><E4/><V8/><F132/><N who="3" m="50795" /><G126/><T13/><D77/><U38/><E72/><V44/><F31/><W76/><G119/><T116/><D116/><U48/><E38/><V15/><F15/><N who="3" m="9695" /><G76/><T113/><D113/><U16/><E66/><V135/><F135/><W20/><G20/><T120/><D120/><U118/><E118/><V17/><REACH who="2" step="1"/><F94/><REACH who="2" ten="224,248,214,304" step="2"/><W71/><G3/><T100/><D14/><U79/><E16/><V98/><AGARI ba="1,1" hai="8,12,17,27,30,35,44,47,86,90,91,92,95,98" machi="98" ten="20,5200,0" yaku="1,1,2,1,0,1,7,1,53,0" doraHai="60" doraHaiUra="103" who="2" fromWho="2" sc="224,-14,248,-27,214,65,304,-14" /><INIT seed="2,0,0,0,3,130" ten="210,221,279,290" oya="2" hai0="37,51,82,102,72,32,53,13,54,84,14,79,9" hai1="116,24,107,19,112,100,74,101,92,95,88,0,99" hai2="108,71,125,41,49,78,117,114,105,98,63,109,66" hai3="110,69,1,135,23,44,104,120,81,31,42,127,118"/><V121/><F114/><W33/><RYUUKYOKU type="yao9" ba="0,0" sc="210,0,221,0,279,0,290,0" hai3="1,23,31,33,42,44,69,81,104,110,118,120,127,135" /><INIT seed="2,1,0,5,0,120" ten="210,221,279,290" oya="2" hai0="28,33,1,57,17,26,118,56,53,51,129,105,35" hai1="85,115,122,130,94,21,124,77,44,7,13,95,16" hai2="79,10,83,134,93,82,41,126,116,12,38,54,113" hai3="92,102,40,47,63,45,8,114,32,20,2,27,109"/><V87/><F113/><W65/><G32/><T100/><D1/><U52/><E115/><V70/><F116/><W42/><G114/><T61/><D118/><U48/><E122/><V104/><F104/><W3/><G109/><T99/><D129/><U123/><E123/><V62/><F126/><W22/><G102/><T71/><D17/><U55/><E124/><V36/><F134/><W60/><G92/><T110/><D35/><U67/><E130/><V43/><F38/><W103/><G8/><T74/><D74/><U135/><E135/><V108/><F36/><W46/><G103/><T128/><D128/><U98/><E67/><V96/><F108/><W111/><G111/><T58/><REACH who="0" step="1"/><D110/><REACH who="0" ten="200,221,279,290" step="2"/><U97/><E7/><N who="2" m="3167" /><F70/><W18/><G3/><T68/><D68/><U6/><E6/><V30/><F30/><N who="3" m="17767" /><G2/><T127/><D127/><U29/><E29/><V59/><F83/><W80/><G80/><T49/><D49/><N who="1" m="28711" /><E95/><V91/><AGARI ba="1,1" hai="41,43,54,59,62,79,82,87,91,93,96" m="3167" machi="91" ten="30,1500,0" yaku="8,1" doraHai="120" who="2" fromWho="2" sc="200,-6,221,-6,279,28,290,-6" /><INIT seed="2,2,0,4,3,17" ten="194,215,307,284" oya="2" hai0="27,39,121,30,74,70,49,122,36,41,35,15,61" hai1="113,71,43,40,110,105,57,67,119,120,44,130,90" hai2="95,13,18,96,10,46,19,115,98,75,45,37,126" hai3="124,3,88,66,104,54,31,9,32,58,100,28,20"/><V83/><F115/><W25/><G66/><T7/><D74/><U22/><E105/><V65/><F126/><W89/><G124/><T127/><D127/><U12/><E113/><V134/><F134/><W68/><G68/><T129/><D129/><U77/><E119/><V112/><F112/><W29/><G104/><T94/><D49/><U135/><E71/><V109/><F109/><W53/><G100/><T128/><D128/><U72/><E110/><V14/><F65/><W84/><G32/><T80/><D80/><U42/><E130/><V73/><F37/><W101/><G101/><T47/><D39/><U11/><E120/><V0/><F0/><W6/><G54/><T133/><D133/><U85/><E72/><V5/><F5/><W79/><G79/><T102/><D94/><U131/><E77/><V48/><F83/><W26/><G26/><T51/><D102/><U97/><E97/><V62/><F96/><W116/><G116/><T52/><D15/><U33/><E33/><V21/><F62/><W34/><G34/><T16/><D7/><U8/><E44/><V125/><F46/><W76/><G76/><T69/><D16/><N who="1" m="10503" /><E135/><V118/><F118/><W111/><G111/><T1/><D1/><U92/><E131/><V87/><F125/><W82/><G89/><T4/><D4/><U132/><E132/><V56/><F75/><W103/><G103/><T93/><D70/><U114/><E114/><V123/><F123/><W86/><G86/><T38/><D38/><U63/><AGARI ba="2,0" hai="8,11,40,42,43,57,63,67,85,90,92" m="10503" machi="63" ten="30,4000,0" yaku="8,1,52,1,54,1" doraHai="17" who="1" fromWho="1" sc="194,-12,215,46,307,-22,284,-12" /><INIT seed="3,0,0,5,2,68" ten="182,261,285,272" oya="3" hai0="61,87,120,54,94,12,1,129,50,52,60,115,44" hai1="7,36,127,77,6,134,45,30,101,118,119,51,98" hai2="40,34,56,67,109,26,107,95,82,111,123,91,70" hai3="84,16,21,135,28,22,72,18,122,112,15,92,96"/><W78/><G112/><T93/><D1/><U116/><E134/><V132/><F132/><W81/><G135/><T19/><D120/><U0/><E127/><V117/><F117/><W41/><G122/><T62/><D129/><U47/><E77/><V31/><F123/><W114/><G114/><T108/><D108/><N who="2" m="41546" /><F107/><W4/><G28/><T59/><D115/><U25/><E36/><V102/><F70/><W49/><G4/><N who="1" m="1578" /><E51/><V14/><F102/><W79/><G79/><T17/><D17/><U103/><E0/><V2/><F2/><W73/><G41/><T74/><D74/><U33/><E103/><V80/><F14/><W69/><G49/><N who="0" m="31119" /><D87/><U32/><E32/><V131/><F40/><W39/><G39/><T9/><AGARI ba="0,0" hai="9,12,19,44,50,54,60,61,62,93,94" m="31119" machi="9" ten="30,2000,0" yaku="8,1,54,1" doraHai="68" who="0" fromWho="0" sc="182,20,261,-5,285,-5,272,-10" /><INIT seed="4,0,0,0,0,106" ten="202,256,280,262" oya="0" hai0="16,135,73,49,2,65,25,105,82,23,107,84,45" hai1="13,74,83,47,15,39,0,19,77,62,32,18,17" hai2="111,97,112,129,86,68,21,7,127,103,114,40,57" hai3="110,133,10,124,63,131,9,28,132,4,44,31,128"/><T41/><D135/><N who="3" m="51785" /><G63/><T113/><D113/><N who="2" m="43626" /><F111/><W59/><G59/><T134/><D134/><U119/><E119/><V102/><F68/><W91/><G44/><T37/><D2/><U12/><E12/><V56/><BYE who="1" /><F129/><N who="3" m="49739" /><G91/><T29/><D65/><U87/><E87/><V80/><F127/><W50/><G50/><T93/><D29/><N who="3" m="11337" /><G110/><UN n1="%E6%98%93%E5%88%A9%E8%96%A9%E4%BC%AF" /><T67/><D67/><U94/><E32/><V53/><F57/><W66/><G66/><T71/><D71/><U8/><E62/><V121/><F40/><W64/><G64/><T58/><D93/><U30/><E94/><V123/><F53/><W99/><G99/><T109/><D109/><U52/><E52/><V130/><F56/><W61/><G61/><T126/><D126/><U104/><E47/><V22/><F97/><W118/><G124/><T89/><REACH who="0" step="1"/><D73/><REACH who="0" ten="192,256,280,262" step="2"/><U20/><E74/><V60/><F130/><W46/><G118/><T1/><D1/><U26/><E0/><V88/><F121/><W24/><G46/><T101/><D101/><U38/><E104/><V42/><F103/><W92/><G92/><T72/><D72/><U116/><E116/><V33/><F123/><W76/><G76/><T75/><D75/><U27/><E77/><V70/><F102/><W51/><G51/><T85/><D85/><U5/><E30/><V117/><F86/><W115/><G115/><T54/><AGARI ba="0,1" hai="16,23,25,37,41,45,49,54,58,82,84,89,105,107" machi="54" ten="30,6000,0" yaku="1,1,0,1,54,1,53,0" doraHai="106" doraHaiUra="34" who="0" fromWho="0" sc="192,70,256,-20,280,-20,262,-20" /><INIT seed="4,1,0,0,4,88" ten="262,236,260,242" oya="0" hai0="25,53,99,78,6,73,134,72,69,36,15,117,100" hai1="130,26,13,126,95,58,112,135,4,96,22,30,83" hai2="120,109,16,132,121,76,107,50,42,90,31,89,122" hai3="39,45,37,87,61,63,102,101,79,133,115,106,82"/><T124/><D117/><U77/><E130/><V5/><F109/><W70/><G115/><T47/><D69/><U1/><E1/><V104/><F5/><W23/><G133/><T65/><D65/><U67/><E135/><V8/><F132/><W19/><G106/><T17/><D124/><U110/><E110/><V86/><F31/><W29/><G29/><T75/><D6/><U125/><E112/><V43/><F76/><W74/><G74/><T57/><D25/><U2/><E2/><V91/><F86/><W60/><G70/><T59/><D78/><U34/><E67/><V116/><F116/><W108/><G108/><T21/><D134/><U127/><E58/><V131/><F131/><W80/><G80/><T0/><D0/><U18/><E4/><V103/><F103/><W92/><G45/><T10/><D10/><U123/><E123/><V12/><REACH who="2" step="1"/><F50/><REACH who="2" ten="262,236,250,242" step="2"/><W35/><G102/><T27/><D73/><N who="1" m="43439" /><E96/><V129/><F129/><W20/><G35/><T114/><D75/><U81/><E81/><V24/><F24/><W44/><G37/><T7/><D72/><U32/><E32/><V38/><F38/><W40/><REACH who="3" step="1"/><G19/><REACH who="3" ten="262,236,250,232" step="2"/><T11/><D114/><U119/><E119/><V71/><F71/><W94/><G94/><AGARI ba="1,2" hai="13,18,22,26,30,34,94,95,125,126,127" m="43439" machi="94" ten="30,3900,0" yaku="18,1,52,2" doraHai="88" who="1" fromWho="3" sc="262,0,236,62,250,0,232,-42" /><INIT seed="5,0,0,2,4,26" ten="262,298,250,190" oya="1" hai0="105,44,89,91,40,79,5,16,9,63,86,117,118" hai1="127,24,66,77,64,109,52,19,83,115,20,49,42" hai2="121,123,7,134,61,36,133,73,46,120,110,60,85" hai3="88,30,62,135,103,41,78,34,59,51,119,58,75"/><U125/><E115/><V124/><F73/><W28/><G103/><T53/><D105/><U106/><E42/><N who="2" m="22855" /><F7/><W71/><G34/><T2/><D79/><U48/><E48/><V108/><F85/><W99/><G71/><T67/><D53/><U6/><E6/><V27/><F27/><W104/><G75/><T94/><D89/><U29/><E19/><V56/><F124/><N who="1" m="47689" /><E109/><N who="2" m="42091" /><F61/><W25/><G78/><T116/><D16/><U14/><E14/><V45/><F45/><N who="3" m="26031" /><G104/><T98/><D98/><U100/><E100/><V3/><F3/><W15/><G25/><T47/><REACH who="0" step="1"/><D40/><REACH who="0" ten="252,298,250,190" step="2"/><U65/><E106/><V21/><F123/><W97/><G119/><T74/><D74/><N who="1" m="43447" /><E66/><V96/><F121/><W43/><G43/><T107/><D107/><U95/><E95/><V113/><F120/><W82/><G135/><T38/><D38/><U18/><E18/><V23/><F134/><W8/><G99/><T37/><D37/><U13/><E13/><V0/><F96/><W101/><G101/><T22/><D22/><U32/><E32/><V35/><F35/><W72/><G72/><T90/><D90/><U68/><E68/><AGARI ba="0,1" hai="2,5,9,44,47,63,67,68,86,91,94,116,117,118" machi="68" ten="40,1300,0" yaku="1,1,53,0" doraHai="26" doraHaiUra="111" who="0" fromWho="1" sc="252,23,298,-13,250,0,190,0" /><INIT seed="6,0,0,2,2,12" ten="275,285,250,190" oya="2" hai0="9,22,124,13,81,113,108,109,35,16,55,23,7" hai1="117,135,51,17,104,103,83,0,67,72,40,60,128" hai2="75,66,18,120,42,27,73,41,61,110,64,74,31" hai3="49,125,126,95,58,130,34,52,112,69,91,45,4"/><V3/><F120/><W114/><G34/><T86/><D35/><U80/><E0/><V105/><F110/><W19/><G69/><T119/><D113/><N who="3" m="43625" /><G4/><T53/><D124/><N who="3" m="47721" /><G130/><T84/><D119/><U76/><E83/><V70/><F3/><W54/><G19/><T96/><D96/><U47/><E17/><V134/><F134/><W5/><G5/><T121/><D121/><U82/><E135/><V99/><F64/><W36/><G36/><T28/><D108/><U107/><E117/><V63/><F63/><W30/><G30/><T115/><D109/><U87/><E60/><V6/><F6/><W92/><G91/><T33/><D33/><U122/><E67/><V8/><F31/><W44/><G44/><T132/><D28/><U38/><E47/><V2/><F2/><W50/><AGARI ba="0,0" hai="45,49,50,52,54,58,92,95" m="47721,43625" machi="50" ten="40,8000,1" yaku="15,1,11,1,18,1,54,1" doraHai="12" who="3" fromWho="3" sc="275,-20,285,-20,250,-40,190,80" /><INIT seed="7,0,0,1,0,24" ten="255,265,210,270" oya="3" hai0="12,48,81,17,43,29,62,31,104,32,113,28,88" hai1="42,74,21,58,9,102,55,35,47,20,50,85,77" hai2="105,79,65,119,82,107,13,122,52,44,87,66,61" hai3="130,84,125,41,45,112,18,54,116,128,91,37,30"/><W70/><G116/><T63/><D104/><U94/><E74/><V26/><F119/><W78/><G70/><T76/><D32/><U11/><E35/><V1/><F1/><W60/><G112/><T46/><D113/><U96/><E77/><V106/><F122/><W49/><G125/><T108/><D108/><U73/><E85/><V120/><F120/><W97/><G78/><T5/><D5/><U75/><E73/><V132/><F132/><W36/><G97/><T92/><D81/><U71/><E71/><V10/><F26/><W7/><G7/><T135/><D76/><U90/><E102/><V131/><F131/><N who="3" m="50219" /><G18/><T25/><D25/><U16/><E75/><V93/><F93/><N who="3" m="54503" /><G30/><T8/><D135/><U34/><E34/><V118/><F118/><W69/><G54/><T40/><D40/><U33/><E33/><V103/><F103/><W83/><G83/><T109/><D109/><U124/><E21/><V101/><F101/><W23/><G23/><T114/><D114/><U14/><E124/><V2/><F2/><W72/><G72/><T129/><D129/><U126/><E126/><V117/><F117/><W127/><G127/><T53/><D43/><U86/><E96/><AGARI ba="0,0" hai="8,12,17,28,29,31,46,48,53,62,63,88,92,96" machi="96" ten="40,8000,1" yaku="8,1,52,3,54,1" doraHai="24" who="0" fromWho="1" sc="255,80,265,-80,210,0,270,0" owari="335,43.5,185,-31.5,210,-19.0,270,7.0" /></mjloggm>