<mjloggm ver="2.3"><GO type="225" lobby="0"/><UN n0="%E3%83%A9%E3%83%BC%E3%83%A1%E3%83%B3%E4%BA%94%E9%83%8E" n1="%E3%83%81%E3%83%83%E3%82%BF%E3%82%BD%E3%83%BC" n2="%77%72%77%72%77%72%77%72" n3="%E3%81%95%E3%82%88%E3%81%AA%E3%82%89%E3%83%9A%E3%81%BA%E3%83%9A" dan="16,16,17,16" rate="2118.13,2133.14,2176.63,2145.01" sx="M,F,M,F"/><TAIKYOKU oya="0"/><INIT seed="0,0,0,3,0,97" ten="250,250,250,250" oya="0" hai0="16,33,100,104,65,24,12,52,92,31,122,128,132" hai1="72,35,61,116,121,4,51,32,56,7,3,10,69" hai2="17,106,43,18,129,74,36,70,101,38,63,1,113" hai3="119,9,134,114,42,26,60,94,127,131,22,112,25"/><T20/><D128/><U133/><E121/><V40/><F113/><W39/><G119/><T125/><D122/><U47/><E116/><V81/><F129/><W82/><G134/><T50/><D132/><U96/><E133/><V84/><F1/><W90/><G131/><T120/><D120/><U85/><E72/><V58/><F70/><W19/><G127/><T78/><D125/><U27/><E69/><V5/><F74/><W95/><G25/><T41/><D104/><U55/><E27/><V13/><F106/><W99/><G94/><T111/><D111/><U46/><E7/><V48/><F36/><W68/><G39/><T91/><D65/><U118/><E118/><V57/><F38/><W53/><G42/><N who="2" m="15913" /><F101/><W108/><G108/><T67/><D67/><U73/><E73/><V87/><F87/><W62/><G68/><T102/><D78/><U135/><E135/><V103/><F103/><W89/><G9/><N who="0" m="6159" /><D41/><U0/><E0/><V98/><F98/><W49/><G112/><T88/><D33/><U75/><E75/><V79/><F48/><W45/><REACH who="3" step="1"/><G114/><REACH who="3" ten="250,250,250,240" step="2"/><T15/><D92/><U110/><E110/><V2/><F2/><W37/><G37/><T30/><D30/><U117/><E117/><V77/><F13/><W126/><G126/><T80/><D15/><U23/><E3/><V54/><F5/><W66/><G66/><T105/><D105/><U83/><E4/><V71/><F71/><W14/><G14/><T64/><D64/><U29/><E10/><V11/><F11/><W76/><G76/><T130/><D130/><U123/><E123/><RYUUKYOKU ba="0,1" sc="250,-10,250,-10,250,-10,240,30" hai3="19,22,26,45,49,53,60,62,82,89,90,95,99" /><INIT seed="1,1,1,0,3,86" ten="240,240,240,270" oya="1" hai0="107,29,16,17,58,81,74,51,79,119,32,64,60" hai1="94,128,36,55,72,65,112,123,50,73,105,111,97" hai2="101,23,10,91,77,69,27,120,25,33,35,1,104" hai3="43,93,11,121,52,42,57,62,67,28,135,66,100"/><U13/><E112/><V99/><F120/><W68/><G121/><T2/><D119/><U125/><E128/><V131/><F131/><W76/><G135/><T87/><D2/><U56/><E125/><V59/><F69/><W21/><G76/><T95/><D107/><U18/><E123/><V9/><F77/><W110/><G110/><T98/><D74/><U85/><E111/><V126/><F126/><W48/><G67/><T90/><REACH who="0" step="1"/><D51/><REACH who="0" ten="230,240,240,270" step="2"/><U130/><E130/><V19/><F1/><W46/><G42/><T44/><D44/><U5/><E36/><V134/><F134/><W8/><G28/><T20/><D20/><U113/><E113/><V3/><F3/><W24/><G21/><T116/><D116/><U0/><E0/><V30/><F33/><W88/><G24/><AGARI ba="1,2" hai="16,17,24,29,32,58,60,64,79,81,87,90,95,98" machi="24" ten="40,8000,1" yaku="1,1,52,1,54,1,53,1" doraHai="86" doraHaiUra="22" who="0" fromWho="3" sc="230,103,240,0,240,0,270,-83" /><INIT seed="2,0,0,4,0,67" ten="333,240,240,187" oya="2" hai0="117,112,61,14,69,39,96,105,8,2,20,0,56" hai1="93,68,31,82,80,64,107,75,104,71,119,113,21" hai2="55,32,42,122,120,134,84,16,116,101,52,130,108" hai3="121,90,125,13,57,3,62,77,51,103,40,97,83"/><V25/><F116/><W91/><G121/><T30/><D112/><U92/><E113/><V35/><F130/><W66/><G125/><T106/><D39/><U22/><E64/><V65/><F134/><W73/><G3/><T58/><D117/><U49/><E49/><V6/><F108/><W127/><G127/><T99/><D20/><U94/><E31/><V41/><F6/><W128/><G128/><T15/><D61/><U129/><E129/><V28/><F65/><W76/><G76/><T135/><D30/><U72/><REACH who="1" step="1"/><E92/><REACH who="1" ten="333,230,240,187" step="2"/><V45/><F122/><W9/><G51/><T81/><D105/><U53/><E53/><V18/><F120/><W4/><REACH who="3" step="1"/><G40/><REACH who="3" ten="333,230,240,177" step="2"/><T85/><D135/><U11/><E11/><V27/><F41/><W74/><G74/><T111/><D8/><U29/><E29/><V36/><F32/><W19/><G19/><T70/><D111/><U115/><E115/><V12/><F18/><W34/><G34/><T59/><D0/><U124/><E124/><V44/><F35/><W88/><G88/><T17/><D2/><U43/><E43/><V26/><F28/><W87/><G87/><T126/><D85/><U132/><E132/><V109/><F109/><W23/><G23/><T131/><D126/><U33/><E33/><V38/><F84/><W89/><G89/><T123/><D131/><U60/><E60/><V1/><F1/><W50/><G50/><T98/><D123/><U10/><E10/><N who="2" m="6167" /><F101/><W37/><G37/><T24/><D17/><U110/><E110/><V100/><F100/><W86/><G86/><T46/><D98/><RYUUKYOKU ba="0,2" sc="333,-30,230,10,240,10,177,10" hai1="21,22,68,71,72,75,80,82,93,94,104,107,119" hai2="25,26,27,36,38,42,44,45,52,55" hai3="4,9,13,57,62,66,73,77,83,90,91,97,103" /><INIT seed="2,1,2,3,1,113" ten="303,240,250,187" oya="2" hai0="43,128,67,23,119,59,29,1,99,108,124,93,94" hai1="32,46,77,75,47,52,125,134,87,24,45,4,85" hai2="92,135,15,44,12,76,39,117,11,7,98,26,5" hai3="106,120,64,10,123,49,132,40,107,35,34,20,37"/><V102/><F135/><W95/><G132/><T133/><D133/><U14/><E134/><V58/><F76/><W127/><G127/><T51/><D1/><U71/><E71/><V86/><F86/><W80/><G37/><T69/><D69/><U112/><E112/><V72/><F72/><W122/><G64/><T62/><D124/><U70/><E70/><V79/><F79/><W131/><G131/><T104/><D104/><U97/><E125/><V3/><F117/><W82/><G10/><T90/><D128/><U100/><E75/><V8/><F58/><W118/><G118/><T53/><D119/><U73/><E73/><V83/><F83/><W81/><G20/><T18/><D29/><U61/><E77/><V78/><F78/><W0/><G0/><T30/><D30/><U6/><E24/><V55/><F26/><W19/><G19/><T130/><D130/><U65/><E32/><V84/><F84/><N who="1" m="32329" /><E65/><V103/><F3/><W101/><G95/><N who="0" m="56823" /><D43/><U17/><E97/><V96/><F39/><W31/><G107/><T126/><D126/><U63/><E100/><V33/><F33/><W42/><G31/><T60/><D108/><U50/><E4/><V88/><F96/><N who="3" m="61735" /><G42/><T57/><D60/><N who="1" m="23115" /><E6/><V109/><F109/><W105/><G105/><T41/><D41/><U74/><E74/><V111/><F111/><W38/><G38/><T48/><D48/><AGARI ba="1,2" hai="5,7,8,11,12,15,44,48,55,88,92,98,102,103" machi="48" ten="40,7700,0" yaku="9,1,8,1,54,1" doraHai="113" who="2" fromWho="0" sc="303,-80,240,0,250,100,187,0" /><INIT seed="2,2,0,3,0,16" ten="223,240,350,187" oya="2" hai0="55,101,111,135,88,122,29,96,124,79,22,89,44" hai1="108,53,52,73,72,131,10,91,64,61,21,115,82" hai2="84,119,34,69,106,126,49,9,121,15,99,23,120" hai3="17,13,37,18,65,128,62,102,59,97,78,118,25"/><V125/><F69/><W58/><G128/><T66/><D122/><U32/><E32/><V132/><F34/><W2/><G118/><T70/><D111/><U68/><E108/><V93/><F119/><W46/><G2/><T86/><D135/><U109/><E109/><V95/><F49/><W27/><G78/><T129/><D129/><U48/><E131/><V75/><F132/><W76/><G76/><T105/><D124/><N who="2" m="47722" /><F75/><W87/><G87/><T51/><D70/><U133/><E133/><V112/><F112/><W26/><G37/><T74/><D66/><U71/><E71/><V1/><F84/><W100/><G46/><T28/><D22/><U110/><E115/><V83/><F83/><W130/><G130/><T57/><D74/><U0/><E110/><V11/><F106/><W54/><G97/><T33/><D33/><U36/><E36/><V40/><F40/><W77/><G77/><T20/><D79/><U7/><E72/><V47/><F47/><W134/><G134/><T6/><D44/><U4/><E73/><V41/><F41/><W38/><G38/><T98/><D98/><U67/><E91/><N who="0" m="34889" /><D86/><U113/><E113/><V24/><F1/><W19/><REACH who="3" step="1"/><G13/><REACH who="3" ten="223,240,350,177" step="2"/><T39/><D39/><U90/><E90/><N who="2" m="55735" /><F15/><W3/><G3/><T60/><D96/><U127/><E127/><V116/><F116/><W94/><G94/><T123/><D105/><U104/><E104/><V114/><F95/><W45/><G45/><T107/><D107/><U81/><E82/><V103/><F114/><W30/><G30/><T12/><D28/><U56/><E81/><RYUUKYOKU ba="2,1" sc="223,-10,240,-10,350,-10,177,30" hai3="17,18,19,25,26,27,54,58,59,62,65,100,102" /><INIT seed="3,3,1,2,0,74" ten="213,230,340,207" oya="3" hai0="48,124,11,54,47,87,78,23,83,57,15,19,24" hai1="32,53,94,90,37,30,123,98,44,61,18,55,131" hai2="3,79,16,35,75,81,60,76,42,99,120,31,82" hai3="89,113,109,117,51,106,132,26,128,95,52,77,20"/><W41/><G117/><T100/><D124/><U119/><E131/><V13/><F3/><W38/><G113/><T72/><D100/><U68/><E123/><V69/><F120/><W39/><G128/><T97/><D97/><U115/><E115/><V107/><F42/><W130/><G130/><T17/><D72/><U80/><E119/><V73/><F31/><W84/><G132/><T104/><D104/><U126/><E126/><V129/><F35/><W114/><G114/><T33/><D33/><U59/><E68/><V40/><F40/><W64/><G109/><T67/><D67/><U28/><E32/><V22/><F129/><W56/><G106/><T63/><D63/><U27/><E37/><V105/><F99/><W9/><G64/><AGARI ba="3,1" hai="13,16,22,60,64,69,73,75,76,79,81,82,105,107" machi="64" ten="40,8000,1" yaku="9,1,52,2,54,1" doraHai="74" who="2" fromWho="3" sc="213,0,230,0,340,99,207,-89" owari="213,-18.7,230,3.0,439,53.9,118,-38.2" /></mjloggm>