<mjloggm ver="2.3"><GO type="225" lobby="0"/><UN n0="%E5%8C%97%E6%AC%A7%E3%81%AE%E3%82%82%E3%81%93%E3%81%86" n1="%E7%AB%8B%E8%8A%B1%E9%9F%BF" n2="%E6%9C%88%E5%B3%B6%E5%9F%BA" n3="%72%61%6B%33" dan="16,17,17,16" rate="2137.57,2191.40,2225.10,2160.53" sx="M,F,M,M"/><TAIKYOKU oya="0"/><INIT seed="0,0,0,2,4,39" ten="250,250,250,250" oya="0" hai0="133,115,55,120,54,35,61,40,50,6,46,30,87" hai1="59,128,111,28,78,101,75,42,107,103,98,113,1" hai2="16,79,37,7,32,69,104,25,5,71,134,84,8" hai3="63,9,109,47,122,19,13,118,49,83,17,24,66"/><T33/><D115/><U58/><E113/><V73/><F104/><W45/><G109/><T97/><D120/><U131/><E1/><V93/><F134/><W110/><G110/><T117/><D117/><U135/><E111/><V92/><F73/><W102/><G122/><T116/><D116/><U60/><E28/><V48/><F37/><W90/><G118/><T67/><D133/><U38/><E103/><V23/><F32/><W20/><G102/><T68/><D6/><U27/><E27/><V81/><F7/><W14/><G47/><T91/><D97/><U108/><E108/><V124/><F124/><W96/><G24/><T53/><REACH who="0" step="1"/><D30/><REACH who="0" ten="240,250,250,250" step="2"/><U65/><E135/><V29/><F29/><W2/><G96/><T11/><D11/><U31/><E31/><V26/><F8/><W62/><G2/><T129/><D129/><U105/><E131/><V52/><F5/><W3/><G3/><T18/><D18/><U112/><E128/><V64/><F16/><W100/><G17/><T123/><D123/><U21/><E112/><V34/><F23/><W10/><G20/><T76/><D76/><U43/><E21/><V89/><F79/><W36/><G10/><T72/><D72/><U22/><E22/><V70/><F26/><W51/><G19/><T15/><D15/><U130/><E130/><V86/><F25/><W74/><G13/><T4/><D4/><U41/><E78/><V88/><F34/><W121/><G14/><T95/><AGARI ba="0,1" hai="33,35,40,46,50,53,54,55,61,67,68,87,91,95" machi="95" ten="30,6000,0" yaku="1,1,0,1,52,1,53,0" doraHai="39" doraHaiUra="119" who="0" fromWho="0" sc="240,70,250,-20,250,-20,250,-20" /><INIT seed="0,1,0,2,4,24" ten="310,230,230,230" oya="0" hai0="54,101,73,19,92,113,63,117,49,62,13,108,112" hai1="100,17,4,80,74,59,18,118,105,116,37,76,78" hai2="124,95,26,132,109,103,61,33,106,27,122,93,126" hai3="64,125,87,52,68,70,12,90,35,46,30,97,82"/><T51/><D117/><U53/><E37/><V28/><F122/><W77/><G125/><N who="2" m="48233" /><F109/><W121/><G121/><T75/><D108/><U114/><E114/><V128/><F128/><W99/><G12/><T60/><D101/><U50/><E76/><V134/><F61/><W127/><G127/><T102/><D102/><U20/><E4/><V42/><F42/><W6/><G6/><T69/><D92/><N who="2" m="35402" /><F27/><W44/><G70/><T47/><D69/><U66/><E66/><V110/><F110/><W81/><G64/><T119/><D119/><U21/><E21/><V86/><F86/><W115/><G87/><T83/><D83/><U91/><E91/><V1/><F1/><W10/><G90/><T79/><D79/><U14/><REACH who="1" step="1"/><E17/><REACH who="1" ten="310,220,230,230" step="2"/><V98/><AGARI ba="1,1" hai="26,28,33,98,103,106,132,134" m="35402,48233" machi="98" ten="40,2700,0" yaku="18,1,52,1" doraHai="24" who="2" fromWho="2" sc="310,-14,220,-8,230,40,230,-8" /><INIT seed="1,0,0,2,4,129" ten="296,212,270,222" oya="1" hai0="59,31,13,94,43,41,45,100,95,106,114,42,87" hai1="119,120,130,3,115,101,33,93,110,17,57,96,64" hai2="0,8,81,112,47,127,135,128,14,82,91,56,92" hai3="63,88,6,97,133,117,10,58,12,85,124,66,70"/><U73/><E119/><V48/><F128/><W69/><G117/><T113/><D31/><U46/><E130/><V34/><F34/><W84/><G124/><T28/><D28/><U62/><E115/><V2/><F112/><W51/><G133/><T86/><D106/><U9/><E120/><V40/><F127/><W68/><REACH who="3" step="1"/><G51/><REACH who="3" ten="296,212,270,212" step="2"/><T118/><D118/><U90/><E110/><V16/><F135/><W89/><G89/><T78/><D114/><U65/><E33/><V80/><REACH who="2" step="1"/><F56/><REACH who="2" ten="296,212,260,212" step="2"/><W44/><G44/><T121/><D59/><U134/><E134/><V99/><AGARI ba="0,2" hai="0,2,8,14,16,40,47,48,80,81,82,91,92,99" machi="99" ten="30,7900,0" yaku="1,1,2,1,0,1,54,1,53,0" doraHai="129" doraHaiUra="71" who="2" fromWho="2" sc="296,-20,212,-39,260,99,212,-20" /><INIT seed="2,0,0,0,4,107" ten="276,173,359,192" oya="2" hai0="85,105,42,27,56,48,91,49,134,79,17,64,2" hai1="72,7,119,66,98,73,38,25,92,20,63,26,132" hai2="5,86,0,106,114,65,6,59,47,9,28,126,3" hai3="76,127,62,102,41,30,12,111,129,74,101,40,100"/><V36/><F114/><W53/><G111/><T60/><D134/><U124/><E119/><V78/><F106/><W103/><G127/><T10/><D105/><U61/><E124/><V135/><F126/><W112/><G129/><T81/><D2/><U109/><E109/><V51/><F135/><W15/><G112/><T16/><D42/><U90/><E132/><V94/><F36/><W54/><G30/><T84/><D10/><U131/><E131/><V21/><F3/><W8/><G103/><T4/><D4/><U32/><E38/><V23/><F28/><W128/><G128/><T34/><D34/><U104/><E7/><V121/><F121/><W14/><G8/><T19/><D27/><U88/><E104/><V130/><F130/><W75/><G76/><T57/><D57/><U67/><E32/><V82/><F6/><W133/><G62/><T118/><D118/><U108/><E108/><V55/><F94/><AGARI ba="0,0" hai="16,17,19,48,49,56,60,64,79,81,84,85,91,94" machi="94" ten="40,2600,0" yaku="8,1,54,1" doraHai="107" who="0" fromWho="2" sc="276,26,173,0,359,-26,192,0" /><INIT seed="3,0,0,0,2,76" ten="302,173,333,192" oya="3" hai0="75,30,85,37,100,99,115,131,32,15,84,79,49" hai1="27,29,61,53,121,12,98,82,111,93,36,110,114" hai2="14,112,18,68,127,129,66,120,107,104,22,73,5" hai3="21,105,23,108,94,109,89,74,59,51,119,17,126"/><W103/><G119/><T113/><D37/><U64/><E121/><V54/><F112/><W128/><G74/><T31/><D75/><U135/><E114/><N who="0" m="43529" /><D131/><U133/><E36/><V45/><F73/><W28/><G128/><T106/><D32/><U62/><E12/><V117/><F117/><W16/><G126/><T52/><D15/><U90/><E53/><V11/><F127/><W3/><G3/><T35/><D35/><N who="1" m="20927" /><E64/><V44/><F120/><W39/><G39/><T116/><D84/><N who="1" m="50455" /><E62/><V40/><F14/><W19/><G105/><T2/><D2/><U6/><E61/><V60/><F60/><W8/><G103/><T102/><D100/><N who="1" m="60495" /><E6/><V33/><F33/><W26/><G8/><T96/><D96/><U123/><E123/><V134/><F134/><AGARI ba="0,0" hai="110,111,133,134,135" m="60495,50455,20927" machi="134" ten="30,2000,0" yaku="20,1,52,1" doraHai="76" who="1" fromWho="2" sc="302,0,173,20,333,-20,192,0" owari="302,10.2,193,-20.7,313,41.3,192,-30.8" /></mjloggm>