<mjloggm ver="2.3"><GO type="225" lobby="0"/><UN n0="%E3%83%A9%E3%82%B9%E7%8E%87%EF%BC%93%E5%89%B2" n1="%E3%81%AF%E3%82%88%E3%81%8A%E3%81%98%E3%81%95%E3%82%93" n2="%E9%A6%AC%E5%BC%95%E7%81%AB%33" n3="%E7%B4%94%E6%BD%94%E3%83%94%E3%83%A9%E3%83%8B%E3%82%A2" dan="17,16,16,17" rate="2211.35,2208.37,2131.53,2194.20" sx="F,M,M,M"/><TAIKYOKU oya="0"/><INIT seed="0,0,0,0,4,91" ten="250,250,250,250" oya="0" hai0="5,114,84,20,119,38,3,52,18,117,11,70,71" hai1="54,33,128,113,28,7,55,31,24,51,133,77,89" hai2="112,132,74,95,36,39,0,63,22,111,116,56,98" hai3="85,4,1,97,23,105,9,94,43,64,83,17,124"/><T49/><D38/><U127/><E127/><V65/><F112/><W101/><G124/><T35/><D114/><U8/><E113/><V107/><F116/><W72/><G64/><T122/><D122/><U15/><E128/><V12/><F0/><W47/><G72/><T42/><D42/><U61/><E133/><V59/><F132/><W76/><G105/><T135/><D35/><U57/><E77/><V99/><F111/><W58/><G58/><T69/><D84/><U16/><E89/><V131/><F131/><W30/><G30/><T78/><D78/><U27/><E7/><V29/><F74/><W50/><G1/><T82/><D82/><U67/><REACH who="1" step="1"/><E51/><REACH who="1" ten="250,240,250,250" step="2"/><V96/><F107/><W126/><G126/><T102/><D135/><U125/><E125/><V53/><F39/><W129/><G129/><T110/><D110/><U19/><E19/><N who="2" m="10599" /><F36/><W21/><G4/><T120/><D120/><U87/><E87/><V118/><F118/><W81/><G81/><T80/><D80/><U123/><E123/><V60/><F29/><W103/><G103/><AGARI ba="0,1" hai="53,56,59,60,63,65,95,96,98,99,103" m="10599" machi="103" ten="30,2000,0" yaku="8,1,52,1" doraHai="91" who="2" fromWho="3" sc="250,0,240,0,250,30,250,-20" /><INIT seed="1,0,0,1,5,62" ten="250,240,280,230" oya="1" hai0="104,99,7,59,115,111,53,114,18,119,130,70,127" hai1="23,79,128,96,25,6,97,83,20,67,80,132,122" hai2="92,87,109,82,21,113,32,90,66,118,94,30,4" hai3="13,45,69,33,1,89,29,17,35,19,16,105,0"/><U34/><E122/><V72/><F118/><W110/><G69/><T81/><D70/><U44/><E34/><N who="3" m="12810" /><G105/><T86/><D119/><U88/><E128/><V38/><F38/><W129/><G89/><T57/><D111/><U75/><E132/><V64/><F32/><W10/><G45/><T123/><D127/><U77/><E6/><V49/><F109/><W100/><G100/><T51/><D130/><U103/><E44/><V60/><F113/><W108/><G108/><T3/><D123/><U52/><E52/><V95/><F72/><W48/><G48/><T61/><D7/><U15/><E15/><V98/><F4/><N who="3" m="3271" /><G110/><T125/><D3/><N who="3" m="1097" /><G129/><T76/><D125/><U65/><E20/><V55/><F60/><W121/><G121/><T50/><D50/><U27/><E27/><N who="2" m="16751" /><F98/><N who="1" m="37993" /><E75/><V8/><F8/><W71/><G71/><T73/><D73/><U78/><E103/><V68/><F68/><W120/><G120/><T5/><D115/><U74/><E74/><V126/><F126/><W84/><G84/><T106/><D114/><U43/><E43/><V58/><AGARI ba="0,0" hai="49,55,58,64,66,82,87,90,92,94,95" m="16751" machi="58" ten="30,4000,0" yaku="8,1,52,2" doraHai="62" who="2" fromWho="2" sc="250,-10,240,-20,280,40,230,-10" /><INIT seed="2,0,0,3,0,39" ten="240,220,320,220" oya="2" hai0="35,32,81,109,28,128,3,130,111,105,126,59,74" hai1="8,133,16,118,102,24,108,9,69,72,120,42,33" hai2="38,34,55,62,127,4,58,77,53,103,46,56,70" hai3="76,52,54,98,110,51,60,82,123,23,29,125,75"/><V17/><F34/><N who="0" m="12842" /><D105/><U41/><E69/><V114/><F114/><W27/><G123/><T80/><D74/><U71/><E118/><V66/><F4/><W18/><G110/><N who="0" m="41995" /><D28/><U97/><E71/><V121/><F121/><W115/><G125/><T129/><D59/><N who="2" m="22570" /><F17/><W0/><G0/><T93/><D93/><N who="1" m="58671" /><E72/><V134/><F77/><W31/><G115/><T14/><D14/><N who="1" m="7239" /><E33/><V47/><F103/><W122/><G122/><T94/><D94/><U63/><E108/><V95/><F95/><W21/><G60/><T100/><D100/><U99/><E120/><V15/><F15/><W116/><G116/><T84/><D84/><U36/><E36/><V49/><F127/><W135/><G98/><T117/><D126/><U86/><E99/><V79/><F79/><W61/><G61/><T11/><D117/><U45/><E63/><V30/><F30/><W5/><G31/><T112/><D112/><U96/><E96/><V73/><F73/><W107/><G107/><T10/><D3/><U65/><E65/><V48/><F38/><W43/><G75/><T91/><D91/><U88/><E133/><AGARI ba="0,0" hai="46,47,48,49,53,55,62,66,70,133,134" m="22570" machi="133" ten="30,2900,0" yaku="34,2" doraHai="39" who="2" fromWho="1" sc="240,0,220,-29,320,29,220,0" /><INIT seed="2,1,0,5,1,58" ten="240,191,349,220" oya="2" hai0="81,97,92,96,126,93,10,30,111,65,110,94,33" hai1="63,34,55,124,89,70,72,117,17,69,98,120,25" hai2="103,128,73,62,40,48,45,1,13,49,121,44,107" hai3="24,14,76,74,75,102,27,116,59,85,88,50,9"/><V125/><F121/><W105/><G116/><T4/><D126/><U53/><E117/><V12/><F1/><W122/><G122/><T41/><D41/><U79/><E120/><V37/><F73/><W68/><G68/><T3/><D65/><U108/><E124/><V16/><F125/><W21/><G105/><T67/><D67/><U134/><E108/><N who="0" m="41513" /><D81/><U7/><E134/><V118/><F118/><W123/><G102/><T101/><D101/><U90/><E7/><V0/><F0/><W61/><G24/><AGARI ba="1,0" hai="3,4,10,24,30,33,92,93,94,96,97" m="41513" machi="24" ten="30,1000,0" yaku="14,1" doraHai="58" who="0" fromWho="3" sc="240,13,191,0,349,0,220,-13" /><INIT seed="3,0,0,0,2,123" ten="253,191,349,207" oya="3" hai0="132,17,96,122,31,4,83,49,85,11,75,58,21" hai1="19,106,20,73,35,43,118,22,57,34,129,18,27" hai2="77,135,97,60,86,13,67,130,110,52,1,104,127" hai3="59,87,40,62,15,64,76,84,50,79,81,101,94"/><W91/><G101/><T114/><D75/><U28/><E73/><V26/><F1/><W95/><G15/><N who="0" m="5607" /><D132/><U66/><E106/><V128/><F135/><W25/><G25/><T82/><D114/><U121/><E43/><V126/><F110/><W12/><G12/><N who="0" m="9383" /><D122/><U65/><E121/><V134/><F134/><W93/><REACH who="3" step="1"/><G84/><REACH who="3" ten="253,191,349,197" step="2"/><T0/><D85/><U98/><E98/><V92/><F26/><W89/><G89/><T9/><D0/><U32/><E118/><V2/><F2/><W120/><G120/><T63/><D96/><U100/><E100/><V124/><F13/><W103/><G103/><T117/><D117/><U116/><E116/><V90/><F104/><W78/><G78/><T119/><D119/><U42/><E129/><N who="2" m="49771" /><F77/><W88/><G88/><T10/><D31/><U41/><E28/><V69/><F86/><W107/><G107/><T7/><D10/><U115/><E115/><V56/><F127/><W3/><G3/><T55/><D9/><U14/><REACH who="1" step="1"/><E65/><REACH who="1" ten="253,181,349,197" step="2"/><V72/><F72/><W29/><G29/><T37/><D7/><U61/><AGARI ba="0,2" hai="14,18,19,20,22,27,32,34,35,41,42,57,61,66" machi="61" ten="40,5200,0" yaku="1,1,2,1,0,1,53,0" doraHai="123" doraHaiUra="46" who="1" fromWho="1" sc="253,-13,181,72,349,-13,197,-26" owari="240,-16.0,253,5.3,336,43.6,171,-32.9" /></mjloggm>