<mjloggm ver="2.3"><GO type="225" lobby="0"/><UN n0="%E6%B8%A1%E5%A4%A9%E8%97%8D" n1="%E3%81%90%E3%81%A1%E3%82%84%E3%81%BE" n2="%E6%9D%B1%E9%A2%A8%E3%81%AE%E3%81%8D%E3%82%83%E3%81%B7%E3%81%95%E3%82%93" n3="%43%68%65" dan="16,16,16,16" rate="2069.39,2132.26,2110.94,2169.66" sx="M,M,M,M"/><TAIKYOKU oya="0"/><INIT seed="0,0,0,0,5,15" ten="250,250,250,250" oya="0" hai0="58,62,46,79,82,25,35,59,69,74,131,80,4" hai1="126,71,128,65,34,51,47,90,0,19,32,27,3" hai2="29,10,20,21,24,37,85,36,99,96,57,16,105" hai3="83,95,76,11,78,22,92,116,50,17,106,93,28"/><T119/><D119/><U54/><E128/><V30/><F105/><W104/><G116/><T40/><D131/><U132/><E132/><V97/><F85/><W39/><G39/><T115/><D115/><U43/><E126/><V135/><F135/><W124/><G124/><T94/><D69/><U12/><E71/><V86/><F86/><W108/><G108/><T5/><D58/><U123/><E65/><V77/><F77/><W44/><G11/><T49/><D94/><U125/><E123/><V117/><F117/><W23/><G28/><T88/><D35/><U120/><E120/><V100/><F57/><W38/><G23/><T61/><D61/><U111/><E111/><V66/><F66/><W109/><G38/><T70/><D70/><U91/><E43/><V122/><F122/><W101/><G109/><T133/><D25/><U55/><E55/><V68/><F68/><W31/><G31/><T48/><D48/><U75/><E75/><V1/><F100/><W63/><G63/><T114/><D114/><U9/><E125/><V8/><F1/><W33/><G33/><T18/><D18/><U129/><E129/><V72/><F72/><N who="3" m="43399" /><G78/><T13/><D13/><U6/><E0/><V45/><F36/><W121/><G101/><T98/><D133/><U130/><E130/><V60/><F60/><W112/><G112/><T87/><REACH who="0" step="1"/><D98/><REACH who="0" ten="240,250,250,250" step="2"/><U52/><E34/><V81/><F30/><W14/><G121/><T73/><D73/><U26/><E32/><V53/><F37/><W134/><G134/><T113/><D113/><U118/><E118/><V41/><F29/><RYUUKYOKU ba="0,1" sc="240,15,250,-15,250,-15,250,15" hai0="4,5,40,46,49,59,62,74,79,80,82,87,88" hai3="14,17,22,44,50,92,93,95,104,106" /><INIT seed="0,1,1,1,2,115" ten="255,235,235,265" oya="0" hai0="72,101,54,40,93,16,6,123,39,103,78,81,132" hai1="30,48,43,62,113,5,69,82,119,133,126,76,92" hai2="121,70,88,21,9,52,86,56,71,20,0,65,84" hai3="28,12,63,8,3,118,31,41,105,32,117,15,35"/><T18/><D123/><U129/><E113/><V67/><F121/><W85/><G105/><T4/><D132/><U27/><E133/><V77/><F71/><W10/><G85/><N who="0" m="48311" /><D39/><U127/><E129/><V124/><F124/><N who="1" m="47657" /><E5/><N who="0" m="2153" /><D72/><U11/><E11/><V23/><F70/><W59/><G59/><T130/><D130/><U37/><E92/><N who="2" m="54279" /><F9/><W25/><G63/><T42/><D54/><U135/><E135/><V83/><F0/><W61/><G61/><AGARI ba="1,1" hai="20,21,23,52,56,61,65,67,77,83,86" m="54279" machi="61" ten="30,3900,0" yaku="8,1,54,2" doraHai="115" who="2" fromWho="3" sc="255,0,235,0,235,52,265,-42" /><INIT seed="1,0,0,0,0,94" ten="255,235,287,223" oya="1" hai0="92,102,58,35,73,8,55,91,23,22,131,57,65" hai1="6,132,134,68,70,41,135,124,128,21,87,38,97" hai2="53,7,123,66,95,110,114,79,107,59,32,106,119" hai3="63,125,31,12,48,25,9,52,0,47,120,77,74"/><U122/><E122/><V54/><F32/><W81/><G120/><T19/><D73/><U113/><E113/><V1/><F79/><W14/><G125/><T71/><D35/><U126/><E6/><V67/><F110/><W100/><G0/><T3/><D131/><U86/><E21/><V117/><F95/><W112/><G112/><T103/><D71/><N who="1" m="27179" /><E97/><V99/><F59/><W16/><G14/><N who="0" m="7623" /><D3/><U75/><E75/><V18/><F1/><W89/><G100/><N who="0" m="38443" /><D65/><U10/><E10/><V11/><F11/><W85/><G63/><N who="0" m="36287" /><D58/><U116/><E116/><V83/><F7/><W69/><G69/><T101/><N who="0" m="38451" /><T29/><DORA hai="42" /><D29/><U37/><E128/><V72/><F72/><W13/><G13/><T129/><D129/><U84/><E41/><V82/><F114/><W118/><G118/><T44/><D44/><U76/><E76/><V93/><F123/><W27/><G31/><T33/><D33/><U39/><AGARI ba="0,0" hai="37,38,39,84,86,87,124,126,132,134,135" m="27179" machi="39" ten="50,12000,1" yaku="29,2,28,2,20,1" doraHai="94,42" who="1" fromWho="1" sc="255,-40,235,120,287,-40,223,-40" /><INIT seed="1,1,0,2,4,92" ten="215,355,247,183" oya="1" hai0="8,48,22,79,76,64,129,135,12,104,75,59,124" hai1="132,70,102,134,120,109,68,33,60,81,23,49,41" hai2="19,77,115,106,46,54,116,21,61,26,127,95,82" hai3="101,113,94,105,110,18,72,88,112,9,78,47,65"/><U7/><E33/><V130/><F106/><W56/><G47/><T2/><D104/><U122/><E7/><V51/><F116/><W128/><G65/><T50/><D2/><U121/><E81/><V83/><F130/><W97/><G56/><T119/><D119/><U58/><E23/><V74/><F127/><W114/><G18/><T111/><D111/><U52/><E102/><V126/><F126/><W84/><G9/><T28/><D129/><U25/><E25/><V15/><F115/><W3/><G3/><T66/><D124/><U55/><E109/><V32/><F61/><W57/><G57/><T29/><D135/><N who="1" m="51755" /><E41/><V5/><F83/><N who="3" m="45511" /><G128/><T69/><D69/><U91/><E91/><V80/><F80/><N who="3" m="49159" /><G110/><T6/><D64/><U37/><E37/><V90/><F5/><W4/><G4/><T16/><D75/><U107/><E107/><AGARI ba="1,0" hai="94,97,101,105,107,112,113,114" m="49159,45511" machi="107" ten="30,7700,0" yaku="34,2,52,1,54,1" doraHai="92" who="3" fromWho="1" sc="215,0,355,-80,247,0,183,80" /><INIT seed="2,0,0,4,0,133" ten="215,275,247,263" oya="2" hai0="65,87,93,57,44,48,117,62,23,127,135,8,67" hai1="107,74,7,76,79,53,104,18,125,114,66,91,81" hai2="100,38,78,90,40,54,69,42,35,130,83,5,106" hai3="92,98,30,103,47,116,25,109,32,82,50,26,132"/><V60/><F130/><W111/><G116/><T115/><D115/><U119/><E114/><V59/><F35/><W41/><G132/><T15/><D135/><U122/><E119/><V2/><F69/><W6/><G6/><T31/><D127/><U96/><E66/><V55/><F90/><W3/><G3/><T121/><D121/><U94/><E7/><V70/><F70/><W1/><G1/><T49/><D117/><U126/><E122/><V56/><F38/><W39/><G82/><T36/><D36/><U89/><E53/><V52/><F100/><W77/><G77/><T112/><D65/><U43/><E43/><V124/><F106/><N who="1" m="40489" /><E18/><V34/><F34/><W13/><G13/><T88/><D112/><U101/><E79/><V64/><F124/><AGARI ba="0,0" hai="74,76,81,89,91,94,96,101,124,125,126" m="40489" machi="124" ten="30,12000,2" yaku="18,1,34,2,52,3" doraHai="133" who="1" fromWho="2" sc="215,0,275,120,247,-120,263,0" /><INIT seed="3,0,0,3,1,1" ten="215,395,127,263" oya="3" hai0="80,129,55,4,28,78,67,88,62,40,49,112,34" hai1="29,23,83,114,37,94,111,103,63,104,20,86,56" hai2="126,97,102,51,101,13,14,73,12,44,24,54,8" hai3="61,117,108,85,74,58,11,50,43,95,31,106,35"/><W7/><G117/><T57/><D129/><U128/><E114/><V59/><F126/><W72/><G106/><T132/><D132/><U60/><E37/><V91/><F73/><W77/><G108/><T87/><D112/><U98/><E111/><V53/><F24/><W135/><G135/><T71/><D34/><U121/><E121/><V27/><F27/><W39/><G39/><T32/><D32/><U105/><E128/><V120/><F120/><W79/><G31/><T124/><D124/><U122/><E122/><V16/><F91/><N who="3" m="53743" /><G35/><T110/><D28/><U38/><E38/><V42/><F42/><W46/><G74/><T30/><D30/><U0/><E0/><V68/><F68/><W9/><G72/><T90/><D110/><U41/><E41/><V76/><F76/><N who="3" m="29259" /><G7/><T70/><D70/><U69/><E69/><V45/><F45/><W52/><AGARI ba="0,0" hai="9,11,43,46,50,52,58,61" m="29259,53743" machi="52" ten="30,3000,0" yaku="8,1,54,1" doraHai="1" who="3" fromWho="3" sc="215,-10,395,-10,127,-10,263,30" /><INIT seed="3,1,0,1,2,28" ten="205,385,117,293" oya="3" hai0="108,56,22,102,84,130,35,70,5,96,9,59,120" hai1="135,34,115,39,19,74,16,127,107,124,75,23,27" hai2="49,119,117,38,82,90,78,132,63,122,121,69,76" hai3="100,92,47,98,3,67,87,2,37,6,72,88,62"/><W46/><G72/><T52/><D35/><U118/><E115/><V116/><F38/><W10/><G3/><T43/><D120/><N who="2" m="46186" /><F49/><W25/><G25/><T110/><D70/><U101/><E34/><V112/><F63/><W31/><G31/><T105/><D130/><U68/><E135/><V53/><F53/><W109/><G109/><N who="0" m="42091" /><D43/><U1/><E118/><N who="2" m="30211" /><V20/><DORA hai="103" /><F20/><W93/><REACH who="3" step="1"/><G37/><REACH who="3" ten="205,385,117,283" step="2"/><T106/><D22/><U21/><E1/><V13/><F69/><AGARI ba="1,1" hai="2,6,10,46,47,62,67,69,87,88,92,93,98,100" machi="69" ten="30,12000,1" yaku="1,1,2,1,7,1,54,1,53,1" doraHai="28,103" doraHaiUra="126,32" who="3" fromWho="2" sc="205,0,385,0,117,-123,283,133" owari="205,-19.5,385,18.5,-6,-50.6,416,51.6" /></mjloggm>