<mjloggm ver="2.3"><GO type="225" lobby="0"/><UN n0="%E5%91%A8%E6%9D%B1" n1="%E6%81%A5%E6%99%92%E3%81%97" n2="%E6%9C%88%E5%B3%B6%E5%9F%BA" n3="%E3%83%B4%E3%83%A0%EF%BC%99%E3%81%A6" dan="17,16,16,16" rate="2185.05,2079.41,2117.27,2171.86" sx="M,M,M,M"/><TAIKYOKU oya="0"/><INIT seed="0,0,0,3,2,110" ten="250,250,250,250" oya="0" hai0="32,59,38,74,2,26,51,31,25,22,99,56,132" hai1="130,124,0,39,93,9,120,44,83,122,20,103,128" hai2="18,41,90,48,117,113,77,61,7,64,35,134,28" hai3="111,92,121,109,49,133,72,63,71,68,131,97,19"/><T42/><D74/><U126/><E39/><V88/><F117/><W95/><G72/><T29/><D2/><U104/><E44/><V40/><F134/><W70/><G133/><T73/><D132/><U3/><E104/><V27/><F113/><W54/><G63/><T107/><D73/><U123/><E83/><V125/><F125/><N who="1" m="48233" /><E20/><V135/><F77/><W34/><G34/><T127/><D38/><U16/><E93/><V80/><F135/><W11/><G121/><T6/><D6/><U94/><E94/><V87/><F7/><W57/><G131/><N who="1" m="50218" /><E103/><V46/><F18/><W116/><G116/><T45/><REACH who="0" step="1"/><D127/><REACH who="0" ten="240,250,250,250" step="2"/><U114/><E114/><V96/><F96/><W33/><G97/><T102/><AGARI ba="0,1" hai="22,25,26,29,31,32,42,45,51,56,59,99,102,107" machi="102" ten="30,12000,1" yaku="1,1,2,1,0,1,53,2" doraHai="110" doraHaiUra="52" who="0" fromWho="0" sc="240,130,250,-40,250,-40,250,-40" /><INIT seed="0,1,0,3,4,107" ten="370,210,210,210" oya="0" hai0="70,13,4,124,0,119,7,105,101,91,26,19,23" hai1="83,75,67,85,77,8,89,98,130,115,60,65,63" hai2="41,50,94,49,123,90,40,104,44,114,17,57,22" hai3="3,72,108,59,52,53,122,78,86,132,11,51,129"/><T27/><D70/><U73/><E130/><V9/><F123/><W25/><G129/><T6/><D105/><U120/><E120/><V103/><F114/><W62/><G122/><T84/><D101/><U20/><E115/><V28/><F104/><W2/><G108/><T33/><D119/><U102/><E20/><V135/><F135/><W64/><G132/><T127/><D0/><U134/><E134/><V69/><F69/><W45/><G86/><T29/><D84/><U32/><E32/><V133/><F133/><W79/><G11/><T110/><D91/><U118/><E8/><V80/><F28/><W39/><G39/><T54/><D54/><U55/><E89/><V56/><F9/><W47/><G25/><T74/><D74/><U24/><E24/><N who="2" m="14415" /><F80/><W15/><G15/><T93/><D93/><U10/><E10/><V121/><F103/><W117/><G117/><T18/><D110/><U109/><E109/><V30/><F30/><W125/><G125/><N who="0" m="48203" /><D19/><U128/><E128/><V35/><F121/><W82/><G78/><T48/><D48/><AGARI ba="1,0" hai="2,3,45,47,48,51,52,53,59,62,64,72,79,82" machi="48" ten="40,5200,0" yaku="9,1,52,1,54,1" doraHai="107" who="3" fromWho="0" sc="370,-55,210,0,210,0,210,55" /><INIT seed="1,0,0,0,5,10" ten="315,210,210,265" oya="1" hai0="33,31,91,109,121,68,34,80,52,127,47,95,64" hai1="39,120,101,44,12,122,126,117,59,55,83,67,38" hai2="77,45,53,9,65,133,119,113,82,24,92,103,54" hai3="115,29,48,62,98,108,50,125,118,17,60,135,88"/><U89/><E117/><V129/><F119/><W41/><G118/><T51/><D109/><U30/><E30/><V4/><F129/><W6/><G115/><T110/><D110/><U15/><E67/><V93/><F133/><W128/><G135/><T0/><D0/><U5/><E5/><V2/><F113/><W42/><G128/><T66/><D127/><U21/><E21/><V107/><F65/><W87/><G108/><T131/><D131/><U79/><E89/><V1/><F1/><W56/><G6/><T11/><D80/><U132/><E132/><V20/><F107/><W86/><G29/><T13/><D121/><U76/><E126/><V26/><F26/><W106/><G106/><T130/><D130/><U72/><E101/><V16/><F45/><W49/><G17/><T25/><D34/><U7/><E79/><V40/><F40/><N who="3" m="15467" /><G62/><T90/><D90/><U27/><E27/><V73/><REACH who="2" step="1"/><F103/><REACH who="2" ten="315,210,200,265" step="2"/><W96/><G125/><T116/><D116/><U75/><E44/><V97/><F97/><W123/><G98/><T85/><D68/><U70/><E120/><V104/><F104/><W14/><G96/><T22/><D33/><U8/><E70/><V74/><F74/><W28/><G123/><T78/><D78/><U43/><E122/><V102/><F102/><W37/><G37/><T63/><D63/><N who="1" m="36351" /><E75/><V71/><F71/><W99/><G60/><T18/><AGARI ba="0,1" hai="11,13,18,22,25,31,47,51,52,64,66,85,91,95" machi="18" ten="20,8000,1" yaku="0,1,7,1,8,1,52,1,54,1" doraHai="10" who="0" fromWho="0" sc="315,90,210,-40,200,-20,265,-20" /><INIT seed="2,0,0,2,4,86" ten="405,170,180,245" oya="2" hai0="17,97,105,90,80,32,106,20,45,37,70,21,28" hai1="6,65,47,108,135,74,72,29,119,81,2,96,43" hai2="10,69,101,117,102,124,62,11,129,130,88,34,31" hai3="25,39,110,127,59,67,112,91,131,115,7,0,83"/><V16/><F117/><W50/><G39/><T30/><D70/><U100/><E119/><V58/><F69/><W109/><G131/><N who="2" m="50185" /><F124/><W76/><G127/><T126/><D32/><U82/><E108/><N who="3" m="41578" /><G91/><T63/><D63/><U87/><E65/><N who="2" m="39127" /><F31/><W103/><G103/><N who="2" m="39433" /><F34/><W122/><G122/><T26/><D30/><U4/><E29/><V8/><F88/><W99/><G99/><T15/><D97/><U66/><E96/><V33/><F33/><W35/><G35/><T48/><D126/><U134/><E100/><V113/><F113/><W114/><G114/><T84/><D37/><U36/><E36/><V41/><F41/><AGARI ba="0,0" hai="15,17,20,21,26,28,41,45,48,80,84,90,105,106" machi="41" ten="30,2000,0" yaku="7,1,52,1" doraHai="86" who="0" fromWho="2" sc="405,20,170,0,180,-20,245,0" /><INIT seed="3,0,0,4,1,23" ten="425,170,160,245" oya="3" hai0="69,81,67,75,105,8,19,40,94,17,31,7,90" hai1="41,91,108,6,49,128,107,123,84,130,37,101,111" hai2="48,132,47,9,119,58,35,98,64,14,79,73,115" hai3="62,99,120,16,1,87,56,122,86,100,13,34,28"/><W60/><G1/><T106/><D67/><U112/><E37/><V20/><F35/><W3/><G3/><T44/><D69/><U0/><E123/><V129/><F115/><W104/><G62/><T76/><D31/><U53/><E41/><N who="2" m="24687" /><F73/><W5/><G5/><T54/><D54/><U22/><E112/><V66/><F119/><W30/><G120/><T46/><D46/><N who="1" m="27831" /><E22/><V11/><F129/><N who="1" m="49769" /><E101/><V10/><F132/><W50/><G50/><T110/><D19/><U102/><E102/><V33/><F33/><W97/><G122/><T71/><D17/><U59/><E59/><V57/><F79/><W77/><G56/><N who="2" m="21609" /><F98/><W2/><G97/><T103/><D103/><U12/><E0/><V114/><F114/><W93/><G2/><T135/><D71/><U133/><E107/><V88/><F88/><W63/><G104/><T55/><D90/><U42/><E133/><V65/><F20/><W131/><G34/><T96/><D135/><U32/><E32/><V80/><F80/><W83/><G83/><T126/><D81/><N who="1" m="49551" /><E42/><V78/><F78/><W134/><G77/><T74/><D76/><U127/><E127/><V24/><F24/><W116/><G134/><T39/><D96/><U38/><E38/><V25/><F25/><W121/><G99/><T21/><D39/><U52/><E52/><V118/><F118/><W92/><G116/><T29/><D106/><U4/><E4/><AGARI ba="0,0" hai="4,9,10,11,14,64,65,66" m="21609,24687" machi="4" ten="30,1000,0" yaku="8,1" doraHai="23" who="2" fromWho="1" sc="425,0,170,-10,160,10,245,0" owari="425,52.5,160,-34.0,170,-23.0,245,4.5" /></mjloggm>