<mjloggm ver="2.3"><GO type="225" lobby="0"/><UN n0="%E6%81%A5%E6%99%92%E3%81%97" n1="%E5%A4%8F%E9%88%B4%E9%88%B4%E5%A4%8F" n2="%E9%B7%B9%E5%80%89%E6%9D%8F%E9%88%B4" n3="%E4%BC%8A%E9%81%94%E6%9C%B1%E9%87%8C%E7%B4%97" dan="16,16,16,16" rate="2113.72,2110.59,2094.54,2072.25" sx="M,F,F,F"/><TAIKYOKU oya="0"/><INIT seed="0,0,0,3,2,92" ten="250,250,250,250" oya="0" hai0="107,79,37,54,8,60,104,123,23,31,0,119,105" hai1="114,89,82,58,57,73,4,101,38,108,29,24,130" hai2="62,40,26,16,100,52,84,55,11,48,15,117,93" hai3="46,44,5,102,81,68,63,118,115,134,51,32,17"/><T36/><D119/><U129/><E114/><V91/><F117/><W7/><G115/><T69/><D123/><U13/><E108/><V61/><F40/><W18/><G32/><T83/><D31/><U70/><E38/><V103/><F26/><W85/><G118/><T28/><D28/><U67/><E101/><N who="2" m="38987" /><F55/><W113/><G102/><T120/><D23/><U22/><E70/><V135/><F135/><W1/><G134/><T72/><D120/><U35/><E67/><V65/><F65/><W75/><G75/><T27/><D27/><U56/><E89/><V77/><F77/><W112/><G63/><T45/><D54/><U66/><E66/><V53/><F53/><W88/><G68/><T34/><D34/><U111/><E111/><V50/><F50/><W99/><G51/><T59/><D59/><AGARI ba="0,0" hai="11,15,16,48,52,59,61,62,84,91,93" m="38987" machi="59" ten="30,3900,0" yaku="8,1,54,2" doraHai="92" who="2" fromWho="0" sc="250,-39,250,0,250,39,250,0" /><INIT seed="1,0,0,0,0,96" ten="211,250,289,250" oya="1" hai0="70,25,114,103,120,126,92,98,72,88,45,30,0" hai1="37,76,69,53,84,15,11,93,12,119,91,111,56" hai2="123,4,71,74,118,121,22,41,89,90,9,31,36" hai3="68,6,101,104,65,17,16,61,79,97,62,133,2"/><U28/><E119/><V60/><F118/><W108/><G108/><T18/><D114/><U58/><E37/><V59/><F71/><W26/><G133/><T55/><D0/><U38/><E69/><V113/><F113/><W43/><G43/><T100/><D70/><U40/><E111/><V80/><F22/><W24/><G61/><T85/><D72/><U5/><E28/><V29/><F29/><W134/><G134/><T75/><D75/><U106/><E106/><V94/><F31/><W105/><G79/><T128/><D126/><U10/><E76/><N who="2" m="44055" /><F89/><W86/><G86/><T14/><D128/><U81/><E53/><N who="2" m="33903" /><F90/><W51/><G51/><N who="0" m="29167" /><D120/><U46/><REACH who="1" step="1"/><E81/><REACH who="1" ten="211,240,289,250" step="2"/><V78/><F36/><W110/><G105/><T33/><D33/><U19/><AGARI ba="0,1" hai="5,10,11,12,15,19,38,40,46,56,58,84,91,93" machi="19" ten="20,18000,2" yaku="1,1,2,1,0,1,7,1,53,2" doraHai="96" doraHaiUra="7" who="1" fromWho="1" sc="211,-60,240,190,289,-60,250,-60" /><INIT seed="1,1,0,2,2,21" ten="151,430,229,190" oya="1" hai0="66,90,87,7,9,46,127,84,61,88,38,79,4" hai1="108,29,69,1,118,76,33,70,129,5,3,68,36" hai2="45,123,91,97,10,82,110,135,121,114,106,40,107" hai3="83,98,72,75,0,64,2,23,128,20,14,119,41"/><U30/><E118/><V132/><F10/><W28/><G119/><T59/><D127/><U54/><E54/><V39/><F110/><W96/><G64/><T77/><D38/><U133/><E36/><V27/><F114/><W131/><G41/><T35/><D35/><U104/><E33/><V51/><F51/><W32/><G83/><T49/><D87/><U78/><E5/><V102/><F107/><W120/><G32/><T48/><D48/><U11/><E11/><V101/><F101/><W73/><G120/><T8/><D8/><U42/><E42/><V58/><F58/><W71/><G71/><T15/><D7/><U24/><E24/><V31/><F91/><N who="0" m="34858" /><D84/><U55/><E55/><V67/><F82/><W56/><G56/><T85/><D85/><U95/><E95/><V6/><F6/><W124/><G124/><T89/><N who="0" m="34866" /><T74/><DORA hai="50" /><D74/><U37/><E37/><V52/><F67/><W112/><G112/><T44/><D44/><U65/><E65/><V34/><REACH who="2" step="1"/><F52/><AGARI ba="1,0" hai="4,9,15,46,49,52,59,61,66,77,79" m="34866" machi="52" ten="30,7700,0" yaku="8,1,52,1,54,2" doraHai="21,50" who="0" fromWho="2" sc="151,80,430,0,229,-80,190,0" /><INIT seed="2,0,0,3,1,107" ten="231,430,149,190" oya="2" hai0="67,129,119,132,66,115,18,35,42,23,88,126,0" hai1="47,96,99,26,49,38,110,61,97,60,95,124,86" hai2="125,121,46,51,106,22,120,24,13,29,34,72,118" hai3="16,19,7,45,83,58,74,93,54,11,44,113,8"/><V103/><F118/><W114/><G93/><T27/><D115/><N who="3" m="44041" /><G44/><T52/><D119/><U111/><E38/><V33/><F125/><W43/><G54/><T68/><D0/><U87/><E124/><V1/><F1/><N who="3" m="111" /><G58/><T5/><D126/><U65/><E26/><V109/><F109/><N who="1" m="41481" /><E95/><V101/><F72/><W15/><G15/><T105/><D105/><U89/><E89/><V122/><F13/><W64/><G64/><T78/><D67/><U127/><E127/><V82/><F82/><W37/><G11/><T25/><D42/><N who="1" m="24823" /><E60/><V85/><F85/><W3/><G3/><T4/><D78/><AGARI ba="0,0" hai="16,19,37,43,45,74,78,83" m="111,44041" machi="78" ten="30,7700,0" yaku="25,1,11,1,52,1,54,1" doraHai="107" who="3" fromWho="0" sc="231,-77,430,0,149,0,190,77" /><INIT seed="3,0,0,0,3,78" ten="154,430,149,267" oya="3" hai0="32,115,30,37,107,36,124,104,100,94,111,38,26" hai1="51,21,5,105,46,135,118,83,99,110,45,16,48" hai2="68,81,61,103,123,97,15,120,6,127,109,19,59" hai3="49,77,11,92,27,95,98,58,33,20,87,25,28"/><W1/><G1/><T40/><D111/><U43/><E110/><V89/><F68/><W42/><G11/><T108/><D108/><U23/><E5/><V70/><F70/><W55/><G42/><T113/><D124/><U128/><E128/><V73/><F109/><W116/><G116/><T41/><D94/><U64/><E64/><V72/><F6/><W126/><G126/><T69/><D69/><U0/><E0/><V29/><F29/><W22/><G33/><T34/><D100/><U101/><E135/><V121/><F127/><W18/><G98/><T47/><D34/><U112/><E112/><N who="0" m="43081" /><D41/><U75/><E16/><V85/><F15/><W62/><G62/><T9/><D9/><U90/><E118/><V50/><F50/><AGARI ba="0,0" hai="26,30,32,36,37,38,40,47,50,104,107" m="43081" machi="50" ten="40,1300,0" yaku="11,1" doraHai="78" who="0" fromWho="2" sc="154,13,430,0,149,-13,267,0" owari="167,-23.3,430,53.0,136,-36.4,267,6.7" /></mjloggm>