<mjloggm ver="2.3"><GO type="225" lobby="0"/><UN n0="%E9%A6%AC%E5%BC%95%E7%81%AB%33" n1="%6C%61%6D%62" n2="%E6%98%93%E5%88%A9%E8%96%A9%E4%BC%AF" n3="%E3%81%A4%E3%81%A3%E3%81%B1%E3%82%8A%E3%83%9D%E3%83%BC%E3%83%AB" dan="16,16,16,17" rate="2060.74,2240.78,2116.19,2220.18" sx="M,M,F,M"/><TAIKYOKU oya="0"/><INIT seed="0,0,0,1,1,67" ten="250,250,250,250" oya="0" hai0="14,43,64,105,73,17,113,75,33,77,46,65,35" hai1="128,25,32,34,119,18,4,83,121,24,51,106,123" hai2="104,93,107,42,3,16,76,5,72,54,41,10,127" hai3="135,116,60,49,47,81,89,130,36,6,115,2,30"/><T71/><D113/><U74/><E106/><V91/><F127/><W110/><G115/><T23/><D105/><U96/><E119/><V117/><F117/><W112/><G112/><T94/><D94/><U22/><E96/><V120/><F120/><N who="1" m="46153" /><E51/><V100/><F100/><W26/><G36/><T48/><D65/><U13/><E83/><V28/><F28/><W87/><G116/><T124/><D124/><U19/><E74/><V88/><F91/><W85/><G110/><T20/><D20/><N who="1" m="13343" /><E128/><V0/><F0/><W15/><G2/><T1/><D1/><U27/><E4/><V52/><F104/><W125/><G130/><T45/><D45/><U7/><E7/><V86/><F107/><W9/><G125/><T55/><D55/><U102/><E102/><V53/><REACH who="2" step="1"/><F16/><REACH who="2" ten="250,250,240,250" step="2"/><W59/><G89/><T44/><D17/><N who="1" m="12495" /><E27/><V126/><F126/><W70/><G26/><T97/><D77/><U38/><E38/><V12/><F12/><W62/><G15/><T21/><D14/><U31/><E31/><V132/><F132/><W79/><G135/><T57/><D33/><U108/><E108/><V122/><F122/><W98/><G30/><T37/><D35/><U118/><E118/><V92/><F92/><W63/><G79/><T131/><D131/><U111/><E111/><V99/><F99/><W11/><G98/><T56/><D97/><U129/><E129/><V61/><F61/><W101/><G63/><T114/><D37/><U95/><E95/><V40/><F40/><N who="3" m="24807" /><G60/><N who="0" m="40327" /><D43/><U82/><E82/><AGARI ba="0,1" hai="3,5,10,41,42,52,53,54,72,76,82,86,88,93" machi="82" ten="40,12000,2" yaku="1,1,54,2,53,3" doraHai="67" doraHaiUra="50" who="2" fromWho="1" sc="250,0,250,-120,240,130,250,0" /><INIT seed="1,0,0,1,0,127" ten="250,130,370,250" oya="1" hai0="50,71,13,121,69,1,117,122,3,60,17,47,61" hai1="34,73,110,95,111,134,29,9,91,84,62,8,16" hai2="52,123,35,72,54,24,12,59,53,4,68,25,10" hai3="108,41,57,56,67,106,79,38,74,0,113,48,99"/><U104/><E104/><V49/><F123/><N who="0" m="47114" /><D117/><U102/><E73/><V133/><F68/><N who="0" m="26186" /><D61/><U128/><E102/><V22/><F133/><W87/><G113/><T82/><D60/><U33/><E134/><V120/><F120/><W65/><G0/><T66/><D82/><U101/><E101/><V126/><F126/><W18/><G74/><T20/><D66/><U44/><E62/><V2/><F72/><W77/><G38/><T112/><D112/><U46/><E128/><V89/><F89/><W39/><G39/><T88/><D88/><U14/><E9/><V83/><F83/><W114/><G114/><T94/><D94/><U75/><E75/><V7/><F7/><W40/><G106/><T109/><D109/><N who="1" m="41483" /><E29/><V37/><F10/><W32/><G108/><T130/><D130/><U58/><E58/><V45/><F59/><W64/><G57/><T86/><D86/><U30/><E30/><V92/><F92/><W116/><G87/><T107/><D107/><U70/><E70/><V135/><F135/><W97/><G56/><T5/><D5/><U90/><E90/><V28/><F4/><W55/><G65/><T100/><D100/><U119/><E119/><V63/><F28/><W129/><G116/><T6/><D6/><U105/><E105/><V23/><F63/><W27/><G129/><T26/><D13/><U42/><E44/><V125/><F45/><W115/><G64/><T85/><D85/><U132/><E132/><V11/><F11/><W21/><G67/><T78/><D78/><U93/><E93/><V76/><F76/><W15/><G77/><RYUUKYOKU ba="0,0" sc="250,15,130,15,370,-15,250,-15" hai0="1,3,17,20,26,47,50" hai1="8,14,16,33,34,42,46,84,91,95" /><INIT seed="1,1,0,2,3,9" ten="265,145,355,235" oya="1" hai0="115,76,10,90,108,121,82,36,28,91,1,53,71" hai1="64,74,48,128,109,54,25,62,0,33,37,83,63" hai2="40,125,135,12,89,22,120,14,39,47,134,105,27" hai3="112,104,50,31,88,59,19,26,23,41,97,4,15"/><U5/><E37/><V86/><F105/><W65/><G112/><T126/><D115/><U67/><E128/><V116/><F116/><W73/><G73/><T95/><D71/><U43/><E0/><V55/><F125/><W68/><G4/><T6/><D108/><U21/><E33/><V93/><F55/><W57/><G68/><T98/><D126/><U129/><E129/><V45/><F45/><N who="3" m="25903" /><G104/><T32/><D121/><U94/><E109/><V130/><F120/><W16/><G65/><N who="1" m="25162" /><E74/><V49/><F39/><W119/><G31/><T42/><D53/><U131/><E131/><V81/><F81/><W60/><G60/><N who="1" m="23082" /><E5/><V114/><F114/><W78/><G78/><T113/><D113/><U117/><E117/><V56/><F56/><N who="3" m="21579" /><G119/><T111/><D111/><U106/><E106/><V96/><F96/><W3/><G3/><T7/><D7/><U44/><E83/><V102/><F102/><W127/><G127/><T123/><D123/><U132/><E132/><N who="2" m="50731" /><F130/><W2/><G2/><T8/><D1/><U52/><E94/><V13/><F27/><W110/><G110/><T17/><D6/><U66/><N who="1" m="25170" /><U75/><DORA hai="38" /><E75/><V20/><AGARI ba="1,0" hai="12,13,14,20,22,40,47,49,86,89,93" m="50731" machi="20" ten="40,8000,1" yaku="20,1,52,4" doraHai="9,38" who="2" fromWho="2" sc="265,-21,145,-41,355,83,235,-21" /><INIT seed="2,0,0,4,0,101" ten="244,104,438,214" oya="2" hai0="102,0,10,40,16,98,122,131,60,43,91,19,6" hai1="115,88,18,3,70,126,45,68,110,114,113,4,104" hai2="31,120,37,2,100,127,8,121,135,42,41,89,129" hai3="132,32,107,57,61,79,63,15,38,78,81,53,108"/><V59/><F100/><W72/><G108/><T111/><D122/><U46/><E18/><V106/><F31/><W34/><G132/><T95/><D111/><U58/><E110/><V93/><F106/><W73/><G38/><T49/><D131/><U80/><E4/><V117/><F117/><W119/><G119/><T17/><D49/><U23/><E23/><V48/><F37/><W62/><G107/><T7/><D7/><U26/><E26/><V69/><F69/><W20/><G20/><T116/><D116/><U50/><E3/><V9/><F2/><W82/><REACH who="3" step="1"/><G15/><REACH who="3" ten="244,104,438,204" step="2"/><T21/><D21/><U134/><E104/><V96/><F135/><W28/><G28/><T71/><D102/><U12/><E12/><V35/><F120/><W54/><G54/><T66/><AGARI ba="0,1" hai="0,6,10,16,17,19,40,43,60,66,71,91,95,98" machi="66" ten="30,2000,0" yaku="0,1,54,1" doraHai="101" who="0" fromWho="0" sc="244,30,104,-5,438,-10,204,-5" /><INIT seed="3,0,0,4,2,75" ten="274,99,428,199" oya="3" hai0="62,43,40,46,108,134,124,118,119,69,122,15,33" hai1="27,38,28,29,95,21,67,8,14,82,96,22,74" hai2="55,5,85,3,120,101,25,76,71,107,10,93,125" hai3="89,56,11,116,100,86,45,0,135,44,111,130,80"/><W66/><G116/><T58/><D33/><U7/><E38/><V109/><F71/><W70/><G70/><T42/><D15/><U68/><E68/><V115/><F115/><W87/><G135/><T37/><D134/><U112/><E112/><V106/><F109/><W12/><G0/><T32/><D32/><U47/><E67/><V94/><F125/><W102/><G130/><T23/><D23/><U57/><E47/><N who="3" m="17994" /><G87/><T17/><D17/><U99/><E57/><V129/><F85/><W127/><G127/><T49/><D124/><U63/><E63/><V92/><F107/><W1/><G1/><T78/><D108/><U4/><E4/><V97/><F106/><W103/><G111/><T131/><D69/><U48/><E48/><V65/><F3/><W34/><G34/><T2/><D2/><U13/><E95/><V133/><F120/><W16/><G56/><T35/><D35/><U132/><E132/><V9/><F129/><W88/><G66/><T18/><D131/><U6/><E74/><V79/><F65/><W90/><AGARI ba="0,0" hai="11,12,16,80,86,88,89,90,100,102,103" m="17994" machi="90" ten="30,6000,0" yaku="8,1,54,2" doraHai="75" who="3" fromWho="3" sc="274,-20,99,-20,428,-20,199,60" /><INIT seed="3,1,0,3,3,71" ten="254,79,408,259" oya="3" hai0="33,113,13,122,128,7,100,30,34,70,134,1,89" hai1="127,90,35,80,49,117,101,109,94,9,88,78,39" hai2="83,41,93,125,32,48,10,133,129,58,131,52,87" hai3="65,132,53,17,56,14,8,107,38,20,85,123,67"/><W15/><G123/><T26/><D122/><U97/><E35/><V3/><F32/><W73/><G73/><T42/><D70/><U28/><E9/><V99/><F125/><W4/><G132/><T47/><D134/><U21/><E49/><V74/><F74/><W44/><G107/><T27/><D128/><N who="2" m="49226" /><F41/><W51/><G38/><T111/><D111/><U103/><E39/><V112/><F112/><W62/><REACH who="3" step="1"/><G85/><REACH who="3" ten="254,79,408,249" step="2"/><T84/><D113/><U72/><E109/><V16/><F133/><W40/><AGARI ba="1,1" hai="4,8,14,15,17,20,40,44,51,53,56,62,65,67" machi="40" ten="20,12000,1" yaku="1,1,2,1,0,1,7,1,8,1,53,0" doraHai="71" doraHaiUra="130" who="3" fromWho="3" sc="254,-41,79,-41,408,-41,249,133" owari="213,-18.7,38,-46.2,367,16.7,382,48.2" /></mjloggm>