<mjloggm ver="2.3"><GO type="225" lobby="0"/><UN n0="%E5%B0%8F%E9%B3%A5%E9%81%8A%E7%B7%B4%E7%84%A1%32%31%E6%AD%B3" n1="%E3%83%B4%E3%83%A0%EF%BC%99%E3%81%A6" n2="%E6%A1%9C%E8%8A%B1%E9%96%83%E3%80%85" n3="%4C%4F%4C%49%54%41" dan="16,16,16,16" rate="2184.45,2177.92,2158.15,2075.38" sx="F,M,M,F"/><TAIKYOKU oya="0"/><INIT seed="0,0,0,0,5,95" ten="250,250,250,250" oya="0" hai0="1,45,51,65,7,69,121,32,62,84,88,124,106" hai1="130,114,67,55,46,2,83,24,33,15,107,110,53" hai2="19,92,113,12,127,87,74,111,117,43,20,73,131" hai3="115,23,86,39,132,54,9,68,16,80,129,40,120"/><T3/><D121/><U41/><E2/><V4/><F113/><W108/><G115/><T99/><D124/><U64/><E114/><V128/><F127/><W29/><G68/><T116/><D32/><U81/><E110/><V77/><F111/><W34/><G108/><T14/><D116/><U18/><E107/><V49/><F117/><W104/><G104/><T76/><D76/><U11/><E130/><N who="2" m="49707" /><F4/><W42/><G129/><T98/><D106/><U44/><E33/><V5/><F5/><W82/><G39/><T94/><D14/><U28/><E24/><V85/><F92/><W13/><G132/><T118/><D118/><U22/><E22/><V0/><F0/><W35/><G120/><T133/><D133/><U61/><E28/><V8/><F8/><W57/><G34/><T96/><REACH who="0" step="1"/><D7/><REACH who="0" ten="240,250,250,250" step="2"/><U126/><E15/><V58/><F77/><W30/><G35/><T79/><D79/><U48/><E126/><V123/><F123/><W71/><G13/><T10/><D10/><U93/><E11/><V37/><F74/><W109/><G9/><T119/><D119/><U97/><E18/><V122/><F73/><W125/><G125/><T47/><D47/><U70/><E46/><N who="2" m="23919" /><F122/><W102/><G109/><T63/><D63/><U6/><E6/><V17/><F17/><W66/><G16/><T100/><D100/><U21/><E21/><V75/><F75/><W103/><G103/><T90/><D90/><U72/><E72/><V25/><F12/><W36/><G23/><T89/><D89/><U105/><E105/><V112/><F112/><W31/><G102/><RYUUKYOKU ba="0,1" sc="240,15,250,-15,250,15,250,-15" hai0="1,3,45,51,62,65,69,84,88,94,96,98,99" hai2="19,20,25,49,58,85,87" /><INIT seed="0,1,1,0,3,51" ten="255,235,265,235" oya="0" hai0="123,45,79,49,1,39,56,118,111,124,7,68,67" hai1="55,29,102,126,88,33,113,18,41,97,109,119,74" hai2="35,129,91,71,120,26,42,73,30,20,57,5,86" hai3="77,94,44,87,121,16,116,122,69,27,115,8,12"/><T89/><D123/><N who="3" m="47113" /><G115/><T25/><D118/><U6/><E119/><V3/><F120/><W52/><G116/><T105/><D105/><U50/><E6/><V31/><F71/><W98/><G69/><T19/><D79/><U130/><E74/><V54/><F73/><W36/><G27/><T37/><D89/><U135/><E113/><V84/><F129/><W83/><G36/><N who="0" m="13899" /><D19/><U40/><E130/><V131/><F42/><W66/><G66/><T53/><D25/><U76/><E76/><V80/><F131/><W132/><G132/><T11/><D124/><U64/><E64/><V85/><F35/><W65/><G65/><T101/><D101/><U75/><E75/><V22/><F31/><W93/><G98/><T59/><D11/><U114/><E114/><V72/><F72/><W107/><G107/><T81/><D81/><U99/><E99/><V125/><F125/><W62/><G44/><N who="0" m="27815" /><D7/><U112/><E126/><V108/><F5/><W10/><G8/><T82/><D82/><U0/><E102/><V63/><F20/><W17/><G17/><T103/><D103/><U28/><E18/><V24/><F24/><W23/><G10/><T14/><D14/><U15/><E15/><V100/><F100/><W117/><G117/><T2/><D45/><U48/><E28/><V110/><F3/><W38/><G38/><T58/><D111/><AGARI ba="1,1" hai="22,26,30,54,57,63,80,84,85,86,91,108,110,111" machi="111" ten="40,2600,0" yaku="14,1,52,1" doraHai="51" who="2" fromWho="0" sc="255,-29,235,0,265,39,235,0" /><INIT seed="1,0,0,3,1,125" ten="226,235,304,235" oya="1" hai0="107,106,17,58,111,30,46,2,114,59,1,6,88" hai1="3,36,119,98,11,14,68,135,70,60,26,54,100" hai2="104,56,22,48,5,117,87,105,99,73,66,35,8" hai3="86,80,90,120,124,21,55,129,18,110,13,134,23"/><U7/><E119/><V67/><F117/><W74/><G120/><T112/><D30/><U15/><E36/><V31/><F73/><W133/><G124/><T32/><D32/><U83/><E135/><N who="3" m="51722" /><G110/><T115/><D111/><U9/><E83/><V47/><F22/><N who="3" m="11599" /><G129/><T69/><D69/><U109/><E109/><V113/><F87/><W77/><G55/><T49/><D17/><U94/><E26/><V93/><F56/><N who="0" m="21546" /><D6/><U131/><E54/><V96/><F93/><AGARI ba="0,0" hai="21,23,74,77,80,86,90,93" m="11599,51722" machi="93" ten="30,1000,0" yaku="20,1" doraHai="125" who="3" fromWho="2" sc="226,0,235,0,304,-10,235,10" /><INIT seed="2,0,0,2,5,34" ten="226,235,294,245" oya="2" hai0="36,47,130,62,49,61,131,82,45,13,99,94,17" hai1="80,60,93,75,33,16,116,103,111,44,51,101,95" hai2="72,56,1,27,54,68,92,129,46,79,70,78,38" hai3="106,110,21,58,53,76,122,22,120,98,107,0,20"/><V100/><F129/><N who="0" m="49162" /><D36/><U8/><E33/><V30/><F1/><W42/><G0/><T15/><D82/><U77/><E116/><V133/><F133/><W91/><G110/><T74/><D74/><U71/><E111/><V128/><F128/><W9/><G76/><T28/><D28/><U29/><E29/><V65/><F65/><W50/><G9/><N who="0" m="6319" /><D15/><U135/><E135/><V43/><F100/><W123/><G42/><N who="0" m="24759" /><D47/><U37/><E37/><V14/><F14/><W12/><G12/><T88/><AGARI ba="0,0" hai="61,62,88,94,99" m="24759,6319,49162" machi="88" ten="30,2000,0" yaku="19,1,54,1" doraHai="34" who="0" fromWho="0" sc="226,20,235,-5,294,-10,245,-5" /><INIT seed="3,0,0,3,3,57" ten="246,230,284,240" oya="3" hai0="28,29,26,4,14,77,52,27,66,13,43,25,31" hai1="10,114,11,24,34,86,121,87,112,80,130,23,72" hai2="8,0,41,88,135,101,108,49,74,15,50,67,119" hai3="115,125,128,133,38,48,117,78,97,107,92,16,6"/><W69/><G115/><T55/><D43/><U22/><E121/><V73/><F0/><W126/><G38/><T99/><D77/><U118/><E72/><V40/><F101/><W39/><G39/><T35/><D4/><U98/><E98/><V102/><F102/><W47/><G117/><T124/><D124/><N who="3" m="47721" /><G107/><T51/><D99/><U63/><E118/><V116/><F67/><W91/><G133/><T96/><D96/><U83/><E24/><V32/><F32/><W110/><G128/><T5/><D5/><U105/><E34/><V89/><F108/><W19/><G110/><T120/><D120/><U134/><E105/><V2/><F15/><N who="0" m="5642" /><D35/><U17/><E17/><N who="3" m="6730" /><G6/><T21/><D21/><U45/><E45/><V75/><F75/><W76/><G69/><T123/><D123/><U46/><E46/><V65/><F135/><W100/><G91/><T127/><D127/><U64/><E134/><V18/><F8/><N who="1" m="3113" /><E130/><V95/><F116/><W33/><G33/><T37/><D37/><U56/><E112/><V58/><F119/><W20/><G20/><N who="1" m="7722" /><E114/><V68/><F68/><W62/><G62/><T111/><D111/><U71/><E71/><V82/><F2/><W90/><G100/><T103/><D103/><U61/><E63/><N who="2" m="38135" /><F18/><W85/><G97/><T44/><D66/><U81/><AGARI ba="0,0" hai="56,61,64,80,81,83,86,87" m="7722,3113" machi="81" ten="30,2000,0" yaku="8,1,52,1" doraHai="57" who="1" fromWho="1" sc="246,-5,230,20,284,-5,240,-10" /><INIT seed="4,0,0,2,1,124" ten="241,250,279,230" oya="0" hai0="37,51,21,132,111,72,24,81,116,39,102,32,42" hai1="123,67,12,11,56,85,108,26,76,61,19,86,4" hai2="53,125,34,30,93,55,99,5,74,80,101,128,107" hai3="1,49,77,64,57,31,54,2,3,62,83,14,89"/><T129/><D116/><U22/><E123/><V73/><F125/><W112/><G112/><T117/><D117/><U38/><E38/><V100/><F5/><W48/><G31/><T126/><D32/><U20/><E108/><V33/><F30/><W50/><G14/><T106/><D126/><U88/><E76/><V10/><F10/><W47/><REACH who="3" step="1"/><G89/><REACH who="3" ten="241,250,279,220" step="2"/><T27/><D111/><U134/><E88/><V115/><F115/><W15/><G15/><T114/><D114/><U44/><E134/><V119/><F119/><W95/><G95/><T60/><D24/><U131/><E26/><V59/><F93/><W9/><G9/><T40/><D27/><U79/><E12/><V98/><F33/><W90/><G90/><T130/><D106/><U58/><E11/><V94/><F34/><W91/><G91/><T135/><D21/><U25/><E22/><V23/><F23/><W133/><G133/><T6/><D135/><U120/><E20/><V92/><F107/><W28/><G28/><T82/><D132/><U127/><E25/><V52/><F94/><W78/><G78/><T17/><D6/><U121/><E79/><N who="2" m="44143" /><F92/><W118/><G118/><T122/><D122/><U109/><E127/><V43/><F99/><W41/><G41/><T70/><D40/><U96/><E96/><V71/><F43/><W104/><G104/><T110/><D42/><U65/><E4/><V84/><F98/><W68/><G68/><T103/><D70/><U13/><E109/><V69/><F69/><W0/><N who="3" m="0" /><DORA hai="97" /><W8/><G8/><T35/><D110/><U105/><E105/><RYUUKYOKU ba="0,1" sc="241,-10,250,-10,279,-10,220,30" hai3="47,48,49,50,54,57,62,64,77,83" /><INIT seed="5,1,1,4,0,23" ten="231,240,269,250" oya="1" hai0="102,14,37,38,106,58,93,128,129,46,112,40,70" hai1="69,83,1,107,60,133,125,116,67,32,85,49,16" hai2="65,42,53,71,54,77,64,45,78,41,91,7,59" hai3="73,68,97,15,75,11,134,76,52,56,92,47,55"/><U122/><E116/><V4/><F71/><W18/><G68/><T21/><D70/><U95/><E107/><V66/><F91/><W130/><G130/><N who="0" m="50283" /><D106/><U103/><E122/><V84/><F84/><W126/><G126/><T96/><D58/><U3/><E125/><V57/><F65/><W98/><G134/><T44/><D112/><U25/><E133/><V87/><F87/><W13/><G75/><T81/><D81/><U104/><E104/><V108/><F108/><W17/><G73/><T80/><D80/><U86/><E49/><V109/><F109/><W89/><G76/><T99/><D99/><U121/><E121/><V10/><F10/><N who="3" m="6327" /><G47/><AGARI ba="1,1" hai="4,7,41,42,45,47,53,54,57,59,64,66,77,78" machi="47" ten="25,3200,0" yaku="22,2,8,1" doraHai="23" who="2" fromWho="3" sc="231,0,240,0,269,45,250,-35" owari="231,-16.9,240,4.0,314,41.4,215,-28.5" /></mjloggm>