<mjloggm ver="2.3"><GO type="225" lobby="0"/><UN n0="%E9%B3%B3%E6%9D%B1%E3%81%AE%E3%81%BF%E3%81%91%E3%81%AB%E3%82%83%E3%82%93" n1="%E3%83%A9%E3%82%A4%E3%83%B3%E3%81%AE%E8%99%8E" n2="%E6%98%93%E5%88%A9%E8%96%A9%E4%BC%AF" n3="%E6%A1%9C%E8%8A%B1%E9%96%83%E3%80%85" dan="17,16,17,16" rate="2166.11,2128.07,2197.16,2125.90" sx="F,M,F,M"/><TAIKYOKU oya="0"/><INIT seed="0,0,0,4,4,98" ten="250,250,250,250" oya="0" hai0="93,29,34,135,109,37,104,20,115,6,35,30,1" hai1="8,9,11,12,17,16,132,118,75,94,51,38,85" hai2="130,46,45,102,28,25,27,31,121,40,49,5,24" hai3="87,129,36,3,32,126,57,90,43,7,133,80,18"/><T112/><D104/><U53/><E118/><V95/><F121/><W81/><G129/><T111/><D37/><U2/><E132/><V22/><F130/><W33/><G133/><T97/><D97/><U122/><E122/><V114/><F114/><N who="0" m="43562" /><D93/><U113/><E113/><V82/><F5/><W103/><G126/><T13/><D135/><U39/><E75/><V83/><F46/><W88/><G57/><T59/><D59/><U101/><E2/><V42/><F42/><W67/><G67/><T10/><D13/><N who="1" m="7231" /><E38/><V44/><F44/><W19/><G43/><T108/><D20/><N who="1" m="11303" /><E39/><V4/><F22/><W134/><G36/><T69/><D69/><U92/><E92/><V124/><F124/><W47/><G47/><T64/><D64/><U110/><E110/><V77/><F77/><W63/><G134/><T91/><D91/><N who="1" m="53615" /><E101/><V105/><F105/><W41/><G103/><T73/><D73/><U15/><E15/><V125/><F125/><W123/><G90/><T128/><D128/><U99/><E99/><V76/><F76/><W61/><G88/><T116/><D116/><U96/><E96/><V21/><F21/><W79/><G123/><T70/><D70/><U100/><E100/><V0/><F102/><W26/><G79/><T84/><D84/><U131/><E131/><V50/><F95/><W71/><G87/><T72/><D72/><U119/><E119/><V60/><F83/><W68/><G80/><T55/><D55/><U106/><E106/><V54/><F82/><W66/><G81/><T23/><D23/><U107/><E107/><V48/><F54/><RYUUKYOKU ba="0,0" sc="250,15,250,15,250,-15,250,-15" hai0="1,6,10,29,30,34,35,108,109,111" hai1="8,9,51,53" /><INIT seed="0,1,0,4,3,38" ten="265,265,235,235" oya="0" hai0="93,82,69,107,113,76,79,37,128,71,48,41,115" hai1="118,126,63,117,46,19,132,52,114,12,27,32,98" hai2="64,10,44,62,39,68,81,8,20,108,103,86,56" hai3="104,66,77,74,50,9,7,60,101,59,87,51,105"/><T15/><D107/><U18/><E126/><V28/><F108/><W135/><G74/><T133/><D37/><U112/><E132/><V22/><F68/><W94/><G135/><T49/><D133/><U70/><E98/><V73/><F73/><W26/><G26/><T5/><D128/><U13/><E70/><V54/><F103/><W53/><G51/><T23/><D93/><U129/><E129/><V116/><F116/><N who="1" m="44649" /><E63/><V25/><F22/><W16/><G16/><N who="1" m="6186" /><E52/><V11/><F39/><W65/><G65/><T45/><D23/><U34/><E46/><V80/><REACH who="2" step="1"/><F86/><REACH who="2" ten="265,265,225,235" step="2"/><W85/><G85/><T36/><D71/><U88/><E32/><V102/><F102/><W47/><G101/><T72/><D69/><U122/><E122/><V124/><F124/><W120/><G120/><T92/><D36/><U91/><E34/><V75/><F75/><W61/><G87/><T111/><D111/><U119/><E119/><V0/><F0/><W24/><G104/><T127/><D127/><U58/><E27/><V84/><F84/><W106/><G24/><T89/><D72/><U6/><E91/><V57/><F57/><N who="3" m="37167" /><G94/><T131/><D89/><U55/><E88/><V35/><F35/><W1/><G106/><T31/><D92/><U110/><E110/><V95/><F95/><W4/><G105/><T83/><D131/><U42/><E13/><V40/><F40/><N who="3" m="24935" /><G77/><T96/><D76/><U21/><E42/><V43/><F43/><W17/><G1/><T125/><D79/><U30/><E12/><AGARI ba="1,1" hai="4,7,9,12,17,53,59,60" m="24935,37167" machi="12" ten="30,2000,0" yaku="8,1,52,1" doraHai="38" who="3" fromWho="1" sc="265,0,265,-23,225,0,235,33" /><INIT seed="1,0,0,2,1,52" ten="265,242,225,268" oya="1" hai0="0,118,95,85,47,23,79,68,26,75,101,125,132" hai1="20,35,120,107,76,78,135,3,6,83,60,12,133" hai2="27,40,2,38,119,93,67,129,71,48,25,58,49" hai3="73,9,10,130,57,29,111,105,45,90,37,126,97"/><U80/><E35/><V65/><F2/><W91/><G111/><T34/><D118/><U100/><E3/><V131/><F119/><W86/><G73/><T113/><D113/><U84/><E120/><V99/><F99/><W46/><G126/><T108/><D34/><U124/><E124/><V127/><F93/><N who="3" m="56511" /><G37/><T104/><D0/><U87/><E60/><N who="2" m="40359" /><F27/><W51/><G130/><N who="2" m="49673" /><F25/><W64/><G105/><T24/><D68/><U62/><E100/><V8/><F8/><N who="3" m="3179" /><G29/><T11/><D11/><U106/><E6/><V88/><F88/><W109/><G109/><T17/><D108/><U134/><REACH who="1" step="1"/><E62/><REACH who="1" ten="265,232,225,268" step="2"/><N who="2" m="38359" /><F127/><W61/><G51/><T102/><D125/><U122/><E122/><V55/><F55/><W7/><G7/><T110/><D110/><U5/><E5/><V39/><F39/><W53/><G53/><T114/><D102/><U14/><E14/><V94/><F94/><AGARI ba="0,1" hai="45,46,57,61,64,86,90,94" m="3179,56511" machi="94" ten="30,2000,0" yaku="8,1,52,1" doraHai="52" who="3" fromWho="2" sc="265,0,232,0,225,-20,268,30" /><INIT seed="2,0,0,1,3,55" ten="265,232,205,298" oya="2" hai0="51,70,91,108,42,121,30,120,129,111,110,88,122" hai1="135,59,116,19,36,14,9,49,115,90,6,74,93" hai2="56,15,23,3,50,32,25,48,52,21,99,72,47" hai3="100,5,4,27,61,83,85,75,63,44,64,18,65"/><V78/><F3/><W131/><G75/><T58/><D70/><U132/><E74/><V124/><F124/><W117/><G117/><T118/><D118/><U62/><E36/><V125/><F125/><W102/><G131/><T87/><D129/><U95/><E116/><V67/><F72/><W126/><G44/><N who="0" m="26007" /><D30/><U119/><E119/><V7/><F78/><N who="3" m="46327" /><G126/><T130/><D130/><U31/><E31/><V35/><F99/><W43/><G43/><T29/><D29/><U54/><E115/><V98/><F35/><W24/><G63/><T128/><D128/><U28/><E28/><V133/><F32/><W34/><G18/><T38/><D38/><U0/><E62/><N who="2" m="38343" /><F133/><N who="1" m="51273" /><E90/><N who="0" m="34345" /><D87/><U33/><E33/><V60/><F60/><W68/><G68/><T89/><N who="0" m="34353" /><T37/><DORA hai="8" /><D37/><U80/><E80/><V109/><F109/><W134/><G134/><T10/><D10/><AGARI ba="0,0" hai="0,6,9,10,14,19,49,54,59,93,95" m="51273" machi="10" ten="30,3900,0" yaku="20,1,52,2" doraHai="55,8" who="1" fromWho="0" sc="265,-39,232,39,205,0,298,0" /><INIT seed="3,0,0,4,5,135" ten="226,271,205,298" oya="3" hai0="5,92,117,53,44,9,48,43,1,13,86,63,120" hai1="105,0,55,52,101,19,50,15,111,2,16,51,35" hai2="30,31,71,99,68,132,94,118,22,121,124,91,93" hai3="37,14,98,11,122,113,57,127,47,20,38,70,64"/><W129/><G127/><T106/><D117/><U97/><E35/><V17/><F118/><W90/><G113/><T40/><D120/><U23/><E111/><V25/><F121/><W88/><G122/><T28/><D106/><U72/><E72/><V110/><F110/><W66/><G70/><T80/><D28/><U27/><E51/><V58/><F132/><W18/><G129/><T67/><D92/><U100/><E100/><V78/><F71/><W61/><G38/><T108/><D1/><U32/><E55/><V60/><F68/><W104/><G104/><T29/><D29/><U59/><E32/><V134/><F134/><W39/><G39/><T6/><D6/><U79/><E79/><V109/><F109/><W21/><G66/><T10/><D10/><AGARI ba="0,0" hai="0,2,10,15,16,19,23,27,50,52,59,97,101,105" machi="10" ten="30,3900,0" yaku="7,1,54,2" doraHai="135" who="1" fromWho="0" sc="226,-39,271,39,205,0,298,0" owari="187,-31.3,310,41.0,205,-19.5,298,9.8" /></mjloggm>