<mjloggm ver="2.3"><GO type="225" lobby="0"/><UN n0="%E3%83%B4%E3%83%A0%EF%BC%99%E3%81%A6" n1="%E3%81%82%E3%82%93%E3%81%AA%E3%81%A4" n2="%E3%81%BF%E3%81%BF%E3%81%9A" n3="%E3%81%8B%E3%82%8F%E3%81%A1%E3%82%83%E3%82%93%35%38" dan="17,17,17,16" rate="2163.03,2188.69,2207.94,2146.31" sx="M,M,M,M"/><TAIKYOKU oya="0"/><INIT seed="0,0,0,1,3,61" ten="250,250,250,250" oya="0" hai0="114,102,79,37,3,14,23,118,18,4,105,111,123" hai1="117,98,90,106,104,21,44,124,100,2,41,73,26" hai2="24,54,84,29,1,87,6,68,132,82,69,75,72" hai3="65,116,85,96,59,103,30,38,128,17,70,56,115"/><T27/><D114/><U9/><E117/><V120/><F120/><W131/><G116/><T15/><D118/><U74/><E124/><V89/><F132/><W25/><G115/><T8/><D123/><U134/><E106/><V88/><F6/><W22/><G38/><T80/><D37/><U122/><E134/><V121/><F121/><W20/><G85/><T48/><D111/><U47/><E122/><V126/><F1/><W93/><G70/><T86/><D105/><U110/><E110/><V101/><F101/><W81/><G81/><T76/><D102/><U129/><E129/><N who="3" m="49738" /><G65/><T10/><D76/><U5/><E90/><V28/><F126/><W113/><G113/><T133/><D133/><U135/><E135/><V49/><F69/><W19/><G19/><T39/><D39/><U53/><E53/><V11/><F68/><W127/><G127/><T125/><D125/><U43/><E43/><V64/><F64/><W42/><G42/><T55/><REACH who="0" step="1"/><D8/><REACH who="0" ten="240,250,250,250" step="2"/><U12/><E9/><V32/><F11/><W107/><G107/><T108/><D108/><U36/><E104/><V31/><F75/><W16/><G30/><T99/><D99/><U51/><E98/><V35/><F72/><W40/><G40/><T60/><D60/><U95/><E41/><V97/><F97/><W77/><G77/><T92/><D92/><U34/><E95/><V112/><F112/><W83/><G83/><T119/><D119/><U66/><E73/><V33/><F33/><W46/><G46/><AGARI ba="0,1" hai="3,4,10,14,15,18,23,27,46,48,55,79,80,86" machi="46" ten="30,2900,0" yaku="1,1,7,1,53,0" doraHai="61" doraHaiUra="63" who="0" fromWho="3" sc="240,39,250,0,250,0,250,-29" /><INIT seed="0,1,0,3,4,119" ten="279,250,250,221" oya="0" hai0="25,15,51,2,41,112,35,86,92,14,113,106,97" hai1="46,93,7,11,68,54,114,23,105,81,0,77,55" hai2="126,96,73,108,87,80,110,30,64,111,6,102,132" hai3="42,94,101,58,125,121,17,20,116,79,24,107,19"/><T78/><D2/><U130/><E105/><V71/><F6/><W70/><G70/><T18/><D106/><U45/><E68/><V122/><F30/><W16/><G116/><T99/><D35/><U1/><E130/><V76/><F64/><W115/><G115/><T13/><D112/><U49/><E114/><V129/><F71/><W31/><G107/><T43/><D113/><U4/><E93/><N who="2" m="58639" /><F129/><W103/><G125/><T39/><D39/><U128/><E23/><V84/><F126/><W88/><G121/><T52/><D25/><U62/><E128/><V60/><F60/><W50/><G79/><T74/><D18/><U27/><E27/><V38/><F38/><W135/><G135/><T28/><D28/><U91/><E91/><V133/><F122/><W123/><G123/><T95/><D74/><U90/><E90/><V5/><F5/><W33/><G33/><T8/><D8/><U57/><E7/><V104/><F104/><W36/><G36/><T10/><D10/><U83/><E0/><V53/><F53/><N who="3" m="32055" /><G42/><N who="0" m="15883" /><D97/><AGARI ba="1,0" hai="16,17,19,20,24,31,88,94,97,101,103" m="32055" machi="97" ten="30,3900,0" yaku="8,1,54,2" doraHai="119" who="3" fromWho="0" sc="279,-42,250,0,250,0,221,42" /><INIT seed="1,0,0,1,2,56" ten="237,250,250,263" oya="1" hai0="90,116,89,99,93,6,12,32,104,47,4,44,51" hai1="33,34,120,73,107,86,19,20,91,17,64,55,39" hai2="2,59,109,70,130,30,36,123,28,68,79,117,18" hai3="83,114,25,105,111,76,7,115,63,133,5,128,29"/><U24/><E120/><V119/><F123/><W1/><G105/><T82/><D116/><U74/><E107/><V15/><F36/><W108/><G63/><T126/><D126/><U69/><E39/><V0/><F79/><W27/><G133/><T124/><D124/><U132/><E132/><V26/><F59/><W87/><G128/><T53/><D32/><U100/><E100/><V58/><F58/><W72/><G87/><N who="0" m="50423" /><D104/><U81/><E55/><V96/><F96/><W88/><G88/><T112/><D112/><U38/><E38/><V14/><F130/><W43/><G43/><T106/><D106/><U102/><E102/><V67/><F67/><W92/><G92/><T131/><D131/><U3/><E3/><N who="2" m="1067" /><F109/><N who="3" m="42059" /><G27/><T42/><D42/><U66/><E73/><V57/><F57/><W103/><G103/><T40/><D40/><U22/><E74/><V9/><F70/><W35/><G1/><T125/><D125/><U71/><E69/><V11/><F68/><W8/><G8/><N who="0" m="4103" /><D47/><U121/><E121/><V50/><F50/><W61/><G61/><T94/><D93/><U65/><REACH who="1" step="1"/><E71/><REACH who="1" ten="237,240,250,263" step="2"/><V13/><F119/><W37/><G37/><T60/><D60/><U16/><E16/><N who="2" m="8239" /><F117/><W80/><G115/><T98/><D53/><U54/><E54/><V48/><F48/><W95/><G114/><T46/><D51/><U110/><E110/><V49/><F49/><W127/><G127/><T23/><D46/><U62/><E62/><V118/><F118/><W41/><G41/><T45/><D44/><U10/><E10/><N who="2" m="6487" /><F26/><AGARI ba="0,1" hai="17,19,20,22,24,26,33,34,64,65,66,81,86,91" machi="26" ten="40,3900,0" yaku="1,1,9,1,53,0" doraHai="56" doraHaiUra="129" who="1" fromWho="2" sc="237,0,240,49,250,-39,263,0" /><INIT seed="1,1,0,0,0,79" ten="237,289,211,263" oya="1" hai0="27,133,16,52,111,30,34,75,126,122,132,131,31" hai1="32,19,90,134,94,38,108,44,72,20,95,110,14" hai2="116,39,46,81,40,1,25,64,68,71,7,103,91" hai3="56,58,23,9,62,83,10,117,119,125,70,49,78"/><U5/><E134/><N who="0" m="51817" /><D111/><N who="1" m="42539" /><E32/><V129/><F116/><N who="3" m="44619" /><G125/><T41/><D126/><U55/><E72/><V96/><F129/><W102/><G102/><T65/><D131/><U12/><E90/><V85/><F64/><N who="3" m="41239" /><G23/><N who="0" m="13799" /><D122/><U11/><E55/><V89/><F89/><W21/><G21/><T3/><D3/><U35/><E35/><V98/><F25/><W101/><G101/><T130/><D130/><U29/><E29/><V33/><F33/><W97/><G97/><T59/><D34/><U74/><E74/><V99/><REACH who="2" step="1"/><F103/><REACH who="2" ten="237,289,201,263" step="2"/><W13/><G78/><T2/><D65/><U135/><E135/><V18/><F18/><W50/><G83/><T82/><D2/><U121/><E121/><V118/><F118/><W124/><G124/><T47/><D82/><U80/><E80/><V60/><F60/><W37/><G13/><T107/><D30/><U54/><E14/><V28/><F28/><W4/><G4/><T87/><D31/><U76/><E5/><V63/><F63/><W92/><G92/><T51/><D75/><U45/><E94/><V36/><F36/><W22/><G37/><N who="0" m="21935" /><D87/><U57/><E38/><V112/><F112/><W53/><G22/><T61/><D61/><N who="1" m="36023" /><E95/><V67/><F67/><W6/><G6/><T128/><D128/><U100/><E20/><V88/><F88/><W69/><G69/><T109/><D109/><U17/><E100/><V0/><F0/><W86/><G86/><T42/><D42/><U106/><E19/><V105/><F105/><AGARI ba="1,1" hai="51,52,59,105,107" m="21935,13799,51817" machi="105" ten="30,3900,0" yaku="20,1,54,2" doraHai="79" who="0" fromWho="2" sc="237,52,289,0,201,-42,263,0" /><INIT seed="2,0,0,3,5,132" ten="289,289,159,263" oya="2" hai0="92,26,76,7,104,134,6,8,113,70,50,29,95" hai1="106,15,31,133,74,109,86,124,13,39,21,52,118" hai2="38,79,17,48,42,35,33,60,102,14,1,93,40" hai3="41,3,101,111,12,126,94,10,131,80,68,75,88"/><V97/><F1/><W9/><G68/><T96/><D113/><U112/><E74/><V85/><F38/><W23/><G111/><T57/><D70/><U117/><E39/><V43/><F35/><W46/><G131/><T81/><D134/><U69/><E133/><V16/><F33/><W100/><G23/><T63/><D50/><U135/><E135/><V34/><F34/><W25/><G25/><T44/><D44/><U116/><E106/><V130/><F130/><W37/><G10/><T62/><D104/><U66/><E112/><V67/><F48/><W61/><G61/><T59/><D8/><U110/><E86/><V128/><F128/><W108/><G108/><N who="1" m="41578" /><E124/><V45/><F45/><W121/><G121/><T87/><D26/><N who="1" m="16847" /><E52/><V32/><F32/><W107/><G107/><T58/><D29/><U28/><E28/><V4/><F79/><N who="3" m="44159" /><G12/><T2/><D2/><U83/><E83/><V51/><F51/><W73/><G73/><T5/><REACH who="0" step="1"/><D92/><REACH who="0" ten="279,289,159,263" step="2"/><U11/><E11/><N who="2" m="4455" /><F85/><N who="3" m="52495" /><G126/><T19/><D19/><N who="2" m="7242" /><F60/><AGARI ba="0,1" hai="13,15,60,66,69,116,117,118" m="16847,41578" machi="60" ten="40,1300,0" yaku="14,1" doraHai="132" who="1" fromWho="2" sc="279,0,289,23,159,-13,263,0" /><INIT seed="3,0,0,2,0,36" ten="279,312,146,263" oya="3" hai0="27,62,54,85,90,114,91,121,106,120,84,89,23" hai1="30,110,71,111,56,15,130,103,58,74,60,127,135" hai2="115,81,26,133,34,32,78,37,13,41,40,125,5" hai3="28,113,116,44,68,93,104,92,61,126,6,11,100"/><W77/><G113/><T131/><D114/><U59/><E74/><V83/><F115/><W108/><G116/><T124/><D106/><U38/><E38/><V73/><F125/><W57/><G68/><T25/><D124/><U52/><E127/><V18/><F133/><W31/><G126/><T107/><D107/><U79/><E135/><V94/><F81/><W46/><G104/><T102/><D102/><U112/><E112/><V19/><F5/><W49/><G77/><T119/><D119/><U51/><E79/><V70/><F70/><W1/><G108/><N who="1" m="41514" /><E103/><V22/><F94/><W86/><G46/><T65/><D54/><U43/><E30/><V67/><F67/><W63/><G63/><T55/><D55/><U134/><E130/><V87/><F73/><W50/><G50/><T66/><D89/><U14/><E134/><V117/><F117/><W101/><G101/><T64/><D64/><N who="1" m="41351" /><E43/><V45/><REACH who="2" step="1"/><F41/><REACH who="2" ten="279,312,136,263" step="2"/><N who="3" m="24719" /><G93/><T105/><D105/><U9/><E9/><AGARI ba="0,1" hai="9,13,18,19,22,26,32,34,37,40,45,78,83,87" machi="9" ten="30,3900,0" yaku="1,1,7,1,52,1,53,0" doraHai="36" doraHaiUra="129" who="2" fromWho="1" sc="279,0,312,-39,136,49,263,0" /><INIT seed="4,0,0,1,2,36" ten="279,273,185,263" oya="0" hai0="135,91,74,127,48,25,32,84,65,83,125,49,108" hai1="80,115,126,21,9,35,70,106,130,7,58,30,27" hai2="4,79,42,97,33,19,117,99,122,71,101,50,61" hai3="5,29,15,3,76,129,109,134,132,123,60,128,38"/><T73/><D65/><U88/><E70/><V56/><F122/><W18/><G109/><T11/><D108/><U120/><E120/><V105/><F117/><W81/><G123/><T6/><D135/><N who="3" m="51753" /><G29/><T93/><D25/><U75/><E106/><V112/><F112/><W2/><G60/><T46/><D32/><U72/><E115/><V82/><F33/><W87/><G38/><T131/><D49/><U20/><E130/><N who="3" m="50282" /><G5/><T51/><D51/><U68/><E7/><V111/><F111/><W100/><G100/><T43/><D131/><U67/><E30/><V23/><F4/><W37/><G37/><T24/><D24/><U10/><E27/><V28/><F28/><W90/><G76/><T64/><D64/><U124/><E67/><N who="2" m="39335" /><F71/><W104/><G104/><T40/><D40/><U110/><E110/><V85/><F105/><W59/><G59/><T13/><REACH who="0" step="1"/><D93/><REACH who="0" ten="269,273,185,263" step="2"/><U45/><E35/><V47/><F101/><W114/><G114/><T69/><D69/><U63/><E68/><V133/><F133/><W17/><G17/><T16/><D16/><U119/><E63/><V113/><F113/><W116/><G116/><T41/><D41/><U55/><E119/><V118/><F118/><W12/><G18/><T8/><D8/><U53/><E9/><V102/><F102/><W89/><G89/><T14/><D14/><AGARI ba="0,1" hai="14,19,23,42,47,50,79,82,85,97,99" m="39335" machi="14" ten="30,2000,0" yaku="8,1,52,1" doraHai="36" who="2" fromWho="0" sc="269,-20,273,0,185,30,263,0" /><AGARI ba="0,0" hai="2,3,12,14,15,81,87,90" m="50282,51753" machi="14" ten="30,2000,0" yaku="20,1,19,1" doraHai="36" who="3" fromWho="0" sc="249,-20,273,0,215,0,263,20" /><INIT seed="5,0,0,0,2,103" ten="229,273,215,283" oya="1" hai0="93,44,124,79,115,26,23,127,100,95,90,132,98" hai1="77,134,110,27,119,39,68,21,9,52,0,112,104" hai2="66,120,19,56,20,81,97,34,75,60,82,36,14" hai3="4,33,5,109,118,55,40,131,53,130,87,83,80"/><U74/><RYUUKYOKU type="yao9" ba="0,0" sc="229,0,273,0,215,0,283,0" hai1="0,9,21,27,39,52,68,74,77,104,110,112,119,134" /><INIT seed="5,1,0,4,4,0" ten="229,273,215,283" oya="1" hai0="11,47,122,39,6,59,85,4,79,7,56,76,91" hai1="87,35,73,26,135,134,94,30,127,21,100,45,130" hai2="82,48,118,20,44,111,75,65,8,49,106,2,112" hai3="60,55,12,84,80,50,89,22,99,97,78,46,110"/><U86/><E127/><V116/><F111/><W43/><G110/><T19/><D122/><U125/><E125/><V67/><F106/><W108/><G108/><T83/><D39/><U109/><E109/><V90/><F48/><W13/><G89/><T32/><D32/><U70/><E73/><V131/><F131/><W119/><G119/><T72/><D47/><U71/><E130/><V128/><F128/><W129/><G129/><T18/><D72/><U69/><E45/><V36/><F20/><W68/><G68/><T53/><D56/><U24/><E100/><V123/><F123/><W66/><G66/><N who="2" m="25097" /><F49/><W31/><G31/><T117/><D117/><U113/><E113/><V57/><F90/><W25/><G25/><T51/><D11/><U34/><E94/><V3/><F57/><N who="3" m="34879" /><G22/><T16/><AGARI ba="1,0" hai="4,6,7,16,18,19,51,53,59,76,79,83,85,91" machi="16" ten="30,12000,2" yaku="0,1,8,1,52,3,54,1" doraHai="0" who="0" fromWho="0" sc="229,123,273,-61,215,-31,283,-31" owari="352,45.2,212,-18.8,184,-31.6,252,5.2" /></mjloggm>