<mjloggm ver="2.3"><GO type="225" lobby="0"/><UN n0="%41%6F%54" n1="%E8%81%B7%E6%A5%AD%E3%80%81%E9%A2%A8%32" n2="%E3%81%BF%E3%81%BF%E3%81%9A" n3="%E7%99%BD%E5%80%89%E5%AF%9B%E4%B9%8B" dan="16,16,17,16" rate="2100.46,2140.45,2182.79,2144.68" sx="M,M,M,M"/><TAIKYOKU oya="0"/><INIT seed="0,0,0,1,4,89" ten="250,250,250,250" oya="0" hai0="52,31,81,118,45,6,48,87,39,71,106,70,86" hai1="105,101,13,90,42,46,116,102,76,59,53,41,108" hai2="16,75,117,63,7,74,60,129,20,111,23,80,135" hai3="2,93,65,122,128,35,64,51,54,112,47,57,24"/><T88/><D118/><U33/><E116/><V103/><F117/><W34/><G2/><T72/><D106/><U3/><E3/><V123/><F123/><W125/><G122/><T5/><D72/><U30/><E108/><V73/><F111/><W44/><G112/><T94/><D31/><U66/><E76/><V67/><F7/><W132/><G132/><T110/><D110/><U131/><E131/><V19/><F129/><W121/><G121/><T26/><D26/><U22/><E66/><V69/><F135/><W15/><G128/><T113/><D113/><U96/><E33/><V77/><F60/><W82/><G82/><T95/><D39/><U56/><E56/><V49/><F49/><W109/><G109/><T104/><D104/><U43/><E46/><V98/><F20/><W120/><G125/><T84/><D70/><U100/><E105/><V85/><REACH who="2" step="1"/><F23/><REACH who="2" ten="250,250,240,250" step="2"/><W130/><G130/><T134/><D134/><U55/><E30/><V17/><F17/><W62/><G120/><T78/><D71/><U14/><E22/><V68/><F68/><W97/><G35/><T28/><D28/><U25/><E25/><V32/><F32/><W50/><G34/><T133/><D133/><U36/><E36/><V1/><F1/><W4/><G24/><T127/><D127/><U107/><E14/><V21/><F21/><W37/><G37/><T99/><D5/><U0/><E13/><V124/><F124/><W9/><G51/><T10/><D6/><U79/><E0/><V92/><AGARI ba="0,1" hai="16,19,63,67,69,73,74,75,77,80,85,92,98,103" machi="92" ten="30,7900,0" yaku="1,1,0,1,52,1,54,1,53,0" doraHai="89" doraHaiUra="29" who="2" fromWho="2" sc="250,-39,250,-20,240,89,250,-20" /><INIT seed="1,0,0,3,5,126" ten="211,230,329,230" oya="1" hai0="11,82,105,98,68,5,33,107,48,31,120,123,100" hai1="59,58,106,9,79,96,85,35,6,21,3,17,115" hai2="12,99,22,125,1,8,30,61,131,116,60,25,39" hai3="114,78,127,18,36,64,14,4,111,69,51,90,56"/><U70/><E70/><V54/><F116/><W80/><G36/><T133/><D133/><U20/><E115/><V108/><F125/><W97/><G127/><T63/><D48/><U83/><E35/><V62/><F39/><W104/><G69/><T16/><D16/><U49/><E21/><V43/><F1/><W0/><G0/><N who="0" m="423" /><D82/><U113/><E113/><V67/><F43/><W129/><G4/><T19/><D19/><U73/><E49/><V134/><F134/><W74/><G114/><T130/><D130/><U26/><REACH who="1" step="1"/><E73/><REACH who="1" ten="211,220,329,230" step="2"/><V86/><F22/><N who="3" m="11607" /><G74/><T45/><D123/><U13/><E13/><V102/><F12/><W135/><G51/><T40/><D120/><U118/><E118/><V66/><F25/><W7/><G135/><T95/><D68/><U28/><E28/><V93/><F30/><W34/><G34/><T110/><D31/><U29/><E29/><V53/><F8/><W15/><G15/><T94/><D33/><U72/><E72/><V119/><F119/><W75/><G75/><T92/><D63/><U57/><E57/><V10/><F10/><W109/><G56/><T91/><D45/><U101/><AGARI ba="0,1" hai="3,6,9,17,20,26,58,59,79,83,85,96,101,106" machi="101" ten="30,11700,0" yaku="1,1,0,1,53,2" doraHai="126" doraHaiUra="55" who="1" fromWho="1" sc="211,-39,220,127,329,-39,230,-39" /><INIT seed="1,1,0,0,0,102" ten="172,347,290,191" oya="1" hai0="64,42,43,113,103,100,123,25,91,1,8,84,19" hai1="130,28,7,13,72,117,32,16,135,121,71,99,29" hai2="119,11,132,53,48,133,39,68,88,66,118,94,51" hai3="90,62,115,10,125,76,46,41,6,2,92,4,49"/><U38/><E121/><V85/><F39/><W56/><G125/><T57/><D113/><U18/><E71/><V31/><F31/><W129/><G129/><T79/><D123/><U12/><E72/><V134/><F11/><W63/><G115/><T111/><D111/><U120/><E38/><V110/><F110/><W82/><G6/><T36/><D79/><U44/><E44/><V22/><F22/><W47/><G47/><T37/><D37/><U60/><E60/><N who="2" m="40007" /><F48/><W33/><G33/><T80/><D36/><U101/><E28/><V61/><F61/><W40/><G40/><N who="0" m="15403" /><D1/><U81/><E29/><V77/><F77/><W93/><G90/><T45/><D45/><AGARI ba="1,0" hai="45,51,53,85,88,94,118,119,132,133,134" m="40007" machi="45" ten="30,2000,0" yaku="20,1,54,1" doraHai="102" who="2" fromWho="0" sc="172,-23,347,0,290,23,191,0" /><INIT seed="2,0,0,5,1,61" ten="149,347,313,191" oya="2" hai0="76,124,26,109,88,96,34,97,52,29,127,17,100" hai1="7,93,81,122,37,91,48,83,66,44,23,69,134" hai2="11,115,22,35,31,18,39,135,43,50,72,75,12" hai3="117,133,64,123,63,74,87,42,47,78,86,15,68"/><V55/><F115/><W67/><G117/><T106/><D76/><U82/><E134/><V125/><F135/><W73/><G133/><T2/><D2/><U40/><E122/><V108/><F108/><W111/><G123/><T102/><D109/><U24/><E7/><V30/><F125/><W92/><G111/><T33/><D17/><U51/><E66/><V130/><F130/><W119/><G119/><T80/><D34/><U28/><REACH who="1" step="1"/><E69/><REACH who="1" ten="149,337,313,191" step="2"/><V116/><F116/><W126/><G67/><T85/><REACH who="0" step="1"/><D52/><REACH who="0" ten="139,337,313,191" step="2"/><U70/><E70/><V77/><F55/><W45/><G68/><T128/><D128/><U19/><E19/><V20/><F18/><W107/><G74/><T49/><D49/><U114/><E114/><V6/><F50/><W99/><G73/><T5/><D5/><U38/><E38/><V25/><F72/><W101/><G78/><T132/><D132/><U16/><E16/><N who="2" m="10247" /><F75/><W59/><G126/><T0/><D0/><U54/><E54/><V129/><F77/><W3/><G3/><T95/><AGARI ba="0,2" hai="26,29,33,80,85,88,95,96,97,100,102,106,124,127" machi="95" ten="30,4000,0" yaku="1,1,0,1,54,1,53,0" doraHai="61" doraHaiUra="32" who="0" fromWho="0" sc="139,60,337,-10,313,-20,191,-10" /><INIT seed="3,0,0,1,4,74" ten="199,327,293,181" oya="3" hai0="111,39,37,92,20,54,131,75,32,29,130,89,87" hai1="26,27,127,117,14,30,52,84,108,6,42,63,22" hai2="93,103,96,4,64,25,82,13,15,90,19,83,70" hai3="69,124,5,118,68,3,8,121,17,59,44,115,100"/><W46/><G115/><T55/><D75/><U43/><E108/><V107/><F70/><W123/><G118/><T16/><D29/><U9/><E127/><V132/><F64/><W86/><G124/><T12/><D32/><U62/><E117/><V38/><F38/><N who="0" m="14346" /><D111/><U135/><E135/><V126/><F132/><W110/><G110/><T79/><D79/><U76/><E27/><V77/><F126/><W45/><G100/><T7/><D7/><U78/><E62/><V49/><F49/><W61/><G17/><T57/><D57/><N who="1" m="35239" /><E78/><V101/><F82/><AGARI ba="0,0" hai="6,9,14,22,26,30,42,43,76,82,84" m="35239" machi="82" ten="30,3900,0" yaku="8,1,52,1,54,1" doraHai="74" who="1" fromWho="2" sc="199,0,327,39,293,-39,181,0" owari="199,-20.1,366,46.6,254,5.4,181,-31.9" /></mjloggm>