<mjloggm ver="2.3"><GO type="225" lobby="0"/><UN n0="%E5%91%A8%E6%9D%B1" n1="%E3%82%BC%E3%83%AB%E3%83%80%E3%81%AE%E4%BC%9D%E8%AA%AC" n2="%E6%B7%91%E5%A5%B3%E3%81%AE%E5%97%9C%E3%81%BF" n3="%E3%81%95%E3%81%8D%E3%81%9F%E3%81%BE%E6%9E%97%E6%AA%8E" dan="16,17,16,16" rate="2180.48,2136.12,2176.41,2138.70" sx="M,M,M,M"/><TAIKYOKU oya="0"/><INIT seed="0,0,0,5,4,118" ten="250,250,250,250" oya="0" hai0="46,13,90,95,72,74,109,125,42,101,126,20,99" hai1="37,128,127,70,54,91,30,50,129,65,57,135,36" hai2="56,85,26,51,110,134,124,12,48,10,60,19,78" hai3="97,69,113,80,117,82,33,76,105,66,25,34,107"/><T24/><D109/><U73/><E73/><V40/><F110/><W98/><G113/><T67/><D13/><U43/><E30/><V96/><F124/><N who="0" m="47722" /><D67/><U8/><E127/><V112/><F112/><W64/><G117/><T0/><D0/><U9/><E91/><V100/><F134/><W121/><G25/><T15/><D15/><U4/><E135/><V104/><F26/><W52/><G76/><T1/><D1/><U47/><E36/><V49/><F85/><W28/><G28/><N who="0" m="17415" /><D90/><U111/><E111/><V53/><REACH who="2" step="1"/><F78/><REACH who="2" ten="250,250,240,250" step="2"/><W41/><G98/><T44/><D44/><AGARI ba="0,1" hai="10,12,19,40,44,48,49,51,53,56,60,96,100,104" machi="44" ten="40,5200,0" yaku="1,1,2,1,53,1" doraHai="118" doraHaiUra="5" who="2" fromWho="0" sc="250,-52,250,0,240,62,250,0" /><INIT seed="1,0,0,0,0,16" ten="198,250,302,250" oya="1" hai0="18,43,124,1,17,92,5,122,54,14,118,98,29" hai1="69,93,108,3,51,38,73,13,19,101,130,110,89" hai2="60,78,67,117,105,126,47,66,24,88,109,46,107" hai3="44,27,132,0,6,26,106,22,30,48,72,49,4"/><U76/><E38/><V115/><F117/><W35/><G72/><T25/><D118/><U64/><E3/><V79/><F109/><N who="1" m="42089" /><E130/><V61/><F24/><W53/><G106/><T74/><D122/><U123/><E123/><V33/><F33/><W114/><G114/><T8/><D74/><U80/><E101/><V128/><F128/><W100/><G132/><T90/><D124/><U57/><E69/><V83/><F83/><W50/><G100/><T85/><D43/><U119/><E119/><V121/><F88/><W42/><G0/><T135/><D135/><U104/><E104/><V120/><REACH who="2" step="1"/><F126/><REACH who="2" ten="198,250,292,250" step="2"/><W12/><G35/><T36/><D36/><U75/><E80/><V21/><F21/><W116/><G116/><T7/><D98/><U28/><E76/><V81/><F81/><W15/><G27/><T41/><D25/><U65/><E28/><V32/><F32/><W131/><G131/><T134/><D29/><U82/><E82/><V2/><F2/><W86/><G30/><T59/><D134/><U10/><E75/><V52/><F52/><W91/><G26/><T111/><D111/><U127/><E127/><V45/><F45/><W94/><G53/><T68/><D41/><U87/><E73/><V40/><F40/><W23/><G44/><T63/><D68/><U11/><E11/><V84/><F84/><W34/><G34/><T133/><D133/><U37/><E37/><V77/><F77/><W71/><G42/><T112/><D112/><AGARI ba="0,1" hai="46,47,60,61,66,67,78,79,105,107,112,115,120,121" machi="112" ten="25,3200,0" yaku="1,1,22,2,53,0" doraHai="16" doraHaiUra="9" who="2" fromWho="0" sc="198,-32,250,0,292,42,250,0" /><INIT seed="2,0,0,2,2,66" ten="166,250,334,250" oya="2" hai0="102,111,65,120,35,86,21,6,52,37,62,33,20" hai1="93,55,45,103,59,56,64,70,89,83,130,60,108" hai2="104,12,126,100,17,42,122,26,127,97,40,79,28" hai3="53,96,50,84,9,94,80,135,58,105,27,134,82"/><V98/><F122/><W36/><G36/><T67/><D120/><U44/><E108/><V81/><F97/><W51/><G105/><T69/><D111/><U22/><E130/><V25/><F17/><W132/><G9/><T68/><D37/><U124/><E124/><N who="2" m="47659" /><F12/><W107/><G107/><T0/><D86/><U116/><E116/><V123/><F123/><W29/><G51/><T72/><D72/><U11/><E11/><V76/><F25/><W99/><G99/><T71/><D102/><U95/><E83/><V32/><F76/><W119/><G84/><AGARI ba="0,0" hai="26,28,32,40,42,79,81,84,98,100,104" m="47659" machi="84" ten="30,1500,0" yaku="18,1" doraHai="66" who="2" fromWho="3" sc="166,0,250,0,334,15,250,-15" /><INIT seed="2,1,0,1,3,44" ten="166,250,349,235" oya="2" hai0="102,120,38,48,111,18,51,118,20,114,91,28,95" hai1="10,4,86,87,112,30,134,19,11,50,82,69,123" hai2="103,85,98,13,46,47,113,70,130,108,109,35,110" hai3="75,54,53,106,8,72,79,121,58,89,37,23,129"/><V83/><F113/><W9/><G121/><T127/><D38/><U76/><E112/><V71/><F35/><W97/><G37/><T67/><D114/><U117/><E117/><V34/><F34/><W74/><G79/><T40/><D120/><U99/><E123/><V15/><F130/><W77/><G77/><T25/><D118/><U93/><E69/><N who="2" m="26123" /><F13/><W6/><G129/><T27/><D40/><U12/><E134/><V42/><F15/><W100/><G89/><T14/><D127/><U22/><E86/><V41/><F47/><W43/><G43/><N who="2" m="16393" /><F46/><W5/><G23/><T24/><D28/><U31/><E31/><V88/><F98/><W57/><G75/><T81/><D67/><U115/><E115/><V122/><F122/><W78/><G78/><T3/><D3/><U124/><E124/><V1/><F103/><W66/><G97/><N who="0" m="59711" /><D111/><U64/><E30/><V131/><F131/><W107/><G66/><T104/><D104/><U0/><E64/><V63/><F63/><W2/><G100/><T16/><D18/><U101/><E22/><V125/><F1/><AGARI ba="1,0" hai="1,2,5,6,8,9,53,54,57,58,72,74,106,107" machi="1" ten="25,1600,0" yaku="22,2" doraHai="44" who="3" fromWho="2" sc="166,0,250,0,349,-19,235,19" /><INIT seed="3,0,0,5,0,8" ten="166,250,330,254" oya="3" hai0="21,34,49,25,45,46,133,18,61,85,44,37,104" hai1="14,78,111,99,53,13,128,132,60,1,106,83,58" hai2="63,118,98,112,56,33,135,113,127,20,16,120,6" hai3="94,47,96,42,7,19,90,66,79,39,122,70,97"/><W59/><G70/><T72/><D133/><U51/><E1/><V121/><F118/><W84/><G122/><N who="2" m="47209" /><F127/><W80/><G7/><T77/><D72/><U75/><E132/><V107/><F33/><W3/><G3/><T65/><D104/><U93/><E111/><V115/><F6/><W54/><G66/><T123/><D37/><U64/><E106/><V30/><F135/><W73/><REACH who="3" step="1"/><G19/><REACH who="3" ten="166,250,330,244" step="2"/><T36/><D123/><U52/><E128/><V105/><F16/><W2/><G2/><T89/><D36/><U43/><E43/><V62/><F113/><W22/><G22/><T24/><D34/><U116/><E116/><V38/><F20/><W55/><G55/><T86/><D25/><U32/><E53/><V11/><F115/><W15/><G15/><T134/><D134/><U35/><E35/><V109/><F112/><W88/><G88/><T50/><D77/><U4/><E4/><V0/><F0/><W82/><G82/><T57/><REACH who="0" step="1"/><D86/><REACH who="0" ten="156,250,330,244" step="2"/><U102/><E32/><V108/><F108/><W31/><G31/><T87/><D87/><U9/><E9/><V103/><F30/><W125/><G125/><T119/><D119/><U10/><E10/><V48/><F109/><W131/><G131/><T130/><D130/><U101/><E101/><V29/><F11/><W17/><G17/><T91/><D91/><U117/><E117/><V110/><F103/><W23/><G23/><T27/><D27/><U100/><E102/><V95/><F110/><W76/><G76/><T74/><D74/><U41/><E41/><V26/><F26/><W68/><G68/><AGARI ba="0,2" hai="13,14,51,52,58,60,64,68,75,78,83,93,99,100" machi="68" ten="30,8000,1" yaku="6,1,7,1,52,2,54,1" doraHai="8" who="1" fromWho="3" sc="156,0,250,100,330,0,244,-80" owari="156,-34.4,350,45.0,330,13.0,164,-23.6" /></mjloggm>