<mjloggm ver="2.3"><GO type="225" lobby="0"/><UN n0="%66%67%67%68%68%64%66" n1="%E3%81%A4%E3%81%A3%E3%81%B1%E3%82%8A%E3%83%9D%E3%83%BC%E3%83%AB" n2="%E4%B8%96%E7%95%8C%E3%81%AE%E4%BA%80%E4%BA%95" n3="%E7%AB%8B%E7%9B%B4%E5%A5%BD%E6%A3%92%40%E5%BF%98" dan="16,17,17,17" rate="2089.90,2168.32,2162.25,2152.06" sx="M,M,M,M"/><TAIKYOKU oya="0"/><INIT seed="0,0,0,0,2,46" ten="250,250,250,250" oya="0" hai0="13,5,4,20,118,21,135,98,132,95,9,16,88" hai1="66,86,43,97,24,102,119,62,36,55,15,10,130" hai2="75,124,49,71,38,12,25,54,70,123,19,79,77" hai3="17,82,127,64,8,74,122,68,39,96,37,76,53"/><T67/><D118/><U7/><E119/><V60/><F38/><W22/><G127/><T112/><D112/><U110/><E130/><V81/><F123/><W114/><G114/><T72/><D72/><U28/><E110/><V3/><F3/><W69/><G122/><T73/><D73/><U42/><E36/><V113/><F113/><W27/><G68/><T91/><D67/><U103/><E86/><V104/><F104/><W11/><G11/><T109/><D109/><U105/><E55/><V48/><F79/><W92/><G8/><T121/><D121/><U120/><E103/><V56/><F124/><W32/><G32/><T80/><D21/><U84/><E84/><V65/><F25/><W29/><G29/><T128/><D128/><U40/><E120/><V34/><F34/><W133/><G133/><N who="0" m="51275" /><D20/><U111/><E111/><V101/><F101/><W106/><G106/><T108/><D108/><U83/><E83/><V85/><F75/><W87/><G74/><T45/><D45/><U94/><E94/><V116/><F71/><W115/><G115/><T99/><D99/><U129/><E129/><V6/><F116/><W23/><G23/><T126/><D126/><U26/><REACH who="1" step="1"/><E28/><REACH who="1" ten="250,240,250,250" step="2"/><V58/><F85/><AGARI ba="0,1" hai="4,5,9,13,16,80,85,88,91,95,98" m="51275" machi="85" ten="30,5800,0" yaku="20,1,54,2" doraHai="46" who="0" fromWho="2" sc="250,68,240,0,250,-58,250,0" /><INIT seed="0,1,0,4,5,108" ten="318,240,192,250" oya="0" hai0="39,83,7,53,112,77,64,51,3,71,66,49,91" hai1="82,126,12,110,79,8,41,67,98,113,86,43,56" hai2="68,102,0,19,16,119,30,129,69,118,73,23,61" hai3="65,100,121,45,5,36,99,11,28,101,80,32,22"/><T76/><D39/><U1/><E110/><V4/><F73/><W13/><G121/><T21/><D3/><U59/><E126/><V9/><F102/><W123/><G123/><T17/><D7/><U25/><E1/><V122/><F122/><W94/><G32/><T75/><D76/><U78/><E113/><V35/><F129/><W87/><G65/><T33/><D33/><U62/><E79/><V90/><F90/><W106/><G106/><T10/><D10/><U38/><E38/><V6/><F6/><W20/><G100/><T24/><D112/><U132/><E132/><V103/><F103/><W104/><G104/><T89/><D49/><U109/><E109/><V31/><F61/><W57/><G57/><T63/><REACH who="0" step="1"/><D66/><REACH who="0" ten="308,240,192,250" step="2"/><U116/><E116/><N who="2" m="44587" /><F35/><W96/><G36/><T120/><D120/><U130/><E130/><V40/><F40/><W46/><G22/><T111/><D111/><U93/><E43/><V44/><F44/><AGARI ba="1,1" hai="17,21,24,44,51,53,63,64,71,75,77,83,89,91" machi="44" ten="30,2900,0" yaku="1,1,7,1,53,0" doraHai="108" doraHaiUra="88" who="0" fromWho="2" sc="308,42,240,0,192,-32,250,0" /><INIT seed="0,2,0,5,2,101" ten="350,240,160,250" oya="0" hai0="63,16,5,95,116,4,66,6,12,103,28,38,20" hai1="76,108,126,9,94,45,74,96,55,23,122,98,129" hai2="73,70,30,65,90,135,119,85,77,71,81,102,15" hai3="42,3,87,48,80,27,29,69,67,17,60,106,26"/><T49/><D116/><U41/><E122/><V57/><F135/><W46/><G3/><T32/><D38/><U114/><E108/><V24/><F119/><W8/><G8/><T123/><D123/><U36/><E129/><V51/><F15/><W53/><G17/><T52/><D32/><U22/><E126/><V54/><F65/><W72/><G72/><T109/><D28/><U62/><E114/><V39/><F39/><W34/><G27/><T59/><D109/><U92/><E9/><V113/><F113/><W111/><G111/><T61/><REACH who="0" step="1"/><D66/><REACH who="0" ten="340,240,160,250" step="2"/><U64/><E64/><V19/><F19/><W86/><G80/><T0/><D0/><U82/><E36/><V83/><REACH who="2" step="1"/><F102/><REACH who="2" ten="340,240,150,250" step="2"/><W84/><REACH who="3" step="1"/><G42/><REACH who="3" ten="340,240,150,240" step="2"/><T88/><D88/><U133/><E41/><V115/><F115/><W97/><G97/><AGARI ba="2,3" hai="4,5,6,12,16,20,49,52,59,61,63,95,97,103" machi="97" ten="40,12000,1" yaku="1,1,8,1,54,2,53,0" doraHai="101" doraHaiUra="43" who="0" fromWho="3" sc="340,156,240,0,150,0,240,-126" /><INIT seed="0,3,0,1,3,69" ten="496,240,150,114" oya="0" hai0="80,127,50,40,119,72,64,77,25,14,102,98,16" hai1="30,108,62,71,3,12,43,52,104,84,117,87,63" hai2="134,124,58,122,67,103,18,55,109,133,9,10,75" hai3="23,125,86,34,79,93,76,31,92,51,47,96,17"/><T83/><D127/><U60/><E3/><V13/><F75/><W106/><G125/><T48/><D119/><U130/><E117/><V24/><F122/><W46/><G106/><T135/><D135/><N who="2" m="51722" /><F124/><W116/><G116/><T97/><D64/><U129/><E108/><V22/><F109/><W121/><G121/><T120/><D120/><U33/><E104/><V88/><F103/><W29/><G34/><T0/><D0/><U68/><E43/><V110/><F110/><W90/><G79/><T89/><D25/><N who="1" m="18639" /><E12/><V61/><F88/><N who="3" m="55303" /><G76/><T101/><D101/><U112/><E112/><V82/><F82/><W81/><G81/><T65/><D65/><U4/><E4/><V95/><F95/><W1/><G1/><T26/><D83/><U113/><E113/><V57/><F24/><N who="3" m="14447" /><G47/><T2/><D80/><U100/><E100/><V70/><F70/><W28/><G28/><T7/><D102/><U85/><E71/><V19/><F19/><W107/><G107/><T123/><D16/><U114/><E68/><V6/><F6/><W131/><G131/><N who="1" m="50186" /><E114/><V39/><F39/><W59/><G59/><AGARI ba="3,0" hai="52,59,60,62,63,84,85,87" m="50186,18639" machi="59" ten="30,2000,0" yaku="19,1,54,1" doraHai="69" who="1" fromWho="3" sc="496,0,240,29,150,0,114,-29" /><INIT seed="1,0,0,1,0,81" ten="496,269,150,85" oya="1" hai0="122,107,110,77,109,12,103,92,124,27,0,64,32" hai1="98,31,63,57,85,26,18,111,94,15,36,108,25" hai2="121,133,131,130,62,13,2,24,8,22,29,75,48" hai3="86,59,112,30,129,67,88,55,49,91,70,17,115"/><U53/><E36/><V35/><F75/><W117/><G129/><N who="2" m="49161" /><F48/><W42/><G117/><T23/><D0/><U96/><E96/><V3/><F62/><W125/><G125/><T84/><D107/><U10/><E85/><V43/><F43/><W76/><G30/><T106/><D106/><U71/><E71/><V73/><F73/><W52/><G42/><T41/><D64/><U95/><E95/><V90/><F90/><N who="3" m="34347" /><G70/><T56/><D124/><U87/><E87/><V126/><F126/><W93/><G112/><T97/><D41/><U80/><E80/><V116/><F116/><W40/><G115/><T65/><D122/><U58/><E58/><V69/><F69/><W16/><G16/><T34/><D56/><U89/><REACH who="1" step="1"/><E26/><REACH who="1" ten="496,259,150,85" step="2"/><N who="2" m="18871" /><F121/><W114/><G114/><T105/><D92/><U7/><E7/><N who="2" m="3231" /><F133/><W74/><G93/><T6/><D97/><U44/><E44/><V50/><F50/><W78/><G74/><T113/><D113/><U51/><E51/><V20/><F20/><AGARI ba="0,1" hai="10,15,18,20,25,31,53,57,63,89,94,98,108,111" machi="20" ten="40,2000,0" yaku="1,1,53,0" doraHai="81" doraHaiUra="39" who="1" fromWho="2" sc="496,0,259,30,150,-20,85,0" /><INIT seed="1,1,0,2,1,128" ten="496,289,130,85" oya="1" hai0="132,70,38,7,49,117,63,0,20,22,97,44,127" hai1="129,34,92,39,107,17,86,116,79,65,13,66,52" hai2="110,74,56,46,28,54,124,104,35,68,88,78,94" hai3="106,120,109,80,24,16,59,118,51,119,2,115,122"/><U134/><E107/><V71/><F124/><W47/><G106/><T33/><D117/><N who="3" m="44553" /><G59/><T36/><D33/><U135/><E39/><V11/><F110/><W85/><G85/><T105/><D127/><U125/><E34/><V67/><F104/><W83/><G51/><T10/><D70/><U93/><E129/><V50/><F78/><W31/><G47/><T84/><D63/><U23/><E125/><V126/><F74/><W102/><G102/><T42/><D84/><U21/><E116/><V48/><F126/><W1/><G83/><T77/><D77/><U30/><E23/><V26/><F11/><W108/><G80/><T114/><D114/><U100/><E30/><V14/><F14/><W101/><G101/><T82/><D82/><N who="1" m="47455" /><E52/><V111/><F111/><N who="3" m="42571" /><G16/><T27/><D105/><U131/><E131/><V60/><F48/><W4/><G4/><T61/><D36/><U32/><E100/><V76/><F76/><W73/><G73/><T29/><D38/><U5/><E5/><V90/><F90/><W8/><G8/><T64/><D7/><U95/><E66/><V6/><F6/><W96/><G96/><AGARI ba="1,0" hai="26,28,35,46,50,54,56,60,67,68,71,88,94,96" machi="96" ten="30,2000,0" yaku="7,1,54,1" doraHai="128" who="2" fromWho="3" sc="496,0,289,0,130,23,85,-23" /><INIT seed="2,0,0,5,1,104" ten="496,289,153,62" oya="2" hai0="76,73,42,85,38,19,28,134,63,92,77,64,126" hai1="24,98,67,75,6,31,106,120,48,58,101,50,91" hai2="45,32,49,94,107,14,124,113,118,23,16,114,89" hai3="44,33,100,37,4,25,21,55,18,1,129,83,15"/><V66/><F118/><W95/><G129/><T20/><D134/><U54/><E120/><V103/><F124/><W105/><G83/><T61/><D28/><U112/><E112/><V53/><F32/><W68/><G68/><T72/><D42/><U3/><E75/><V87/><REACH who="2" step="1"/><F66/><REACH who="2" ten="496,289,143,62" step="2"/><W115/><G115/><T82/><D64/><U84/><E67/><V130/><F130/><W81/><G33/><T62/><D126/><U12/><E3/><V71/><F71/><W132/><G1/><T65/><D65/><U43/><E43/><V102/><F102/><W59/><G100/><T99/><D38/><U78/><E101/><V10/><F10/><W119/><G37/><T70/><D70/><U79/><E54/><V110/><F110/><W86/><G119/><T125/><D125/><U51/><E106/><V34/><F34/><W88/><G105/><T117/><D117/><U35/><E35/><V90/><F90/><W26/><G132/><T121/><D121/><U135/><E91/><V36/><F36/><W74/><G4/><T96/><D77/><U56/><E78/><V52/><F52/><W9/><G9/><T127/><D127/><U8/><E79/><V116/><F116/><W128/><G128/><T97/><D76/><U93/><E135/><V57/><F57/><W17/><G59/><T30/><D20/><N who="1" m="15751" /><E58/><V122/><F122/><W80/><G55/><T5/><D73/><U22/><E22/><V47/><F47/><W46/><G74/><T69/><D72/><U123/><E123/><V13/><F13/><W41/><G15/><T108/><D69/><RYUUKYOKU ba="0,1" sc="496,-10,289,-10,143,30,62,-10" hai2="14,16,23,45,49,53,87,89,94,103,107,113,114" /><INIT seed="2,1,1,1,4,2" ten="486,279,173,52" oya="2" hai0="10,43,96,37,58,95,99,3,28,30,50,75,67" hai1="35,14,74,79,77,83,39,27,56,20,54,130,23" hai2="42,53,112,115,45,103,11,55,32,64,31,119,25" hai3="80,65,46,38,41,22,81,110,133,40,71,90,57"/><V108/><F119/><W9/><G110/><T12/><D75/><U62/><E130/><V118/><F118/><W113/><G133/><T101/><D3/><U21/><E39/><V109/><F64/><W44/><G113/><T4/><D37/><U117/><E117/><V135/><F103/><W68/><G22/><T51/><D99/><U6/><E79/><V87/><F135/><W17/><G17/><T78/><D78/><U97/><E97/><V129/><F129/><W34/><G34/><T1/><D1/><U15/><REACH who="1" step="1"/><E6/><REACH who="1" ten="486,269,173,52" step="2"/><V122/><F112/><W49/><G38/><T104/><D4/><U127/><E127/><V124/><F115/><W19/><G90/><T106/><D96/><U70/><E70/><V132/><F124/><W29/><G71/><T24/><D101/><U61/><E61/><V134/><F132/><W98/><G68/><T66/><D51/><U26/><E26/><V33/><F134/><W8/><G98/><T18/><D50/><U126/><E126/><V60/><F25/><W7/><G49/><T86/><D24/><U63/><E63/><V84/><F60/><W131/><G7/><T72/><D106/><U93/><E93/><V121/><F108/><W114/><G131/><T102/><D95/><U116/><E116/><V48/><F109/><W13/><G114/><T128/><D104/><U59/><E59/><V76/><F76/><W120/><G57/><T88/><D102/><U82/><E82/><V47/><F48/><W105/><G105/><T123/><D128/><U5/><E5/><V91/><F91/><W100/><G100/><RYUUKYOKU ba="1,2" sc="486,-10,269,30,173,-10,52,-10" hai1="14,15,20,21,23,27,35,54,56,62,74,77,83" /><INIT seed="3,2,2,5,4,135" ten="476,299,163,42" oya="3" hai0="65,38,0,121,119,86,85,36,111,71,64,93,4" hai1="109,26,44,104,129,19,1,75,97,130,61,42,23" hai2="58,55,79,3,116,76,131,87,5,90,92,40,94" hai3="45,60,78,47,81,51,30,16,6,15,74,31,100"/><W68/><G100/><T28/><D121/><U35/><E109/><V80/><F116/><W107/><G107/><T50/><D111/><U95/><E75/><V8/><F131/><N who="1" m="50185" /><E1/><V89/><F40/><W133/><G133/><T101/><D85/><U125/><E125/><V108/><F108/><W117/><G6/><T37/><D64/><U72/><E72/><V110/><F110/><W43/><G117/><T9/><D50/><N who="1" m="26903" /><E61/><V53/><F58/><W59/><G47/><T25/><D9/><U52/><E52/><V98/><F76/><W21/><REACH who="3" step="1"/><G68/><REACH who="3" ten="476,299,163,32" step="2"/><T10/><D4/><U41/><E104/><V27/><F27/><W88/><G88/><T56/><D25/><U46/><E46/><V14/><F3/><W49/><G49/><T18/><D71/><U17/><E41/><V24/><F24/><W106/><G106/><T66/><D0/><U62/><E35/><V123/><F123/><W96/><G96/><AGARI ba="2,3" hai="5,8,14,53,55,79,80,87,89,90,92,94,96,98" machi="96" ten="30,3900,0" yaku="7,1,9,1,8,1" doraHai="135" who="2" fromWho="3" sc="476,0,299,0,163,75,32,-45" owari="476,57.6,299,9.9,238,-16.2,-13,-51.3" /></mjloggm>