<mjloggm ver="2.3"><GO type="225" lobby="0"/><UN n0="%47%68%6F%73%74%55%30" n1="%E6%B8%A9%E2%98%85%E6%83%85%E2%98%85%E6%8E%AA%E2%98%85%E7%BD%AE" n2="%E6%98%93%E5%88%A9%E8%96%A9%E4%BC%AF" n3="%E3%80%93%E3%81%97%E3%83%BC%E3%82%89%E3%80%93" dan="16,17,17,16" rate="2136.23,2195.09,2180.60,2205.58" sx="F,M,F,M"/><TAIKYOKU oya="0"/><INIT seed="0,0,0,0,2,60" ten="250,250,250,250" oya="0" hai0="53,65,66,55,102,87,125,3,74,54,113,119,110" hai1="57,128,27,96,49,46,59,107,70,134,79,76,123" hai2="1,84,62,117,77,64,90,88,91,131,95,9,39" hai3="42,132,11,118,89,40,48,99,38,8,51,22,16"/><T31/><D74/><U82/><E123/><V115/><F115/><W124/><G132/><T71/><D113/><U83/><E70/><V114/><F114/><W61/><G124/><T30/><D3/><U94/><E134/><V29/><F39/><W41/><G38/><T15/><D71/><U4/><E107/><V101/><F131/><W44/><G118/><T75/><D75/><U112/><E4/><V58/><F117/><W111/><G61/><T21/><D119/><U35/><E128/><V20/><F1/><W5/><G111/><T43/><D43/><N who="3" m="16457" /><G48/><T18/><D110/><U103/><E27/><N who="2" m="16615" /><F9/><W92/><G5/><T14/><D102/><U2/><E35/><V10/><F10/><W78/><G78/><N who="1" m="29738" /><E2/><V63/><F63/><W80/><G80/><N who="1" m="30762" /><E112/><V67/><F77/><W13/><AGARI ba="0,0" hai="8,11,13,16,22,42,44,51,89,92,99" m="16457" machi="13" ten="30,2000,0" yaku="8,1,54,1" doraHai="60" who="3" fromWho="3" sc="250,-10,250,-5,250,-5,250,20" /><INIT seed="1,0,0,1,2,6" ten="240,245,245,270" oya="1" hai0="82,83,127,77,22,95,13,23,135,111,0,49,123" hai1="85,28,32,87,51,81,114,66,57,96,103,34,71" hai2="27,46,33,130,40,74,63,102,31,125,14,84,108" hai3="89,29,2,48,105,72,119,101,54,20,131,41,42"/><U116/><E116/><V78/><F108/><W7/><G72/><T132/><D0/><U65/><E114/><V122/><F122/><W106/><G131/><T100/><D111/><U61/><E28/><V24/><F130/><W93/><G105/><T39/><D39/><U90/><E87/><V38/><F125/><W47/><G101/><T115/><D115/><U92/><REACH who="1" step="1"/><E66/><REACH who="1" ten="240,235,245,270" step="2"/><V86/><F86/><W44/><G119/><T67/><D67/><U50/><E50/><V76/><F84/><W25/><G48/><T110/><D123/><U97/><E97/><V17/><F74/><W12/><G29/><T11/><D127/><U113/><E113/><V80/><F63/><W134/><G134/><T60/><D60/><U10/><E10/><V9/><F80/><W62/><G62/><T5/><D82/><U4/><E4/><V68/><F76/><W59/><G7/><T73/><D49/><U53/><AGARI ba="0,1" hai="32,34,51,53,57,61,65,71,81,85,90,92,96,103" machi="53" ten="30,3000,0" yaku="1,1,0,1,53,0" doraHai="6" doraHaiUra="18" who="1" fromWho="1" sc="240,-10,235,40,245,-10,270,-10" /><INIT seed="1,1,0,5,0,60" ten="230,275,235,260" oya="1" hai0="33,71,54,30,100,59,56,21,117,25,29,19,6" hai1="12,115,111,68,135,14,109,107,28,7,61,132,101" hai2="37,90,50,112,75,49,4,131,67,51,78,127,96" hai3="36,130,89,9,26,77,69,93,48,2,95,110,3"/><U83/><E115/><V43/><F112/><W72/><G36/><T0/><D117/><U63/><E28/><V116/><F116/><W62/><G110/><N who="1" m="41994" /><E83/><V13/><F131/><W57/><G69/><T86/><D29/><U87/><E87/><V20/><F127/><W85/><G130/><T82/><D71/><U99/><E63/><V80/><F37/><W125/><G125/><T53/><D100/><U94/><E107/><V104/><F43/><W64/><G85/><T81/><D81/><U18/><E7/><V15/><F4/><W44/><G62/><T124/><D124/><U55/><E55/><V16/><F67/><W97/><G64/><T31/><D31/><U113/><E113/><V35/><F35/><W108/><G108/><T11/><D54/><U23/><E14/><V22/><F104/><W88/><G2/><T103/><D53/><U106/><E106/><V24/><REACH who="2" step="1"/><F22/><REACH who="2" ten="230,275,225,260" step="2"/><W98/><G3/><T120/><D0/><U47/><E47/><V128/><F128/><W102/><G44/><T74/><D21/><U66/><AGARI ba="1,1" hai="12,18,23,61,66,68,94,99,101,132,135" m="41994" machi="66" ten="30,6000,0" yaku="14,1,10,1,52,1" doraHai="60" who="1" fromWho="1" sc="230,-21,275,73,225,-21,260,-21" /><INIT seed="1,2,0,3,4,100" ten="209,348,204,239" oya="1" hai0="10,6,8,41,21,109,74,114,79,73,3,61,128" hai1="86,71,9,122,5,44,88,89,45,130,39,134,135" hai2="12,77,127,4,82,132,117,42,94,101,31,11,43" hai3="110,37,16,64,98,62,25,115,28,56,69,95,40"/><U27/><E122/><V33/><F117/><W50/><G110/><T52/><D114/><U30/><E71/><V0/><F127/><W119/><G115/><T96/><D128/><U67/><E67/><V35/><F132/><N who="1" m="50729" /><E130/><V17/><F101/><W48/><G119/><T93/><D41/><N who="1" m="22591" /><E45/><V13/><F94/><W26/><G69/><T18/><D8/><U63/><E63/><V57/><F13/><W105/><G40/><T92/><D109/><U116/><E86/><V81/><F57/><W83/><G37/><T80/><D74/><U91/><E116/><V32/><F31/><W126/><G126/><T99/><D99/><U78/><E78/><V103/><F103/><W121/><G121/><T7/><D96/><U97/><E97/><V129/><F129/><W87/><G98/><T75/><D75/><U19/><E19/><V124/><F124/><W112/><G16/><T123/><D123/><U72/><E72/><V46/><F46/><W22/><G112/><T125/><D125/><U34/><E91/><V85/><REACH who="2" step="1"/><F82/><REACH who="2" ten="209,348,194,239" step="2"/><W59/><G83/><T20/><D93/><U120/><E120/><V53/><F53/><W70/><G95/><T131/><D92/><U38/><E38/><V15/><F15/><AGARI ba="2,1" hai="5,9,15,27,30,34,88,89" m="22591,50729" machi="15" ten="30,2900,0" yaku="20,1,54,1" doraHai="100" who="1" fromWho="2" sc="209,0,348,45,194,-35,239,0" /><INIT seed="1,3,0,0,5,121" ten="209,393,159,239" oya="1" hai0="82,101,131,22,30,57,50,10,90,109,118,126,13" hai1="73,80,76,41,39,52,102,9,75,113,5,96,25" hai2="60,127,122,47,46,1,62,79,6,43,65,42,77" hai3="78,89,87,133,23,59,0,114,135,33,72,15,85"/><U37/><E113/><V115/><F122/><W105/><G33/><T54/><D118/><U70/><E70/><V110/><F115/><W100/><G0/><T108/><D101/><U88/><E75/><V95/><F127/><W11/><G114/><T106/><D106/><U3/><E41/><V17/><F1/><W18/><G72/><T24/><D126/><U123/><E123/><V21/><F6/><W35/><G35/><T2/><D2/><U94/><E25/><V31/><F31/><W48/><G78/><T98/><D131/><U93/><REACH who="1" step="1"/><E52/><REACH who="1" ten="209,383,159,239" step="2"/><V38/><F65/><W125/><G125/><T132/><D132/><U128/><E128/><V130/><F130/><W134/><G135/><T29/><D29/><U71/><E71/><V40/><F40/><W111/><G134/><T91/><D98/><AGARI ba="3,1" hai="3,5,9,37,39,73,76,80,88,93,94,96,98,102" machi="98" ten="30,11600,0" yaku="1,1,7,1,54,1,53,1" doraHai="121" doraHaiUra="104" who="1" fromWho="0" sc="209,-125,383,135,159,0,239,0" /><INIT seed="1,4,0,3,3,11" ten="84,518,159,239" oya="1" hai0="98,53,118,39,30,119,55,6,105,79,69,54,81" hai1="46,100,1,67,17,25,68,56,77,35,133,117,4" hai2="12,41,0,123,57,60,106,130,112,107,97,51,45" hai3="61,122,52,95,89,26,42,84,78,33,47,111,66"/><U58/><E117/><V127/><F0/><W104/><G104/><T109/><D109/><U135/><E68/><V22/><F123/><W2/><G2/><T74/><D6/><U5/><E100/><V40/><F130/><W73/><G111/><T48/><D39/><U9/><E5/><V71/><F71/><W88/><G122/><T82/><D69/><U96/><E96/><V115/><F41/><W43/><G73/><T93/><D105/><U83/><E46/><V34/><F34/><W20/><G78/><T72/><D30/><N who="1" m="19919" /><E17/><N who="2" m="10535" /><F97/><N who="3" m="57575" /><G33/><T8/><D8/><U134/><E67/><N who="2" m="39311" /><F127/><W129/><G66/><T7/><D7/><U114/><E114/><AGARI ba="4,0" hai="40,45,51,106,107,112,114,115" m="39311,10535" machi="114" ten="30,2000,0" yaku="11,1,52,1" doraHai="11" who="2" fromWho="1" sc="84,0,518,-32,159,32,239,0" /><INIT seed="2,0,0,4,1,99" ten="84,486,191,239" oya="2" hai0="17,0,110,61,39,82,20,43,95,75,72,68,105" hai1="37,50,70,56,134,6,21,135,4,85,131,94,109" hai2="92,107,3,18,113,46,66,114,76,133,8,49,26" hai3="44,84,118,25,111,74,81,55,129,116,96,100,93"/><V47/><F107/><W7/><G7/><T57/><D0/><U97/><E37/><V78/><F133/><N who="1" m="50697" /><E70/><V64/><F3/><W71/><G71/><T40/><D68/><U80/><E109/><V30/><F92/><W102/><G25/><T106/><D110/><U117/><E117/><N who="3" m="45162" /><G55/><T77/><D75/><U132/><E131/><V10/><F49/><W59/><G59/><T83/><D83/><U127/><E127/><V126/><F26/><W27/><G44/><T65/><D40/><U22/><E56/><V124/><REACH who="2" step="1"/><F18/><REACH who="2" ten="84,486,181,239" step="2"/><W28/><G27/><T60/><D60/><U15/><E50/><V53/><F53/><W79/><G111/><T104/><D39/><U31/><E94/><V115/><F115/><W12/><G12/><T11/><D43/><U9/><E15/><V128/><F128/><W69/><G129/><T1/><D95/><U123/><E132/><V54/><F54/><W98/><G28/><AGARI ba="0,1" hai="8,10,28,30,46,47,64,66,76,78,113,114,124,126" machi="28" ten="25,4800,0" yaku="1,1,22,2,53,0" doraHai="99" doraHaiUra="67" who="2" fromWho="3" sc="84,0,486,0,181,58,239,-48" /><INIT seed="2,1,0,1,5,5" ten="84,486,239,191" oya="2" hai0="40,35,92,64,73,52,87,82,14,44,130,120,27" hai1="12,91,108,74,33,16,132,106,2,53,21,96,66" hai2="68,97,78,59,19,94,41,61,107,25,122,128,75" hai3="71,34,32,77,118,50,3,26,109,124,6,70,11"/><V9/><F122/><W38/><G38/><T15/><D120/><U83/><E2/><V39/><F107/><W112/><G118/><T103/><D130/><U86/><E33/><V135/><F68/><W58/><G71/><T84/><D73/><U134/><E108/><V20/><F135/><N who="1" m="51753" /><E66/><V67/><F128/><W49/><G70/><T131/><D64/><U69/><E69/><V47/><F75/><W126/><G109/><T111/><D111/><U55/><E74/><V104/><F78/><W116/><G116/><T72/><D72/><U93/><E106/><V31/><F104/><W123/><G77/><AGARI ba="1,0" hai="12,16,21,53,55,77,83,86,91,93,96" m="51753" machi="77" ten="30,2000,0" yaku="20,1,54,1" doraHai="5" who="1" fromWho="3" sc="84,0,486,23,239,0,191,-23" /><INIT seed="3,0,0,2,4,89" ten="84,509,239,168" oya="3" hai0="108,35,2,87,34,90,70,55,103,88,113,69,79" hai1="125,111,61,71,60,66,39,93,19,123,78,17,16" hai2="131,22,51,119,96,65,52,4,84,67,0,64,105" hai3="73,41,102,134,120,3,31,18,45,109,8,38,112"/><W10/><G73/><T97/><D108/><U101/><E123/><V58/><F119/><W59/><G3/><T36/><D2/><U128/><E39/><V75/><F75/><W6/><G6/><T121/><D121/><U57/><E111/><V124/><F124/><W72/><G134/><T63/><D36/><U129/><E125/><V80/><F131/><N who="1" m="50249" /><E78/><V127/><F127/><W95/><G72/><T106/><D113/><U74/><E74/><V25/><F105/><W126/><G31/><T5/><D79/><U21/><E93/><V42/><F42/><W118/><G102/><T98/><D5/><U83/><E83/><V56/><F96/><W62/><G59/><T47/><D98/><U135/><E135/><V15/><F15/><W94/><G45/><T99/><D99/><U104/><E104/><V68/><F68/><W122/><G41/><T26/><D70/><U100/><E21/><V30/><F4/><W107/><G18/><T12/><D87/><U86/><E86/><V23/><F23/><W114/><G107/><T81/><D81/><U50/><E50/><V53/><F0/><W92/><G38/><T9/><D34/><U115/><E115/><V28/><F28/><W24/><G126/><T14/><D69/><U29/><E29/><V116/><F116/><W76/><G118/><T85/><D85/><U13/><E13/><N who="0" m="5225" /><D9/><U54/><AGARI ba="0,0" hai="16,17,19,54,57,60,61,66,71,100,101" m="50249" machi="54" ten="30,2000,0" yaku="19,1,54,1" doraHai="89" who="1" fromWho="1" sc="84,-5,509,20,239,-5,168,-10" owari="79,-42.1,529,62.9,234,3.4,158,-24.2" /></mjloggm>