<mjloggm ver="2.3"><GO type="225" lobby="0"/><UN n0="%6B%61%7A%75%73%61" n1="%E3%82%A4%E3%83%BC%E3%82%B1%E3%83%97%E3%83%A9" n2="%E6%81%A5%E6%99%92%E3%81%97" n3="%E3%83%96%E3%83%83%E3%83%91%E3%82%AA%E3%83%96%E3%83%81%E3%82%AD%E3%83%B3" dan="17,16,16,16" rate="2218.62,2192.98,2057.83,2180.55" sx="F,M,M,M"/><TAIKYOKU oya="0"/><INIT seed="0,0,0,1,4,39" ten="250,250,250,250" oya="0" hai0="51,94,98,32,112,31,74,110,14,62,7,65,63" hai1="50,109,117,33,9,8,108,100,13,23,128,18,11" hai2="1,122,71,129,116,132,105,121,89,90,125,59,58" hai3="0,120,41,106,127,35,12,10,48,82,26,97,22"/><T36/><D112/><U92/><E117/><V101/><F1/><W3/><G127/><T111/><D36/><U130/><E50/><V91/><F125/><W95/><G35/><T78/><D74/><U2/><E92/><V56/><F116/><W77/><G106/><T4/><D78/><U103/><E33/><V38/><F71/><W24/><G120/><T96/><D51/><U80/><E80/><V79/><F129/><N who="1" m="49769" /><E100/><V86/><F132/><W76/><G76/><T135/><D135/><U104/><E103/><V16/><F38/><W131/><G131/><T70/><D62/><U99/><E99/><V40/><F101/><W119/><G119/><T57/><D70/><U25/><E104/><V6/><F105/><W34/><G34/><T27/><D14/><U61/><E61/><V68/><F121/><W93/><G93/><T37/><D37/><U75/><E75/><V15/><F122/><W47/><G26/><T102/><REACH who="0" step="1"/><D96/><REACH who="0" ten="240,250,250,250" step="2"/><U28/><E2/><V53/><F68/><W43/><G3/><T66/><D66/><U17/><E13/><V52/><F79/><W87/><G0/><T118/><D118/><U107/><E107/><V83/><F15/><W67/><G67/><T30/><D30/><U20/><E20/><V126/><F126/><W114/><G12/><T113/><D113/><U21/><E23/><V46/><F6/><AGARI ba="0,1" hai="4,6,7,27,31,32,57,63,65,94,98,102,110,111" machi="6" ten="40,2000,0" yaku="1,1,53,0" doraHai="39" doraHaiUra="85" who="0" fromWho="2" sc="240,30,250,0,250,-20,250,0" /><INIT seed="0,1,0,0,1,118" ten="270,250,230,250" oya="0" hai0="120,17,69,11,113,54,111,85,40,74,123,38,122" hai1="63,82,68,87,130,105,14,114,71,92,109,5,24" hai2="134,46,99,89,103,104,29,28,60,95,66,67,43" hai3="100,16,110,84,44,50,65,88,12,98,33,21,79"/><T73/><D113/><U37/><E105/><V3/><F134/><W51/><G110/><T35/><D35/><U94/><E37/><V62/><F3/><W53/><G33/><T115/><D115/><U86/><E114/><V26/><F104/><W108/><G108/><T39/><D69/><U6/><E109/><V15/><F15/><W2/><G2/><T77/><D111/><U91/><E130/><V36/><F89/><W128/><G128/><T80/><D54/><U10/><E6/><V131/><F131/><W132/><G132/><T45/><REACH who="0" step="1"/><D38/><REACH who="0" ten="260,250,230,250" step="2"/><U13/><E68/><V127/><F127/><W90/><G65/><T64/><D64/><U57/><E71/><V101/><F67/><W135/><G135/><T34/><D34/><U76/><E24/><V107/><F66/><W112/><G112/><T83/><D83/><N who="1" m="47463" /><E14/><AGARI ba="1,1" hai="11,14,17,39,40,45,73,74,77,80,85,120,122,123" machi="14" ten="40,12000,1" yaku="1,1,52,3,53,1" doraHai="118" doraHaiUra="75" who="0" fromWho="1" sc="260,133,250,-123,230,0,250,0" /><INIT seed="0,2,0,2,4,56" ten="393,127,230,250" oya="0" hai0="135,36,45,104,63,6,62,121,123,23,9,131,87" hai1="128,68,27,94,129,70,35,33,134,107,3,43,64" hai2="79,72,109,12,34,84,82,110,54,86,13,11,89" hai3="42,111,116,98,5,26,18,10,115,77,47,31,21"/><T119/><D119/><U2/><E94/><V103/><F34/><N who="1" m="12809" /><E27/><V4/><F103/><W49/><G111/><T92/><D104/><U95/><E95/><V78/><F78/><W22/><G116/><T99/><D131/><N who="1" m="50251" /><E43/><V46/><F13/><W67/><G115/><T59/><D92/><U120/><E64/><V96/><F96/><W65/><G98/><T19/><D99/><U53/><E53/><V69/><F69/><N who="1" m="26729" /><E107/><V60/><F109/><W133/><G133/><T71/><D135/><U55/><E55/><V90/><F110/><W113/><G113/><T83/><D71/><U29/><E29/><V7/><F90/><W126/><G31/><T41/><D41/><U91/><E91/><V97/><F97/><W32/><G26/><T125/><D59/><U50/><E50/><V8/><F89/><W102/><G42/><T16/><D121/><U100/><E100/><V73/><F86/><W20/><G102/><T132/><D87/><U0/><E134/><V15/><F46/><W130/><G47/><T114/><D132/><U80/><E80/><V122/><F122/><AGARI ba="2,0" hai="0,2,3,120,122" m="26729,50251,12809" machi="122" ten="50,8000,1" yaku="28,2,19,1,31,2" doraHai="56" who="1" fromWho="2" sc="393,0,127,86,230,-86,250,0" /><INIT seed="1,0,0,0,5,126" ten="393,213,144,250" oya="1" hai0="89,12,135,81,1,18,117,73,129,109,92,44,15" hai1="58,32,74,85,93,101,82,17,60,30,40,62,33" hai2="122,112,97,78,56,91,132,43,124,51,96,50,70" hai3="88,116,11,115,35,76,4,54,23,120,107,42,121"/><U103/><E74/><V75/><F122/><W48/><G115/><T77/><D117/><U86/><E40/><V55/><F124/><W22/><G35/><T8/><D109/><U29/><E58/><V6/><F70/><W0/><G107/><T21/><D135/><U94/><E82/><V71/><F71/><W13/><G116/><T52/><D1/><U111/><REACH who="1" step="1"/><E17/><REACH who="1" ten="393,203,144,250" step="2"/><V79/><F75/><W105/><G42/><T46/><D18/><U68/><E68/><V100/><F43/><W72/><G72/><T9/><D81/><U133/><E133/><V5/><F132/><W69/><G69/><T49/><D73/><U90/><E90/><V114/><F91/><W36/><G88/><T45/><D89/><U31/><E31/><V130/><F56/><W53/><G121/><T83/><D83/><U19/><E19/><V63/><F100/><W131/><G120/><T134/><D134/><U95/><E95/><V16/><F16/><W102/><G102/><T2/><D44/><U37/><E37/><V125/><F125/><W127/><G36/><T20/><D45/><U110/><AGARI ba="0,1" hai="29,30,32,33,60,62,85,86,93,94,101,103,110,111" machi="110" ten="25,18000,2" yaku="1,1,0,1,22,2,53,2" doraHai="126" doraHaiUra="98" who="1" fromWho="1" sc="393,-60,203,190,144,-60,250,-60" /><INIT seed="1,1,0,2,4,64" ten="333,393,84,190" oya="1" hai0="10,81,103,124,33,17,3,108,59,100,92,48,28" hai1="86,44,133,85,84,40,72,110,5,95,114,91,74" hai2="49,106,22,99,67,52,14,61,58,127,41,129,29" hai3="116,101,68,46,38,102,118,51,105,113,94,104,18"/><U73/><E114/><V87/><F127/><W121/><G113/><T134/><D124/><U125/><E125/><V109/><F109/><W78/><G121/><T45/><D108/><U82/><E110/><V35/><F129/><W66/><G78/><T26/><D134/><U135/><E5/><V43/><F87/><N who="1" m="33353" /><E44/><V25/><F14/><W107/><G38/><T20/><D81/><U120/><E40/><V56/><F106/><W77/><G77/><T21/><D59/><U80/><E120/><V2/><F2/><W32/><G32/><T79/><D79/><U130/><E130/><V89/><REACH who="2" step="1"/><F35/><REACH who="2" ten="333,393,74,190" step="2"/><W11/><G105/><T63/><D33/><U128/><E128/><V1/><F1/><W112/><G104/><T60/><D3/><U47/><E47/><V69/><F69/><W97/><G46/><T4/><D45/><U31/><E31/><V12/><F12/><W6/><G107/><T55/><D28/><U96/><E82/><V34/><F34/><W36/><G112/><T93/><D92/><AGARI ba="1,1" hai="22,25,29,41,43,49,52,56,58,61,67,89,92,99" machi="92" ten="40,5200,0" yaku="1,1,8,1,54,1,53,0" doraHai="64" doraHaiUra="8" who="2" fromWho="0" sc="333,-55,393,0,74,65,190,0" /><INIT seed="2,0,0,1,2,14" ten="278,393,139,190" oya="2" hai0="10,110,43,105,103,70,95,92,19,71,12,84,37" hai1="116,52,15,76,34,74,63,90,42,25,2,75,60" hai2="96,108,86,26,65,53,51,73,47,83,13,1,48" hai3="107,80,64,3,88,21,16,4,44,29,78,126,11"/><V85/><F1/><W30/><G126/><T89/><D110/><U57/><E2/><V82/><F108/><W23/><G107/><T134/><D134/><U45/><E116/><V55/><F73/><W128/><G128/><T109/><D109/><U111/><E111/><V59/><F26/><W132/><G132/><T24/><D105/><U98/><E76/><V31/><F31/><W104/><G104/><T20/><D43/><U112/><E112/><V50/><F96/><W97/><G64/><T28/><D37/><U100/><E90/><V39/><F39/><W69/><G69/><T68/><REACH who="0" step="1"/><D103/><REACH who="0" ten="268,393,139,190" step="2"/><U131/><E42/><V120/><F120/><W22/><G44/><T77/><D77/><U133/><E45/><V66/><F47/><W114/><G114/><T130/><D130/><U81/><E100/><V5/><F55/><W9/><G78/><T18/><D18/><U32/><E52/><V46/><F46/><W41/><G41/><T93/><AGARI ba="0,1" hai="10,12,19,20,24,28,68,70,71,84,89,92,93,95" machi="93" ten="40,5200,0" yaku="1,1,0,1,52,1,53,0" doraHai="14" doraHaiUra="36" who="0" fromWho="0" sc="268,62,393,-13,139,-26,190,-13" /><INIT seed="3,0,0,4,1,29" ten="330,380,113,177" oya="3" hai0="1,32,113,134,13,37,12,82,94,129,63,17,125" hai1="70,61,108,110,56,45,23,119,96,43,93,24,103" hai2="84,58,2,47,106,66,72,62,85,81,111,99,107" hai3="124,57,122,75,71,123,135,5,105,127,27,22,97"/><W25/><G71/><T120/><D120/><N who="3" m="46121" /><G75/><T7/><D1/><U14/><E70/><V102/><F2/><W100/><G57/><T76/><D113/><U54/><E14/><V126/><F126/><N who="3" m="48171" /><G135/><T83/><D125/><U64/><E119/><V6/><F6/><W101/><G5/><T21/><D134/><U34/><E34/><V38/><F111/><N who="1" m="42537" /><E54/><V28/><F107/><N who="3" m="63887" /><G22/><T89/><D21/><U36/><E23/><V60/><F60/><W40/><G40/><T59/><D59/><U132/><E132/><V50/><F38/><W42/><G42/><T67/><D37/><U10/><E10/><V87/><F72/><W88/><G25/><AGARI ba="0,0" hai="24,25,36,43,45,56,61,64,93,96,103" m="42537" machi="25" ten="30,1000,0" yaku="14,1" doraHai="29" who="1" fromWho="3" sc="330,0,380,10,113,0,177,-10" owari="330,13.0,390,49.0,113,-38.7,167,-23.3" /></mjloggm>