<mjloggm ver="2.3"><GO type="225" lobby="0"/><UN n0="%E9%B4%A8%4E%45%47%49" n1="%E9%BB%99%E8%81%B4%E3%81%AE%E3%81%99%E3%82%9D%E3%82%81" n2="%E3%81%8B%E3%82%8F%E3%81%A1%E3%82%83%E3%82%93%35%38" n3="%E5%91%A8%E6%9D%B1" dan="16,16,16,17" rate="2099.41,2136.05,2138.85,2272.68" sx="M,M,M,M"/><TAIKYOKU oya="0"/><INIT seed="0,0,0,0,5,69" ten="250,250,250,250" oya="0" hai0="43,48,25,112,77,79,94,72,92,28,55,73,98" hai1="13,110,17,42,63,3,36,61,31,75,39,89,128" hai2="126,76,68,124,127,24,134,96,50,27,56,121,114" hai3="117,4,59,81,49,95,120,116,108,122,60,37,130"/><T86/><D112/><U40/><E3/><V29/><F114/><W8/><G81/><T16/><D43/><U66/><E75/><V23/><F121/><N who="3" m="46699" /><G95/><T93/><D73/><U99/><E31/><V84/><F68/><W41/><G8/><T135/><D135/><U9/><E110/><V38/><F134/><W44/><G4/><T71/><D71/><U30/><E30/><V111/><F111/><W15/><G15/><T115/><D115/><U104/><E128/><V65/><F96/><W53/><G108/><T100/><D72/><U22/><E63/><N who="2" m="38119" /><F50/><W109/><G109/><T125/><D28/><U21/><E42/><V2/><F2/><W32/><G32/><T64/><D86/><U57/><E40/><V51/><F51/><W131/><G49/><T107/><D79/><U33/><E33/><N who="2" m="20647" /><F38/><W129/><AGARI ba="0,0" hai="37,41,44,53,59,60,116,117,129,130,131" m="46699" machi="129" ten="40,8000,1" yaku="19,1,13,1,34,2,52,1" doraHai="69" who="3" fromWho="3" sc="250,-40,250,-20,250,-20,250,80" /><INIT seed="1,0,0,2,3,109" ten="210,230,230,330" oya="1" hai0="11,58,39,53,92,70,80,75,135,15,57,51,64" hai1="22,56,6,12,28,69,71,112,79,102,13,61,37" hai2="90,130,60,4,101,31,113,33,18,104,108,83,133" hai3="32,84,134,78,88,34,94,68,129,72,7,91,45"/><U128/><E112/><V50/><F4/><W67/><G134/><T9/><D135/><U119/><E119/><V44/><F133/><W49/><G129/><T87/><D39/><U123/><E123/><V131/><F108/><W30/><G7/><T8/><D75/><U26/><E37/><V47/><F113/><W36/><G36/><T54/><D70/><U110/><E128/><N who="2" m="49195" /><F18/><W19/><G19/><T116/><D116/><U2/><E79/><V14/><F14/><W107/><G107/><T121/><D64/><U122/><E122/><V114/><F114/><W59/><G68/><T42/><D42/><U23/><E110/><V21/><F33/><W127/><G127/><T66/><D66/><U41/><E41/><V76/><F60/><W98/><G30/><T85/><D121/><U3/><E102/><V35/><F35/><W20/><G20/><T46/><D15/><U27/><E6/><V43/><F90/><W106/><G67/><T111/><D111/><U81/><E81/><V77/><F47/><W38/><G59/><T120/><D120/><U29/><E56/><V103/><F104/><W74/><G106/><T65/><D65/><U126/><REACH who="1" step="1"/><E61/><REACH who="1" ten="210,220,230,330" step="2"/><V52/><F43/><W73/><G38/><T105/><D58/><U48/><E48/><V25/><F77/><W89/><G78/><N who="0" m="46231" /><D57/><U55/><E55/><V100/><F100/><W24/><G24/><T82/><D54/><U125/><AGARI ba="0,1" hai="2,3,12,13,22,23,26,27,28,29,69,71,125,126" machi="125" ten="25,18000,2" yaku="1,1,0,1,22,2,53,2" doraHai="109" doraHaiUra="16" who="1" fromWho="1" sc="210,-60,220,190,230,-60,330,-60" /><INIT seed="1,1,0,4,2,106" ten="150,410,170,270" oya="1" hai0="35,94,77,134,114,99,26,24,122,42,101,41,14" hai1="50,6,133,44,100,124,57,48,123,61,71,17,5" hai2="36,102,117,63,56,64,43,131,23,121,66,29,73" hai3="1,86,47,132,46,10,81,96,27,113,109,32,49"/><U129/><E123/><V70/><F121/><W45/><G113/><T85/><D114/><U127/><E71/><V84/><F117/><W110/><G132/><T0/><D0/><U19/><E100/><V74/><F131/><W55/><G96/><T80/><D134/><U118/><E118/><V83/><F102/><W115/><G115/><T98/><D122/><U95/><E95/><V4/><F4/><N who="3" m="1295" /><G27/><T105/><D35/><U120/><E120/><V119/><F119/><W88/><G32/><T2/><D2/><U7/><E133/><V126/><F126/><N who="1" m="48169" /><E129/><V91/><F66/><W128/><G128/><T125/><D125/><U25/><E25/><V67/><F67/><W93/><G93/><T72/><D14/><U52/><E50/><V15/><F70/><W58/><G58/><T18/><D26/><U37/><E37/><V30/><F15/><W79/><G55/><AGARI ba="1,0" hai="5,6,7,17,19,44,48,52,55,57,61" m="48169" machi="55" ten="30,2900,0" yaku="18,1,54,1" doraHai="106" who="1" fromWho="3" sc="150,0,410,32,170,0,270,-32" /><INIT seed="1,2,0,4,3,115" ten="150,442,170,238" oya="1" hai0="39,117,116,57,79,69,14,97,24,28,92,95,96" hai1="34,81,131,46,36,52,86,16,125,38,127,59,71" hai2="102,132,23,5,67,64,8,22,110,77,4,18,2" hai3="33,87,56,72,58,21,80,123,3,106,10,19,119"/><U27/><E71/><V15/><F110/><W99/><G33/><T120/><D69/><U41/><E131/><V122/><F122/><W78/><G123/><T74/><D39/><U134/><E134/><V133/><F102/><W105/><G72/><T48/><D120/><U75/><E75/><V88/><F77/><W35/><G35/><T17/><D74/><U43/><E43/><V91/><F5/><W112/><G112/><T60/><D79/><U53/><E38/><V124/><F124/><N who="1" m="47689" /><E59/><V66/><REACH who="2" step="1"/><F22/><REACH who="2" ten="150,442,160,238" step="2"/><W70/><G21/><T111/><D111/><U89/><E34/><V83/><F83/><W25/><G80/><T84/><D95/><U104/><E104/><V108/><F108/><W121/><G78/><T13/><D92/><U31/><E31/><V26/><F26/><W42/><G25/><T45/><D24/><U32/><E32/><V9/><F9/><W93/><G10/><T109/><D28/><U0/><E0/><V1/><F1/><W129/><G93/><T40/><D109/><U49/><E36/><V107/><F107/><W63/><G3/><T6/><D96/><U7/><E7/><V54/><F54/><W55/><G55/><N who="0" m="33855" /><D97/><U114/><E114/><V135/><AGARI ba="2,1" hai="2,4,8,15,18,23,64,66,67,88,91,132,133,135" machi="135" ten="40,8000,1" yaku="1,1,0,1,20,1,54,1,53,0" doraHai="115" doraHaiUra="68" who="2" fromWho="2" sc="150,-22,442,-42,160,96,238,-22" /><INIT seed="2,0,0,0,0,52" ten="128,400,256,216" oya="2" hai0="122,49,23,93,101,21,118,34,50,104,74,64,90" hai1="30,114,132,84,61,69,100,2,126,25,91,35,58" hai2="8,27,7,71,134,38,53,129,18,65,40,10,9" hai3="17,121,135,56,15,75,125,41,11,116,76,105,62"/><V99/><F129/><W103/><G121/><T127/><D122/><U82/><E132/><V54/><F134/><W67/><G135/><T51/><D34/><U128/><E128/><V1/><F99/><W14/><G116/><T12/><D74/><U81/><E126/><V20/><F54/><W66/><G125/><T26/><D127/><U133/><E133/><V117/><F117/><W19/><G75/><T96/><D118/><U120/><E2/><V98/><F98/><W68/><G76/><T22/><D12/><U55/><E114/><V113/><F113/><W72/><G72/><T48/><N who="0" m="12288" /><DORA hai="13" /><T95/><D64/><U88/><E100/><V4/><F53/><W107/><G41/><T94/><REACH who="0" step="1"/><D90/><REACH who="0" ten="118,400,256,216" step="2"/><U87/><E120/><V29/><F65/><W85/><G103/><T123/><D123/><U37/><E37/><V47/><F71/><AGARI ba="0,1" hai="25,30,35,55,58,61,69,71,81,82,84,87,88,91" machi="71" ten="40,5200,0" yaku="9,1,52,1,54,1" doraHai="52,13" who="1" fromWho="2" sc="118,0,400,62,256,-52,216,0" /><INIT seed="3,0,0,0,4,42" ten="118,462,204,216" oya="3" hai0="57,4,79,88,27,130,116,53,114,118,76,36,29" hai1="67,82,121,87,81,33,30,99,134,104,3,63,85" hai2="54,13,80,22,103,5,8,64,93,58,39,119,78" hai3="44,105,89,115,21,83,132,71,62,23,2,73,38"/><W75/><G2/><T34/><D130/><U19/><E3/><V20/><F119/><W11/><G105/><T25/><D114/><U7/><E7/><V108/><F39/><W60/><G11/><T127/><D127/><U56/><E134/><V106/><F106/><W74/><G115/><T109/><D109/><U84/><E121/><V120/><F64/><W66/><G132/><T102/><D36/><U128/><E128/><V135/><F135/><W72/><G62/><T24/><D102/><U6/><E6/><V37/><F37/><W125/><G125/><T0/><D34/><U92/><E104/><V40/><F40/><W14/><G14/><T43/><D29/><U55/><E33/><V122/><F108/><W9/><G9/><T26/><D43/><U46/><E30/><V68/><F68/><W41/><REACH who="3" step="1"/><G89/><REACH who="3" ten="118,462,204,206" step="2"/><T91/><D0/><U10/><E10/><V101/><F101/><W18/><G18/><T124/><D4/><U61/><E19/><V100/><F100/><W117/><G117/><T97/><D124/><U59/><E46/><V98/><F122/><W51/><G51/><T48/><N who="0" m="6144" /><DORA hai="96" /><T77/><REACH who="0" step="1"/><D91/><AGARI ba="0,1" hai="55,56,59,61,63,67,81,82,84,85,87,91,92,99" machi="91" ten="40,1300,0" yaku="8,1" doraHai="42,96" who="1" fromWho="0" sc="118,-13,462,23,204,0,206,0" owari="105,-39.5,485,58.5,204,-19.6,206,0.6" /></mjloggm>