<mjloggm ver="2.3"><GO type="225" lobby="0"/><UN n0="%70%6F%69%73%6F%6E%30%32" n1="%E7%89%B9%E6%9D%B1%E3%81%AF%E4%B8%96%E7%95%8C%E3%82%92%E6%95%91%E3%81%86" n2="%E8%81%B7%E6%A5%AD%E3%80%81%E9%A2%A8%32" n3="%E6%9C%88%E5%B3%B6%E5%9F%BA" dan="16,16,16,16" rate="2119.27,2150.29,2149.51,2153.60" sx="M,M,M,M"/><TAIKYOKU oya="0"/><INIT seed="0,0,0,2,3,27" ten="250,250,250,250" oya="0" hai0="85,5,117,3,53,118,120,20,45,39,43,67,56" hai1="99,81,41,65,124,19,105,96,69,115,66,62,127" hai2="113,54,22,14,64,24,9,100,31,134,129,15,13" hai3="91,94,102,11,34,61,32,23,49,95,16,71,84"/><T132/><D120/><U123/><E123/><V125/><F113/><W76/><G76/><T128/><D132/><U103/><E115/><V78/><F134/><W0/><G49/><T58/><D128/><U75/><E65/><V2/><F129/><W112/><G112/><T42/><D5/><U33/><E19/><V135/><F135/><W37/><G37/><T111/><D3/><U52/><E99/><V77/><F125/><N who="1" m="48201" /><E41/><V25/><F100/><W59/><G71/><T28/><D43/><U1/><E33/><V10/><F64/><W6/><G102/><T73/><D73/><U79/><E52/><V90/><F54/><W98/><G84/><T114/><D114/><U60/><E60/><V7/><F90/><W82/><G34/><T46/><D67/><U12/><E12/><N who="2" m="4715" /><F78/><W119/><G32/><T122/><D122/><U50/><E50/><V104/><F77/><W68/><G98/><T18/><D46/><U87/><E1/><N who="2" m="239" /><F104/><W97/><G0/><T116/><D58/><U93/><E75/><V55/><F55/><W86/><G59/><T21/><D56/><U8/><E8/><V40/><F40/><W26/><G11/><T92/><D53/><U35/><E35/><N who="2" m="20967" /><F2/><W44/><G68/><T17/><D17/><U48/><E48/><V121/><F121/><W36/><G16/><T70/><D70/><U51/><E51/><V47/><F47/><W106/><G44/><T83/><D45/><U57/><E69/><V29/><N who="2" m="4723" /><V72/><DORA hai="110" /><F72/><W4/><G61/><T109/><D42/><U88/><E79/><V30/><F10/><RYUUKYOKU ba="0,0" sc="250,-15,250,15,250,15,250,-15" hai1="57,62,66,81,87,88,93,96,103,105" hai2="22,25,29,30" /><INIT seed="1,1,0,0,1,92" ten="235,265,265,235" oya="1" hai0="78,121,112,17,30,52,67,64,36,74,23,81,129" hai1="50,93,66,105,119,35,124,68,59,102,54,131,45" hai2="4,83,49,95,31,88,2,32,9,97,103,91,86" hai3="44,6,24,63,60,73,110,94,8,125,65,76,99"/><U39/><E119/><V10/><F32/><W70/><G110/><T85/><D112/><U101/><E35/><V62/><F31/><W11/><G125/><T90/><D36/><U117/><E105/><V115/><F115/><W29/><G73/><T21/><D129/><U0/><E117/><V3/><F49/><W47/><G63/><T96/><D121/><U84/><E0/><V77/><F62/><W16/><G76/><T130/><D130/><U34/><E34/><V122/><F122/><W75/><G75/><T25/><D52/><U58/><E131/><V42/><F42/><W135/><G135/><T111/><D111/><U33/><E33/><V98/><F98/><W56/><G70/><T118/><D96/><U38/><E39/><V61/><F61/><W100/><G29/><T69/><D69/><U22/><E68/><V12/><REACH who="2" step="1"/><F2/><REACH who="2" ten="235,265,255,235" step="2"/><W79/><G60/><T13/><REACH who="0" step="1"/><D118/><REACH who="0" ten="225,265,255,235" step="2"/><U128/><E128/><V89/><F89/><W57/><G65/><T5/><D5/><AGARI ba="1,2" hai="3,4,5,9,10,12,77,83,86,88,91,95,97,103" machi="5" ten="30,7700,0" yaku="1,1,7,1,52,1,54,1,53,0" doraHai="92" doraHaiUra="120" who="2" fromWho="0" sc="225,-80,265,0,255,100,235,0" /><INIT seed="2,0,0,2,1,72" ten="145,265,355,235" oya="2" hai0="9,60,61,54,78,75,134,111,17,97,114,57,73" hai1="33,43,66,79,5,59,13,123,25,30,62,98,42" hai2="102,68,53,71,14,67,27,90,69,103,2,8,18" hai3="58,10,40,82,104,122,135,88,100,46,125,38,45"/><V85/><F67/><W36/><G122/><T89/><D111/><U65/><E123/><V29/><F2/><W21/><G125/><T119/><D114/><U110/><E110/><V96/><F53/><W115/><G115/><T95/><D119/><U121/><E121/><V51/><F51/><W80/><G135/><T63/><D134/><U112/><E112/><V32/><REACH who="2" step="1"/><F96/><REACH who="2" ten="145,265,345,235" step="2"/><W126/><G38/><T106/><D106/><U34/><E65/><V128/><F128/><W113/><G36/><T116/><D116/><U3/><E3/><V81/><AGARI ba="0,1" hai="8,14,18,27,29,32,68,69,71,81,85,90,102,103" machi="81" ten="30,3000,0" yaku="1,1,0,1,53,0" doraHai="72" doraHaiUra="50" who="2" fromWho="2" sc="145,-10,265,-10,345,40,235,-10" /><INIT seed="2,1,0,3,2,102" ten="135,255,385,225" oya="2" hai0="126,53,12,125,124,40,5,66,50,94,123,95,33" hai1="92,0,135,7,27,46,64,32,93,74,60,120,34" hai2="10,52,97,39,35,108,37,115,71,114,98,105,63" hai3="6,86,116,117,79,113,31,88,80,55,111,129,11"/><V23/><F35/><W90/><G111/><T100/><D33/><U121/><E74/><V76/><F108/><W38/><G38/><T9/><D123/><N who="1" m="47179" /><E135/><V28/><F76/><W36/><G36/><T17/><D66/><U70/><E46/><V103/><F39/><W51/><G129/><T101/><D40/><U73/><E73/><V122/><F37/><W78/><G113/><T68/><D68/><U127/><E127/><V72/><F72/><W56/><G31/><T54/><D5/><U107/><E107/><V3/><F122/><W24/><G24/><T58/><REACH who="0" step="1"/><D54/><REACH who="0" ten="125,255,385,225" step="2"/><U25/><E32/><V77/><F71/><W1/><G116/><T82/><D82/><U47/><E34/><V59/><F52/><W67/><G117/><T84/><D84/><U29/><E7/><V30/><F98/><W19/><G67/><T81/><D81/><U57/><E70/><V133/><F97/><W43/><G43/><T62/><D62/><U15/><E60/><V20/><F63/><W4/><G4/><T91/><D91/><U48/><E64/><V16/><F115/><W8/><G90/><T69/><D69/><U41/><E41/><V119/><F114/><W87/><G86/><T131/><D131/><U112/><E112/><V106/><F119/><W21/><G6/><T99/><D99/><U96/><E96/><V110/><F77/><N who="3" m="29195" /><G1/><T26/><D26/><U109/><E25/><V44/><F3/><W118/><G118/><T75/><D75/><U65/><E0/><V104/><F110/><W18/><G80/><T61/><D61/><U22/><E109/><RYUUKYOKU ba="1,1" sc="125,30,255,-10,385,-10,225,-10" hai0="9,12,17,50,53,58,94,95,100,101,124,125,126" /><INIT seed="3,2,1,2,0,134" ten="155,245,375,215" oya="3" hai0="62,58,7,78,88,29,121,101,38,70,96,56,3" hai1="107,16,100,111,19,129,25,9,28,49,54,22,50" hai2="10,76,123,116,132,82,75,119,11,68,34,89,126" hai3="20,32,39,130,84,65,53,69,41,66,112,51,71"/><W113/><G32/><T102/><D121/><U59/><E111/><V47/><F68/><N who="3" m="26187" /><G84/><T110/><D110/><U90/><E129/><V92/><F34/><W125/><G20/><T36/><D70/><U109/><E109/><V73/><F73/><W128/><G41/><T8/><D29/><U6/><E90/><V105/><F123/><W52/><G39/><T97/><D78/><U87/><E87/><V106/><F11/><W0/><G0/><T114/><D114/><N who="3" m="44137" /><G53/><T91/><D58/><U35/><E50/><V21/><F10/><W5/><G5/><T103/><D38/><U118/><E118/><V79/><F21/><W43/><G43/><T48/><D48/><U40/><E40/><V33/><F33/><W45/><G125/><T81/><D36/><U46/><E59/><V14/><F126/><W127/><G127/><T61/><D61/><U74/><E74/><V98/><F75/><W30/><G30/><T55/><REACH who="0" step="1"/><D81/><REACH who="0" ten="145,245,375,215" step="2"/><U122/><E122/><V26/><F82/><W80/><G80/><T120/><D120/><U133/><E28/><V1/><F79/><W42/><G42/><T63/><D63/><U24/><E49/><V17/><F76/><W85/><G130/><T94/><D94/><U93/><E93/><V60/><F92/><W99/><G128/><T86/><D86/><U77/><E77/><V23/><F119/><W135/><G51/><T4/><D4/><U37/><E6/><V104/><F116/><W44/><G44/><T27/><D27/><N who="1" m="14791" /><E46/><V64/><F26/><W12/><G45/><T108/><D108/><U67/><E25/><RYUUKYOKU ba="2,2" sc="145,30,245,-10,375,-10,215,-10" hai0="3,7,8,55,56,62,88,91,96,97,101,102,103" owari="175,-32.5,235,3.5,385,48.5,205,-19.5" /></mjloggm>