<mjloggm ver="2.3"><GO type="225" lobby="0"/><UN n0="%E3%81%95%E3%81%8D%E3%81%9F%E3%81%BE%E6%9E%97%E6%AA%8E" n1="%E3%82%A4%E3%83%BC%E3%82%B1%E3%83%97%E3%83%A9" n2="%E3%83%96%E3%83%83%E3%83%91%E3%82%AA%E3%83%96%E3%83%81%E3%82%AD%E3%83%B3" n3="%E6%97%A5%E6%9B%9C%E6%97%A5%E3%82%88%E3%82%8A%E3%81%AE%E4%BD%BF%E8%80%85" dan="16,16,16,17" rate="2100.83,2105.65,2165.31,2265.03" sx="M,M,M,M"/><TAIKYOKU oya="0"/><INIT seed="0,0,0,4,0,50" ten="250,250,250,250" oya="0" hai0="9,128,115,41,47,81,94,53,110,30,99,76,49" hai1="106,44,108,12,75,132,15,33,1,124,100,51,59" hai2="78,123,29,135,21,98,119,35,131,113,83,90,20" hai3="69,114,17,61,73,24,125,104,55,0,74,64,38"/><T96/><D115/><U5/><E33/><V7/><F123/><W4/><G114/><T117/><D117/><U77/><E108/><V116/><F113/><W23/><G104/><T37/><D128/><U13/><E124/><V36/><F36/><W111/><G38/><T103/><D110/><U82/><E132/><V86/><F135/><W80/><G111/><T107/><D30/><U120/><E120/><V34/><F131/><W92/><G125/><T127/><D127/><U19/><E59/><V18/><F7/><W48/><G92/><T97/><D9/><U87/><E75/><V14/><F21/><W60/><G60/><T105/><D105/><U70/><E70/><V22/><F20/><W54/><G80/><T89/><D107/><U27/><E27/><V71/><F71/><W65/><G65/><T58/><REACH who="0" step="1"/><D103/><REACH who="0" ten="240,250,250,250" step="2"/><U79/><E100/><V39/><F29/><W68/><G68/><T52/><D52/><N who="1" m="29799" /><E106/><V67/><F116/><W63/><G55/><T122/><D122/><U121/><E121/><V31/><F119/><W93/><G69/><T32/><D32/><U43/><E1/><V6/><F35/><W101/><G101/><T62/><D62/><U40/><E5/><V84/><F6/><W10/><G64/><T85/><AGARI ba="0,1" hai="37,41,47,49,53,58,76,81,85,89,94,96,97,99" machi="85" ten="20,12000,1" yaku="1,1,0,1,7,1,52,1,53,1" doraHai="50" doraHaiUra="91" who="0" fromWho="0" sc="240,130,250,-40,250,-40,250,-40" /><INIT seed="0,1,0,2,1,46" ten="370,210,210,210" oya="0" hai0="115,61,91,63,34,85,72,24,52,68,12,71,9" hai1="120,4,121,42,6,81,122,88,67,133,66,130,48" hai2="113,110,36,78,2,64,95,47,126,92,29,40,86" hai3="83,59,73,41,84,45,56,54,35,132,31,111,26"/><T18/><D115/><U8/><E130/><V62/><F113/><W129/><G73/><T53/><D72/><U80/><E133/><V32/><F110/><W21/><G129/><T49/><D53/><U33/><E33/><V65/><F126/><W99/><G132/><T116/><D116/><U57/><E42/><V105/><F2/><W43/><G111/><T104/><D104/><U37/><E37/><V106/><F65/><W135/><G135/><T58/><D71/><U114/><E114/><V28/><F95/><W94/><G35/><T117/><D68/><U76/><E76/><V19/><F19/><W112/><G112/><T7/><D117/><U100/><E100/><V93/><F93/><W90/><G45/><T55/><D55/><U70/><E70/><V30/><F32/><W10/><G10/><T38/><D38/><U128/><E128/><V134/><F134/><W124/><G124/><T44/><D58/><U79/><E79/><V89/><REACH who="2" step="1"/><F78/><REACH who="2" ten="370,210,200,210" step="2"/><N who="3" m="46199" /><G59/><AGARI ba="1,1" hai="28,29,30,36,40,47,59,62,64,86,89,92,105,106" machi="59" ten="40,1300,0" yaku="1,1,53,0" doraHai="46" doraHaiUra="3" who="2" fromWho="3" sc="370,0,210,0,200,26,210,-16" /><INIT seed="1,0,0,3,3,108" ten="370,210,226,194" oya="1" hai0="46,93,43,107,49,134,29,116,132,39,61,23,105" hai1="124,129,26,59,63,16,78,67,112,13,111,75,98" hai2="109,120,80,87,119,89,126,15,35,1,97,123,91" hai3="55,83,56,17,114,131,41,96,9,66,103,81,32"/><U48/><E129/><V31/><F1/><W94/><G32/><T8/><D116/><U18/><E124/><V19/><F119/><W121/><G121/><T100/><D39/><U51/><E111/><V28/><F109/><W4/><G131/><T135/><D8/><U88/><E112/><V127/><F35/><W106/><G114/><T73/><D73/><U99/><E78/><V57/><F120/><W34/><G34/><T84/><D61/><U69/><E75/><V38/><F38/><W71/><G41/><T133/><D133/><U50/><E69/><V33/><F123/><W21/><G66/><T45/><D45/><U52/><E67/><V122/><F122/><W0/><G71/><T36/><D36/><U30/><E88/><V113/><F113/><W7/><G7/><T44/><D44/><U92/><E13/><V110/><F33/><W24/><REACH who="3" step="1"/><G106/><REACH who="3" ten="370,210,226,184" step="2"/><T6/><D6/><U130/><E130/><V60/><F110/><W82/><G82/><T11/><D43/><U47/><E47/><V70/><F70/><W85/><G85/><T20/><D84/><U74/><E74/><V5/><F127/><W53/><G53/><T40/><D40/><U90/><E98/><V118/><F126/><W117/><G117/><T79/><D46/><U62/><E62/><AGARI ba="0,1" hai="0,4,9,17,21,24,55,56,62,81,83,94,96,103" machi="62" ten="30,3900,0" yaku="1,1,7,1,53,1" doraHai="108" doraHaiUra="95" who="3" fromWho="1" sc="370,0,210,-39,226,0,184,49" /><INIT seed="2,0,0,0,4,44" ten="370,171,226,233" oya="2" hai0="97,104,38,19,22,9,60,66,39,84,90,134,26" hai1="54,102,14,109,71,62,117,49,8,36,93,46,2" hai2="123,63,29,74,55,33,126,128,81,130,76,79,64" hai3="135,85,4,43,17,20,16,132,52,75,122,0,12"/><V98/><F123/><W110/><G75/><T121/><D134/><N who="3" m="51241" /><G122/><T53/><D121/><U87/><E117/><V106/><F79/><W61/><G110/><T89/><D53/><U57/><E109/><V115/><F115/><W31/><G43/><T25/><D25/><U40/><E2/><V88/><F126/><W80/><G31/><T107/><D107/><U42/><E42/><V70/><F55/><W48/><G61/><T124/><D124/><U73/><E73/><V105/><F105/><W91/><G0/><T37/><D9/><U23/><E23/><V69/><F69/><W125/><G125/><T41/><D41/><U96/><E87/><V6/><F6/><W86/><G86/><T120/><D84/><U111/><E111/><V21/><F21/><W95/><G80/><T59/><D120/><U13/><E8/><V68/><F68/><W131/><G131/><T77/><D77/><U56/><REACH who="1" step="1"/><E71/><REACH who="1" ten="370,161,226,233" step="2"/><N who="2" m="42399" /><F130/><W11/><G20/><T112/><D22/><U99/><E99/><V78/><F70/><W82/><G82/><T1/><D97/><U113/><E113/><V133/><F98/><W32/><G32/><T119/><D1/><U116/><E116/><V114/><F33/><W28/><G28/><T45/><D119/><U108/><E108/><V30/><F29/><W51/><G85/><T94/><D112/><U15/><E15/><V101/><F30/><W83/><G12/><T65/><D26/><U3/><E3/><V50/><F81/><W67/><G83/><T18/><D39/><U34/><E34/><V10/><F74/><W127/><G127/><RYUUKYOKU ba="0,1" sc="370,-10,161,30,226,-10,233,-10" hai1="13,14,36,40,46,49,54,56,57,62,93,96,102" /><INIT seed="3,1,1,3,4,9" ten="360,191,216,223" oya="3" hai0="34,118,101,47,66,40,8,124,89,5,95,1,109" hai1="99,134,126,14,78,16,100,2,83,50,122,73,42" hai2="104,127,115,23,31,58,61,98,117,125,87,20,82" hai3="65,107,90,7,24,67,116,70,11,106,80,64,112"/><W75/><G70/><T45/><D109/><U37/><E122/><V119/><F115/><W6/><G112/><T105/><D124/><N who="2" m="47690" /><F104/><W27/><G116/><N who="2" m="44617" /><F98/><W110/><G110/><T51/><D34/><U91/><E126/><V85/><F31/><W21/><G7/><T4/><D118/><U135/><E2/><V76/><F87/><W88/><G75/><T63/><D5/><U72/><E37/><V123/><F123/><W108/><G108/><T120/><D120/><U46/><E73/><V113/><F113/><W33/><G33/><T60/><D47/><U128/><E128/><V44/><F44/><W111/><G111/><T43/><D45/><U41/><E91/><V19/><F19/><W133/><G107/><T10/><D89/><U93/><REACH who="1" step="1"/><E42/><REACH who="1" ten="360,181,216,223" step="2"/><V56/><F56/><W71/><G90/><T17/><D43/><U25/><E25/><V13/><F13/><W35/><G27/><T15/><D40/><U36/><E36/><V18/><F18/><W129/><G24/><T130/><D15/><U0/><E0/><V74/><F74/><W132/><G88/><T97/><D17/><U48/><E48/><V86/><F86/><W102/><G133/><T38/><D51/><U84/><E84/><V62/><F62/><W92/><G132/><T53/><D60/><U69/><E69/><V94/><F61/><W103/><G71/><T30/><D63/><U28/><E28/><V52/><F58/><W121/><G121/><T131/><D30/><U26/><E26/><V39/><F39/><W114/><G114/><T79/><D38/><U49/><E49/><RYUUKYOKU ba="1,2" sc="360,-10,181,30,216,-10,223,-10" hai1="14,16,41,46,50,72,78,83,93,99,100,134,135" owari="370,47.0,211,-18.9,206,-29.4,213,1.3" /></mjloggm>