<mjloggm ver="2.3"><GO type="225" lobby="0"/><UN n0="%E3%81%BD%E3%81%A1%E3%81%9F%E3%81%93%E3%82%84" n1="%E3%81%99%E3%81%84%E3%81%BE%E3%81%9B%E3%83%BC%E3%82%93" n2="%72%69%6F%75%63%68%61%6E" n3="%E6%B8%A9%E2%98%85%E6%83%85%E2%98%85%E6%8E%AA%E2%98%85%E7%BD%AE" dan="17,18,16,17" rate="2208.81,2186.79,2202.62,2194.16" sx="M,M,M,M"/><TAIKYOKU oya="0"/><INIT seed="0,0,0,3,5,31" ten="250,250,250,250" oya="0" hai0="49,91,81,50,94,15,101,90,55,105,121,56,62" hai1="39,24,72,61,66,119,67,87,73,93,20,99,88" hai2="79,65,135,70,27,1,32,23,6,13,80,7,122" hai3="132,2,3,84,92,48,86,30,29,77,17,57,63"/><T10/><D121/><U46/><E119/><V98/><F122/><W96/><G132/><T37/><D37/><U41/><E87/><N who="3" m="33322" /><G3/><T123/><D123/><U89/><E89/><N who="0" m="33801" /><D105/><U83/><E83/><V71/><F135/><W69/><G69/><T36/><D36/><U97/><E99/><V82/><F98/><W26/><G2/><T33/><D33/><U78/><E78/><V134/><F134/><W11/><G48/><N who="0" m="18539" /><D81/><U21/><E67/><V129/><F129/><W42/><G77/><T28/><D28/><U58/><REACH who="1" step="1"/><E20/><REACH who="1" ten="250,240,250,250" step="2"/><V74/><F82/><W112/><G96/><T103/><D94/><U102/><E102/><V120/><F120/><W125/><G92/><T104/><D104/><U100/><E100/><V54/><F65/><W133/><G133/><T51/><D62/><U60/><E60/><V38/><F80/><W68/><G63/><T106/><D106/><U44/><E44/><V111/><F79/><W116/><G116/><T126/><D126/><U118/><E118/><V64/><F64/><W110/><G125/><T34/><D34/><U0/><E0/><V128/><F1/><W9/><G68/><T25/><D101/><U85/><E85/><V113/><F71/><W12/><G112/><T107/><D103/><U124/><E124/><V52/><F70/><W47/><G47/><T75/><D107/><U127/><E127/><V45/><F113/><W40/><G57/><T18/><D75/><U108/><E108/><V95/><F74/><W19/><G110/><T16/><D56/><U5/><E5/><N who="2" m="1547" /><F111/><W115/><G115/><T4/><D55/><RYUUKYOKU ba="0,1" sc="250,-10,240,30,250,-10,250,-10" hai1="21,24,39,41,46,58,61,66,72,73,88,93,97" /><INIT seed="1,1,1,2,0,1" ten="240,270,240,240" oya="1" hai0="65,102,127,104,19,123,129,35,14,105,133,107,64" hai1="38,89,32,44,63,49,113,96,53,40,46,74,85" hai2="60,108,99,39,115,110,3,132,26,17,88,117,50" hai3="118,126,54,51,97,62,24,61,37,23,125,103,90"/><U100/><E74/><V84/><F117/><W83/><G37/><T18/><D35/><U116/><E32/><V55/><F132/><W15/><G118/><T34/><D34/><U13/><E116/><V91/><F39/><W93/><G15/><T45/><D133/><U79/><E113/><V111/><F115/><W120/><G120/><T73/><D73/><U114/><E114/><V130/><F3/><W101/><G126/><T9/><D127/><U0/><E0/><V106/><F130/><W42/><G42/><T29/><D29/><U5/><E63/><N who="3" m="24074" /><G83/><T82/><D129/><U10/><E79/><V109/><F60/><W80/><G80/><T33/><D33/><U30/><E30/><V122/><F122/><W75/><G75/><T92/><D82/><U41/><E41/><V94/><F106/><W72/><G72/><T70/><D70/><U56/><E46/><V4/><F4/><W67/><G67/><T95/><D45/><U47/><E40/><V25/><F17/><N who="3" m="12399" /><G125/><T7/><D123/><U8/><E38/><V20/><F20/><W31/><G31/><T12/><D19/><U59/><E10/><V58/><N who="2" m="27648" /><DORA hai="6" /><V98/><REACH who="2" step="1"/><F98/><REACH who="2" ten="240,270,230,240" step="2"/><W112/><G112/><T66/><D105/><U22/><E22/><V11/><F11/><W27/><G27/><T2/><D107/><U36/><E36/><V43/><F43/><W16/><G16/><T52/><D2/><U121/><E121/><V78/><F78/><W77/><G77/><T69/><D69/><U135/><E135/><V21/><F21/><W131/><G131/><T28/><D104/><RYUUKYOKU ba="1,2" sc="240,-15,270,-15,230,15,240,15" hai2="25,26,50,55,58,84,88,91,94,99" hai3="51,54,90,93,97,101,103" /><INIT seed="2,2,2,3,2,29" ten="225,255,245,255" oya="2" hai0="110,44,68,135,30,42,8,128,49,6,10,70,111" hai1="40,82,123,63,36,43,67,4,129,118,66,91,98" hai2="114,15,48,103,51,119,97,124,13,92,59,122,74" hai3="19,105,60,27,127,21,47,87,115,117,112,34,54"/><V96/><F114/><N who="3" m="43563" /><G117/><T104/><D128/><U65/><E118/><V71/><F119/><W133/><G133/><T93/><D104/><U38/><E129/><V50/><F122/><W41/><G127/><T18/><D135/><U56/><E123/><V113/><F113/><W94/><G105/><T80/><D30/><U28/><E4/><V62/><F74/><W69/><G34/><T125/><D125/><U22/><E38/><V75/><F75/><W53/><G69/><T77/><D93/><N who="1" m="56639" /><E82/><V45/><F124/><W1/><G1/><T14/><D110/><U79/><E79/><V86/><F71/><W37/><G60/><T0/><REACH who="0" step="1"/><D111/><REACH who="0" ten="215,255,245,255" step="2"/><U78/><E28/><V17/><F97/><W20/><G20/><T116/><D116/><U90/><E22/><V73/><F96/><W102/><G102/><T12/><D12/><U46/><E63/><V32/><F103/><W35/><G35/><T24/><D24/><U57/><E36/><V33/><F13/><W11/><G11/><T130/><D130/><U85/><E85/><AGARI ba="2,3" hai="0,6,8,10,14,18,42,44,49,68,70,77,80,85" machi="85" ten="30,2000,0" yaku="1,1,7,1,53,0" doraHai="29" doraHaiUra="58" who="0" fromWho="1" sc="215,56,255,-26,245,0,255,0" /><INIT seed="3,0,0,3,2,126" ten="271,229,245,255" oya="3" hai0="39,50,105,112,116,107,15,88,61,49,13,23,26" hai1="118,103,30,37,97,3,62,27,20,57,17,47,104" hai2="52,25,78,72,63,85,133,100,117,113,45,92,71" hai3="124,130,14,134,24,119,108,81,93,8,42,79,34"/><W48/><G119/><T60/><D39/><U121/><E121/><V1/><F113/><W76/><G124/><T109/><D116/><U66/><E118/><V98/><F117/><W2/><G2/><T68/><D112/><U91/><E3/><V33/><F133/><W96/><G134/><T114/><D114/><U111/><E111/><V46/><F1/><W95/><G108/><T40/><D109/><U106/><E91/><V12/><F72/><W135/><G34/><T102/><D102/><U53/><E17/><V90/><F78/><W19/><G24/><T69/><D40/><U94/><REACH who="1" step="1"/><E53/><REACH who="1" ten="271,219,245,255" step="2"/><V110/><F110/><W5/><G19/><T115/><D115/><U58/><E58/><V128/><F71/><W73/><G135/><T132/><D132/><U41/><AGARI ba="0,1" hai="20,27,30,37,41,47,57,62,66,94,97,103,104,106" machi="41" ten="30,8000,1" yaku="1,1,0,1,25,2,53,1" doraHai="126" doraHaiUra="16" who="1" fromWho="1" sc="271,-20,219,90,245,-20,255,-40" owari="251,5.1,309,40.9,225,-17.5,215,-28.5" /></mjloggm>