<mjloggm ver="2.3"><GO type="225" lobby="0"/><UN n0="%E3%81%A4%E3%81%A3%E3%81%B1%E3%82%8A%E3%83%9D%E3%83%BC%E3%83%AB" n1="%E3%81%B2%E3%81%AA%E3%81%AE%E3%82%8A%E3%81%8F" n2="%E3%83%96%E3%83%83%E3%83%91%E3%82%AA%E3%83%96%E3%83%81%E3%82%AD%E3%83%B3" n3="%EF%BC%AE%EF%BC%A1%EF%BC%AF%33%33%39" dan="17,16,16,16" rate="2154.15,2116.72,2193.74,2209.94" sx="M,M,M,M"/><TAIKYOKU oya="0"/><INIT seed="0,0,0,3,5,0" ten="250,250,250,250" oya="0" hai0="126,54,132,63,7,107,133,25,117,13,131,88,64" hai1="38,59,111,89,12,116,39,24,36,109,5,20,46" hai2="9,95,14,90,108,93,114,30,3,80,92,62,18" hai3="72,43,94,50,100,77,47,125,119,40,21,83,112"/><T27/><D117/><U118/><E89/><V67/><F114/><W124/><G112/><T66/><D107/><U42/><E59/><V29/><F108/><N who="1" m="41545" /><E12/><V73/><F3/><W82/><G119/><N who="1" m="45610" /><E5/><V58/><REACH who="2" step="1"/><F73/><REACH who="2" ten="250,250,240,250" step="2"/><W23/><G72/><T121/><D132/><U110/><E110/><V32/><F32/><W11/><G125/><T130/><D133/><U56/><E56/><V115/><F115/><W106/><G124/><T120/><D126/><U49/><E39/><V52/><F52/><W87/><G43/><T22/><D54/><U10/><E10/><V61/><F61/><W15/><G11/><N who="0" m="4351" /><D63/><U122/><E122/><V75/><F75/><W41/><G41/><T101/><D121/><U102/><E102/><V26/><F26/><W74/><G100/><T85/><D27/><U123/><E123/><V57/><F57/><W105/><G40/><T79/><D120/><U45/><E45/><V97/><F97/><W113/><G47/><T128/><D101/><U91/><E38/><V8/><F8/><W37/><G37/><T2/><D2/><U31/><E36/><V135/><F135/><W129/><G113/><T60/><D60/><U103/><E103/><V71/><F71/><W17/><G74/><T134/><D134/><U104/><E104/><V68/><F68/><W19/><G106/><T28/><D66/><U65/><E65/><V35/><F35/><W6/><G105/><T55/><D64/><U34/><E34/><V99/><F99/><W127/><G127/><T69/><D69/><U53/><E53/><V81/><F81/><W4/><G83/><RYUUKYOKU ba="0,1" sc="250,-15,250,15,240,15,250,-15" hai1="20,24,31,42,46,49,91" hai2="9,14,18,29,30,58,62,67,80,90,92,93,95" /><INIT seed="1,1,1,1,1,98" ten="235,265,255,235" oya="1" hai0="104,18,95,78,72,116,57,38,75,61,133,5,76" hai1="121,109,59,91,102,80,67,33,101,106,83,39,113" hai2="68,49,60,94,62,108,26,13,129,54,0,131,46" hai3="53,56,122,69,85,23,47,34,63,123,96,65,32"/><U110/><E33/><V27/><F0/><W105/><G47/><T41/><D104/><U17/><E113/><V93/><F13/><W74/><G74/><T28/><D116/><U19/><E121/><V87/><F87/><W58/><G58/><T40/><D38/><U84/><E39/><V55/><F108/><N who="1" m="41577" /><E83/><V125/><F125/><W132/><G132/><T10/><D133/><U21/><E106/><V115/><F68/><W107/><G107/><T127/><D127/><U2/><E2/><V48/><REACH who="2" step="1"/><F46/><REACH who="2" ten="235,265,245,235" step="2"/><W134/><G134/><T43/><D75/><U88/><E91/><V103/><F103/><N who="1" m="39433" /><E21/><V90/><F90/><W117/><G23/><T14/><D72/><U30/><E30/><V119/><F119/><W128/><G117/><T64/><D28/><U22/><E22/><V35/><F35/><W81/><G32/><T114/><D114/><AGARI ba="1,2" hai="26,27,48,49,54,55,60,62,93,94,114,115,129,131" machi="114" ten="25,3200,0" yaku="1,1,22,2,53,0" doraHai="98" doraHaiUra="31" who="2" fromWho="0" sc="235,-35,265,0,245,55,235,0" /><INIT seed="2,0,0,5,4,33" ten="200,265,300,235" oya="2" hai0="129,60,38,19,5,53,103,46,106,31,112,93,92" hai1="100,52,113,111,55,125,104,14,115,45,101,54,83" hai2="50,67,10,28,123,78,59,94,77,110,91,29,107" hai3="116,8,16,65,118,131,43,39,82,70,2,13,132"/><V105/><F123/><W61/><G131/><T102/><D112/><U6/><E111/><V72/><F110/><W114/><G114/><T99/><D129/><U73/><E125/><V18/><F72/><W80/><G132/><T76/><D31/><N who="2" m="11850" /><F107/><W34/><G34/><T98/><D106/><U24/><E104/><V25/><F105/><W88/><G80/><T133/><D133/><U57/><E24/><V22/><F10/><W7/><G43/><T49/><D38/><U11/><E45/><V134/><F134/><W87/><G39/><T90/><D76/><U81/><E115/><V86/><F67/><W56/><G70/><T0/><D19/><U68/><E68/><V17/><F17/><W97/><G97/><T63/><REACH who="0" step="1"/><D90/><REACH who="0" ten="190,265,300,235" step="2"/><U130/><E113/><V3/><F18/><W64/><REACH who="3" step="1"/><G65/><REACH who="3" ten="190,265,300,225" step="2"/><T4/><D4/><U95/><E130/><V27/><F78/><W126/><G126/><T58/><D58/><U66/><E57/><V84/><F77/><W75/><G75/><T26/><D26/><U121/><E66/><V9/><F59/><W71/><G71/><T117/><D117/><U120/><E73/><V47/><F27/><W35/><G35/><T135/><D135/><U51/><E121/><V69/><F25/><W119/><G119/><T124/><D124/><U20/><E120/><V37/><F69/><W127/><G127/><T62/><D62/><U48/><E6/><V36/><F36/><W1/><G1/><T74/><D74/><U122/><E122/><V108/><F37/><W12/><G12/><T44/><D44/><U79/><E14/><RYUUKYOKU ba="0,2" sc="190,15,265,-15,300,-15,225,15" hai0="0,5,46,49,53,60,63,92,93,98,99,102,103" hai3="2,7,8,13,16,56,61,64,82,87,88,116,118" /><INIT seed="3,1,2,5,4,49" ten="205,250,285,240" oya="3" hai0="8,25,38,124,37,63,110,108,23,119,92,29,84" hai1="126,115,3,7,102,61,114,105,68,112,39,134,20" hai2="35,60,135,121,93,0,77,48,73,36,64,45,21" hai3="71,46,94,127,100,76,30,88,109,74,24,6,62"/><W41/><G100/><T13/><D119/><U19/><E126/><V117/><F117/><W129/><G6/><N who="0" m="3223" /><D124/><U66/><E39/><V34/><F36/><W43/><G127/><T51/><D63/><U70/><E134/><V67/><F0/><W1/><G1/><T59/><D92/><U125/><E125/><V82/><F135/><W58/><G71/><T120/><D84/><U133/><E133/><V31/><F121/><W22/><G129/><T89/><D89/><U79/><E79/><V54/><F67/><W53/><G109/><N who="0" m="42091" /><D120/><U95/><E70/><V52/><F93/><W90/><G90/><T28/><D29/><U5/><E95/><V106/><F106/><W122/><G122/><T18/><D28/><U130/><E130/><V9/><F64/><W44/><G76/><T26/><D26/><U32/><E105/><V91/><F91/><W98/><G74/><T83/><D83/><U42/><E102/><V16/><F60/><W87/><G87/><T123/><D123/><U96/><E112/><V47/><F31/><W72/><G72/><T15/><D25/><U128/><E128/><V65/><F65/><W75/><G75/><T104/><D104/><U56/><E66/><V55/><F73/><W4/><G4/><T111/><N who="0" m="42099" /><T116/><DORA hai="57" /><D116/><U131/><E131/><V132/><F132/><W2/><G2/><T101/><D101/><U118/><E3/><V27/><F77/><W69/><G69/><T14/><D14/><U33/><E68/><V80/><F80/><W12/><G12/><T40/><D40/><AGARI ba="1,2" hai="22,24,30,40,41,43,44,46,53,58,62,88,94,98" machi="40" ten="40,12000,1" yaku="8,1,52,2,54,1" doraHai="49,57" who="3" fromWho="0" sc="205,-123,250,0,285,0,240,143" owari="82,-41.8,250,-15.0,285,8.5,383,48.3" /></mjloggm>