<mjloggm ver="2.3"><GO type="225" lobby="0"/><UN n0="%E5%91%A8%E6%9D%B1" n1="%E3%83%96%E3%83%83%E3%83%91%E3%82%AA%E3%83%96%E3%83%81%E3%82%AD%E3%83%B3" n2="%E3%82%B3%E3%83%90%E3%83%AC%E3%82%A4" n3="%E7%99%BD%E5%80%89%E5%AF%9B%E4%B9%8B" dan="17,16,16,16" rate="2155.32,2138.87,2153.96,2142.51" sx="M,M,M,M"/><TAIKYOKU oya="0"/><INIT seed="0,0,0,1,1,94" ten="250,250,250,250" oya="0" hai0="113,116,99,42,38,79,85,24,14,73,111,120,66" hai1="28,1,60,74,123,47,121,44,53,59,126,0,45" hai2="4,39,109,26,52,56,80,32,68,67,27,72,36" hai3="81,107,69,130,100,2,115,105,41,95,30,125,122"/><T134/><D66/><U98/><E74/><V76/><F109/><W135/><G41/><T3/><D24/><U7/><E126/><V12/><F67/><W102/><G30/><T6/><D14/><U61/><E28/><V9/><F68/><W29/><G29/><T23/><D23/><U49/><E7/><V46/><F32/><W133/><G69/><T5/><D5/><U20/><E20/><V84/><F72/><W21/><G21/><T65/><D65/><U96/><E121/><V57/><F56/><W31/><G31/><T89/><D120/><U117/><E117/><V54/><F39/><W103/><G2/><T16/><D113/><U106/><E123/><V70/><F70/><W88/><G122/><T8/><D111/><U91/><E106/><N who="3" m="40458" /><G115/><T82/><D16/><U37/><E37/><V118/><F118/><W43/><G43/><T25/><D25/><U13/><E13/><V132/><F36/><W58/><G58/><T112/><D112/><U119/><E119/><V87/><F46/><N who="1" m="18025" /><E0/><V33/><F33/><W34/><G34/><T51/><D116/><U15/><E1/><V50/><F54/><W22/><G22/><T55/><D42/><N who="1" m="24823" /><E15/><V90/><REACH who="2" step="1"/><F132/><REACH who="2" ten="250,250,240,250" step="2"/><W48/><G135/><T129/><D134/><U83/><E61/><V110/><F110/><W35/><G133/><T93/><D38/><U114/><E114/><V40/><F40/><W104/><G35/><T97/><D129/><U17/><E17/><V128/><F128/><W101/><N who="3" m="40466" /><W10/><DORA hai="71" /><G125/><T108/><D108/><U78/><E78/><V77/><F77/><RYUUKYOKU ba="0,1" sc="250,10,250,10,240,10,250,-30" hai0="3,6,8,51,55,73,79,82,85,89,93,97,99" hai1="53,59,60,83,91,96,98" hai2="4,9,12,26,27,50,52,57,76,80,84,87,90" /><INIT seed="0,1,1,1,3,37" ten="260,260,250,220" oya="0" hai0="46,109,18,24,17,82,84,114,64,105,55,88,20" hai1="79,8,14,121,41,128,87,125,56,23,3,115,134" hai2="61,72,25,73,130,47,80,30,118,7,86,81,16" hai3="127,126,107,123,133,43,63,102,120,21,77,66,76"/><T100/><D114/><U54/><E121/><N who="3" m="46666" /><G21/><T10/><D109/><U13/><E115/><V33/><F118/><W51/><G102/><T11/><D64/><U44/><E125/><N who="3" m="47626" /><G107/><T58/><D46/><U71/><E71/><V112/><F112/><W34/><G34/><T111/><D111/><U49/><E134/><V12/><F81/><W78/><G133/><T122/><D122/><U117/><E128/><V60/><F130/><W57/><G51/><T83/><D83/><N who="1" m="47615" /><E3/><V27/><F73/><W52/><G43/><T45/><D105/><U116/><E116/><V59/><F72/><W92/><G92/><T39/><D100/><U74/><E74/><V99/><F27/><W28/><G28/><T4/><D4/><N who="1" m="3207" /><E117/><V85/><F7/><W97/><G97/><T19/><D10/><U53/><E56/><V40/><F99/><W2/><G2/><T106/><D106/><U5/><E23/><V62/><F80/><W65/><AGARI ba="1,1" hai="52,57,63,65,66,76,77,78" m="47626,46666" machi="65" ten="40,5200,0" yaku="13,1,18,1,54,1" doraHai="37" who="3" fromWho="3" sc="260,-27,260,-14,250,-14,220,65" /><INIT seed="1,0,0,4,1,3" ten="233,246,236,285" oya="1" hai0="5,59,55,125,123,117,23,0,14,99,118,17,91" hai1="115,25,45,63,19,12,106,72,95,2,82,48,80" hai2="44,131,68,98,114,39,108,100,28,90,11,105,110" hai3="85,8,34,41,52,119,46,84,15,62,70,92,121"/><U38/><E106/><V103/><F68/><W67/><G34/><T1/><D125/><U79/><E115/><V75/><F75/><W116/><G121/><T60/><D123/><U24/><E2/><V20/><F103/><W74/><G74/><T30/><D30/><U97/><E38/><V76/><F76/><W71/><G71/><T109/><D109/><N who="2" m="42090" /><F90/><W7/><G92/><T36/><D36/><U134/><E63/><V32/><F32/><W47/><G52/><T127/><D127/><U96/><E134/><V81/><F81/><N who="1" m="31337" /><E79/><V77/><F77/><W33/><G33/><T31/><D0/><U86/><E86/><N who="3" m="33386" /><G41/><T135/><D135/><U133/><E72/><V49/><F39/><W40/><G40/><T126/><D126/><U6/><E133/><V18/><F131/><W128/><G128/><T94/><REACH who="0" step="1"/><D31/><REACH who="0" ten="223,246,236,285" step="2"/><U132/><E132/><V50/><F28/><W93/><G119/><T35/><D35/><U61/><E25/><V58/><F114/><W65/><G116/><T88/><D88/><U112/><E24/><V83/><F100/><W57/><G15/><T102/><D102/><U111/><E12/><V120/><F120/><W29/><G29/><T13/><D13/><U51/><E111/><V27/><F27/><W87/><G70/><T129/><D129/><U107/><E112/><V43/><F105/><W78/><G78/><T69/><D69/><U113/><E107/><V104/><F104/><W124/><G124/><T56/><D56/><U22/><E113/><V9/><F58/><W16/><G57/><T101/><D101/><U53/><E45/><RYUUKYOKU ba="0,1" sc="223,30,246,-10,236,-10,285,-10" hai0="1,5,14,17,23,55,59,60,91,94,99,117,118" /><INIT seed="2,1,1,5,5,113" ten="253,236,226,275" oya="2" hai0="69,44,123,106,117,10,95,62,127,33,36,25,109" hai1="27,17,112,58,119,46,122,107,31,1,68,48,57" hai2="102,86,43,21,6,45,105,79,104,80,67,134,20" hai3="41,59,103,75,34,51,66,30,121,124,118,133,49"/><V2/><F134/><W15/><G75/><T8/><D123/><U97/><E112/><V74/><F67/><W12/><G121/><T14/><D106/><U116/><E122/><V135/><F135/><W98/><G133/><T40/><D127/><U63/><E1/><V129/><F86/><W99/><G118/><N who="1" m="45098" /><E17/><V3/><F3/><W89/><G124/><T61/><D117/><U94/><E48/><V85/><F85/><W42/><G51/><T128/><D10/><U39/><E94/><V77/><F79/><W81/><G49/><T114/><D114/><U54/><E54/><V82/><F82/><W111/><G81/><T93/><D95/><U26/><E26/><V76/><F76/><W126/><G126/><T56/><D93/><U32/><E46/><V18/><F129/><W37/><G42/><T9/><D128/><U53/><E53/><V16/><F102/><W29/><G103/><T96/><D44/><U90/><E90/><V130/><F130/><W131/><G89/><T38/><D25/><U55/><E55/><V52/><F52/><W101/><G101/><T71/><D40/><U70/><E39/><N who="2" m="21759" /><F18/><W83/><G131/><T108/><D56/><U78/><E78/><V13/><F105/><W73/><G37/><T64/><D36/><U47/><E47/><V5/><F104/><W92/><G92/><T100/><D38/><U0/><E0/><V125/><F125/><W23/><G41/><T4/><D100/><N who="1" m="62863" /><E70/><V22/><F2/><W120/><G120/><T65/><D71/><U91/><E91/><V84/><F74/><W132/><G73/><RYUUKYOKU ba="1,1" sc="253,-15,236,15,226,15,275,-15" hai1="27,31,32,57,58,63,68" hai2="5,6,13,16,20,21,22,77,80,84" /><INIT seed="2,2,1,2,2,115" ten="238,251,241,260" oya="2" hai0="30,35,125,9,84,74,8,59,109,45,117,47,104" hai1="87,44,48,25,92,42,108,1,61,21,18,102,24" hai2="14,71,124,43,34,103,63,79,127,83,36,53,64" hai3="111,80,50,76,15,134,129,58,128,19,46,72,0"/><V55/><F34/><W66/><G0/><T97/><D74/><U107/><E108/><V38/><F103/><W5/><G5/><T69/><D109/><U99/><E1/><V85/><F14/><W116/><G111/><T133/><D69/><U6/><E6/><V95/><F95/><W110/><G110/><T123/><D123/><U90/><REACH who="1" step="1"/><E61/><REACH who="1" ten="238,241,241,260" step="2"/><V26/><F127/><W22/><G129/><T130/><D125/><U119/><E119/><V131/><F124/><W20/><G128/><T57/><D117/><U75/><E75/><V96/><F131/><W16/><G116/><T31/><D130/><U41/><E41/><V54/><F43/><W12/><G134/><T2/><D2/><U28/><E28/><V49/><F49/><W121/><G121/><T3/><D3/><U120/><E120/><V122/><F122/><W68/><G68/><T27/><D133/><U37/><E37/><V73/><F73/><W4/><G4/><T17/><D31/><U93/><E93/><V60/><F63/><W106/><G106/><T33/><D104/><U51/><E51/><V101/><F38/><W77/><G72/><T132/><D132/><U56/><E56/><V13/><F36/><W32/><G58/><T86/><D30/><U94/><E94/><N who="2" m="58519" /><F71/><W118/><G118/><T29/><D59/><U105/><E105/><V62/><F60/><W10/><G50/><T88/><D57/><U40/><E40/><V23/><F62/><W100/><G19/><T82/><D17/><U52/><E52/><V126/><F126/><W135/><G135/><T112/><D33/><RYUUKYOKU ba="2,2" sc="238,-10,241,30,241,-10,260,-10" hai1="18,21,24,25,42,44,48,87,90,92,99,102,107" /><INIT seed="3,3,2,1,3,22" ten="228,271,231,250" oya="3" hai0="129,113,50,27,2,0,67,34,11,134,18,86,92" hai1="133,95,61,93,54,81,42,30,88,119,127,39,28" hai2="13,25,83,79,106,85,117,60,45,103,48,17,122" hai3="87,9,7,35,72,19,131,36,120,41,101,49,124"/><W98/><G120/><T102/><D129/><U111/><E39/><V24/><F122/><W59/><G35/><T26/><D134/><U105/><E105/><V62/><F117/><W123/><G123/><T94/><D113/><U82/><E133/><V69/><F103/><W64/><G72/><T73/><D73/><U1/><E1/><V99/><F99/><W121/><G121/><T118/><D118/><U100/><E119/><V20/><F106/><W116/><G116/><T3/><D67/><U58/><E111/><V23/><F69/><W75/><G75/><T110/><D110/><U115/><E127/><V44/><F13/><W38/><G19/><T66/><D66/><U65/><E42/><V15/><F15/><W96/><G96/><T12/><D34/><U132/><E132/><V91/><F79/><W40/><G87/><T108/><D108/><U77/><E77/><V63/><F48/><W97/><G97/><T51/><D102/><U10/><E100/><V14/><F14/><N who="3" m="5439" /><G124/><T89/><REACH who="0" step="1"/><D92/><REACH who="0" ten="218,271,231,250" step="2"/><U56/><E95/><V130/><F130/><W104/><G131/><T29/><D29/><AGARI ba="3,3" hai="17,20,23,24,25,29,44,45,60,62,63,83,85,91" machi="29" ten="40,5200,0" yaku="8,1,52,2" doraHai="22" who="2" fromWho="0" sc="218,-61,271,0,231,91,250,0" owari="157,-34.3,271,7.1,322,42.2,250,-15.0" /></mjloggm>