<mjloggm ver="2.3"><GO type="225" lobby="0"/><UN n0="%77%72%77%72%77%72%77%72" n1="%79%75%72%69%6D%6F%67" n2="%E3%83%A9%E3%82%B9%E7%8E%87%EF%BC%93%E5%89%B2" n3="%E6%A1%9C%E8%8A%B1%E9%96%83%E3%80%85" dan="17,16,17,16" rate="2199.81,2161.20,2221.97,2103.79" sx="M,F,F,M"/><TAIKYOKU oya="0"/><INIT seed="0,0,0,5,2,100" ten="250,250,250,250" oya="0" hai0="97,4,63,69,96,29,115,2,129,132,118,103,10" hai1="57,123,25,55,32,62,39,81,42,98,48,124,47" hai2="82,93,20,16,61,65,33,30,52,135,28,21,58" hai3="70,31,68,126,94,104,85,77,6,66,19,75,13"/><T86/><D115/><U5/><E124/><V117/><F135/><W23/><G126/><T106/><D118/><U17/><E123/><V109/><F109/><W72/><G104/><T80/><D132/><U35/><E5/><V73/><F33/><W34/><G6/><T101/><D129/><U8/><E81/><V12/><F117/><W59/><G59/><T113/><D113/><U38/><E38/><V60/><F93/><W90/><G66/><T108/><D108/><U27/><E27/><V83/><F73/><W41/><G41/><T122/><D122/><U49/><E49/><V74/><F74/><W0/><G0/><T87/><D29/><U121/><E121/><V119/><F119/><W107/><G75/><T36/><D36/><U53/><E98/><V67/><F21/><W99/><G31/><N who="2" m="11817" /><F61/><W128/><G34/><T102/><D102/><U125/><E125/><V116/><F116/><W24/><G24/><T7/><D7/><U114/><E114/><V1/><F1/><W88/><G128/><T71/><D63/><U91/><E91/><V64/><AGARI ba="0,0" hai="12,16,20,52,58,60,64,65,67,82,83" m="11817" machi="64" ten="30,4000,0" yaku="8,1,54,2" doraHai="100" who="2" fromWho="2" sc="250,-20,250,-10,250,40,250,-10" /><INIT seed="1,0,0,2,2,15" ten="230,240,290,240" oya="1" hai0="93,135,21,97,106,22,82,69,56,76,58,23,92" hai1="79,34,61,16,94,126,50,125,1,129,96,62,71" hai2="8,51,104,88,90,38,122,105,4,116,77,45,3" hai3="30,133,73,12,70,49,33,123,101,41,72,20,37"/><U28/><E1/><V75/><F116/><W83/><G123/><T2/><D2/><U128/><E79/><V36/><F122/><W26/><G37/><T119/><D119/><U54/><E28/><V24/><F38/><W0/><G133/><T107/><D135/><U80/><E80/><N who="2" m="45119" /><F51/><W19/><G70/><T35/><D35/><U95/><E34/><V114/><F24/><W91/><G101/><T52/><D69/><U14/><E71/><V127/><F127/><N who="1" m="48649" /><E61/><V103/><F114/><W6/><G91/><N who="2" m="34857" /><F103/><W59/><G83/><T74/><D58/><N who="1" m="33111" /><E62/><V25/><F25/><W98/><G98/><T99/><D99/><U113/><E113/><V121/><F121/><W17/><G59/><T110/><D97/><U57/><E57/><V64/><F64/><W89/><G89/><T55/><D56/><U102/><E95/><V109/><F109/><W27/><G0/><T60/><D110/><U86/><E86/><V65/><F65/><W46/><REACH who="3" step="1"/><G6/><REACH who="3" ten="230,240,290,230" step="2"/><T132/><D132/><U53/><E53/><V134/><F134/><W44/><G44/><T39/><D55/><U7/><E7/><V85/><F85/><W108/><G108/><T10/><D52/><U84/><E84/><V31/><F45/><W112/><G112/><T120/><D60/><U40/><E40/><V11/><F4/><W18/><G18/><T111/><D10/><AGARI ba="0,1" hai="10,14,16,94,96,102,128,129" m="33111,48649" machi="10" ten="30,5800,0" yaku="18,1,52,1,54,1" doraHai="15" who="1" fromWho="0" sc="230,-58,240,68,290,0,230,0" /><AGARI ba="0,0" hai="10,12,17,19,20,26,27,30,33,41,46,49,72,73" machi="10" ten="30,7700,0" yaku="1,1,7,1,52,2,53,0" doraHai="15" doraHaiUra="117" who="3" fromWho="0" sc="172,-77,308,0,290,0,230,77" /><INIT seed="1,1,0,5,4,44" ten="95,308,290,307" oya="1" hai0="45,48,83,9,23,104,103,102,127,86,43,13,112" hai1="24,117,25,6,79,101,113,1,62,92,95,7,123" hai2="12,78,115,58,73,47,56,124,32,130,3,120,107" hai3="21,18,98,118,31,109,108,52,82,129,63,53,116"/><U96/><E117/><N who="3" m="45162" /><G31/><T10/><D112/><U75/><E123/><V34/><F12/><N who="3" m="9415" /><G129/><T93/><D127/><U91/><E113/><V97/><F97/><W51/><G82/><T88/><D104/><U133/><E133/><V33/><F107/><W19/><G19/><T71/><D71/><U68/><E79/><V76/><F3/><W67/><G98/><T70/><D70/><U50/><E75/><V69/><F69/><N who="3" m="42239" /><G53/><T121/><D121/><U20/><E68/><V87/><F120/><W17/><G17/><N who="0" m="10671" /><D83/><U30/><E62/><V60/><F60/><W41/><G41/><T42/><D42/><U134/><E1/><V66/><F130/><W114/><G114/><T59/><D59/><AGARI ba="1,0" hai="51,52,59,108,109" m="42239,9415,45162" machi="59" ten="30,3900,0" yaku="12,1,52,1,54,1" doraHai="44" who="3" fromWho="0" sc="95,-42,308,0,290,0,307,42" /><INIT seed="2,0,0,3,0,95" ten="53,308,290,349" oya="2" hai0="19,50,111,0,98,121,113,45,21,72,38,67,42" hai1="128,56,65,108,62,41,93,133,32,31,83,63,81" hai2="8,33,70,80,101,49,48,105,126,109,132,18,16" hai3="61,7,15,58,118,94,57,29,5,17,117,44,46"/><V52/><F70/><W6/><G29/><T9/><D113/><U123/><E108/><V59/><F33/><W119/><G94/><T92/><D121/><U39/><E133/><V115/><F115/><W100/><G100/><T30/><D111/><U20/><E128/><V23/><F109/><W116/><N who="3" m="29696" /><DORA hai="103" /><W131/><G131/><T55/><D72/><U66/><E32/><V3/><F126/><W27/><G27/><T96/><D30/><U28/><E39/><V125/><F125/><W102/><G102/><T124/><D124/><U122/><E41/><V60/><F132/><W1/><G1/><T85/><D67/><U127/><E127/><V26/><F80/><W43/><G61/><T84/><D9/><U110/><E110/><V104/><F101/><W11/><REACH who="3" step="1"/><G46/><REACH who="3" ten="53,308,290,339" step="2"/><T36/><D0/><U24/><E31/><V75/><F3/><W53/><G53/><T4/><D4/><U69/><E122/><V79/><F60/><W135/><G135/><T73/><D73/><U82/><E123/><V106/><F52/><W129/><G129/><T86/><D92/><U130/><E130/><V74/><F75/><W51/><AGARI ba="0,1" hai="5,6,7,11,15,17,43,44,51,57,58" m="29696" machi="51" ten="60,8000,1" yaku="1,1,0,1,53,2" doraHai="95,103" doraHaiUra="90,54" who="3" fromWho="3" sc="53,-20,308,-20,290,-40,339,90" /><INIT seed="3,0,0,0,0,29" ten="33,288,250,429" oya="3" hai0="123,127,26,96,4,21,118,60,31,102,130,76,71" hai1="73,114,27,87,6,23,48,45,91,119,107,62,24" hai2="2,36,9,110,58,65,67,3,64,75,18,11,25" hai3="55,116,34,72,78,113,109,66,15,63,61,122,40"/><W49/><G116/><T133/><D60/><U132/><E132/><V117/><F75/><W88/><G113/><T82/><D4/><U115/><E73/><V8/><F36/><W131/><G34/><T98/><D21/><U108/><E107/><V22/><F117/><W53/><G122/><T51/><D51/><U43/><E108/><V38/><F38/><W17/><G109/><T57/><D57/><U7/><E119/><V39/><F39/><W30/><G30/><T104/><D26/><U89/><E114/><V14/><F110/><W33/><G33/><T1/><D31/><U134/><E134/><V97/><F97/><W37/><G55/><T46/><D46/><U124/><E124/><V121/><F121/><W112/><G15/><T0/><D96/><U120/><E120/><V135/><F135/><W93/><G17/><T12/><D12/><U83/><E115/><V5/><REACH who="2" step="1"/><F58/><REACH who="2" ten="33,288,240,429" step="2"/><N who="3" m="33071" /><G72/><T35/><D118/><U52/><E89/><V126/><F126/><W41/><G88/><T129/><D127/><U77/><E91/><V70/><F70/><W81/><G112/><T101/><D123/><U56/><REACH who="1" step="1"/><E27/><REACH who="1" ten="33,278,240,429" step="2"/><V90/><F90/><W99/><G78/><T13/><D133/><U47/><E47/><V28/><F28/><AGARI ba="0,2" hai="6,7,23,24,28,43,45,48,52,56,62,77,83,87" machi="28" ten="30,7700,0" yaku="1,1,7,1,8,1,54,1,53,0" doraHai="29" doraHaiUra="84" who="1" fromWho="2" sc="33,0,278,97,240,-77,429,0" owari="33,-46.7,375,17.5,163,-23.7,429,52.9" /></mjloggm>