<mjloggm ver="2.3"><GO type="225" lobby="0"/><UN n0="%E5%91%A8%E6%9D%B1" n1="%E5%A4%96%E5%B7%9D%E7%AB%9C%E6%88%90" n2="%E4%B8%89%E5%88%86%E5%B0%8F%E5%83%A7" n3="%E3%80%93%E3%81%97%E3%83%BC%E3%82%89%E3%80%93" dan="17,16,16,16" rate="2179.64,2100.07,2069.09,2225.44" sx="M,M,M,M"/><TAIKYOKU oya="0"/><INIT seed="0,0,0,3,0,99" ten="250,250,250,250" oya="0" hai0="2,57,63,66,134,6,104,69,1,29,74,91,43" hai1="28,15,41,88,40,31,68,8,71,81,93,72,26" hai2="112,32,49,65,125,34,86,110,122,42,5,39,97" hai3="61,4,70,114,108,126,98,36,3,18,25,89,117"/><T115/><D115/><U135/><E135/><V103/><F122/><W37/><G89/><T109/><D134/><U107/><E107/><V44/><F112/><W75/><G18/><T116/><D116/><U127/><E127/><V101/><F110/><W47/><G25/><T106/><D74/><U60/><E81/><V120/><F120/><W130/><G47/><T51/><D109/><U48/><E72/><V52/><F125/><W53/><G98/><T10/><D2/><U79/><E79/><V33/><F65/><W30/><G30/><T17/><D29/><U14/><E48/><V23/><F5/><W96/><G96/><T113/><D113/><U118/><E60/><V95/><F86/><W80/><G4/><T64/><D91/><U22/><E31/><V133/><F133/><W56/><G126/><T58/><D17/><U0/><E0/><V78/><F78/><W92/><G75/><T124/><D124/><U19/><E15/><V7/><F7/><W55/><G3/><T121/><D121/><U20/><E8/><V111/><F111/><W119/><G108/><T76/><D76/><U94/><E94/><V59/><REACH who="2" step="1"/><F23/><REACH who="2" ten="250,250,240,250" step="2"/><W35/><G114/><T82/><D66/><U102/><E118/><V21/><F21/><W84/><G117/><T11/><D6/><U27/><E14/><V87/><F87/><W83/><G84/><T13/><D1/><U16/><E28/><V9/><F9/><W129/><G119/><T132/><D132/><U73/><E73/><V62/><F62/><W77/><G61/><T128/><D63/><U67/><E67/><RYUUKYOKU ba="0,1" sc="250,-10,250,-10,240,30,250,-10" hai2="32,33,34,39,42,44,49,52,59,95,97,101,103" /><INIT seed="1,1,1,4,4,82" ten="240,240,270,240" oya="1" hai0="86,21,0,76,132,103,115,68,1,19,11,80,121" hai1="22,110,71,131,43,36,54,33,102,126,50,8,29" hai2="100,17,128,125,77,46,60,25,123,61,16,34,129" hai3="32,62,31,18,74,113,133,108,7,134,26,49,106"/><U92/><E33/><V109/><F123/><W84/><G74/><T120/><D115/><U97/><E126/><V107/><F125/><W73/><G73/><T124/><D124/><U38/><E131/><N who="2" m="50251" /><F109/><W83/><G106/><T101/><D68/><U98/><E71/><V117/><F117/><W39/><G39/><T48/><D48/><U3/><E43/><V88/><F77/><W51/><G113/><T90/><D132/><U135/><E135/><V58/><F46/><W5/><G108/><T4/><D1/><U44/><E110/><V35/><F100/><W99/><G133/><T10/><D10/><U72/><E72/><V104/><F88/><W75/><G75/><T69/><D69/><U24/><REACH who="1" step="1"/><E97/><REACH who="1" ten="240,230,270,240" step="2"/><V119/><F35/><N who="3" m="20983" /><G99/><T114/><D114/><U2/><E2/><V118/><F34/><W87/><G32/><T47/><D121/><U111/><E111/><V122/><F122/><W55/><G134/><T30/><D120/><U127/><E127/><V57/><F119/><W41/><G41/><T65/><D0/><U94/><E94/><V105/><F118/><W52/><G83/><T20/><D80/><U59/><E59/><N who="2" m="22539" /><F25/><W13/><G13/><T37/><D47/><U14/><E14/><V12/><F12/><W9/><G7/><AGARI ba="1,2" hai="3,7,8,22,24,29,36,38,44,50,54,92,98,102" machi="7" ten="40,3900,0" yaku="1,1,53,1" doraHai="82" doraHaiUra="23" who="1" fromWho="3" sc="240,0,230,62,270,0,240,-42" /><INIT seed="1,2,0,0,4,62" ten="240,292,270,198" oya="1" hai0="12,85,28,57,7,24,93,87,66,101,105,15,106" hai1="51,92,69,116,47,131,111,83,32,4,81,43,122" hai2="104,110,35,129,46,60,3,29,22,39,64,109,0" hai3="107,25,10,34,130,17,86,8,71,72,55,120,75"/><U18/><E116/><V56/><F104/><W36/><G107/><T20/><D106/><U1/><E122/><V73/><F73/><W33/><G36/><T50/><D105/><U91/><E32/><V84/><F22/><W100/><G100/><T70/><D70/><U40/><E131/><V95/><F129/><W79/><G130/><T118/><D118/><U45/><E69/><V124/><F124/><W76/><G71/><T65/><D50/><U102/><E102/><V78/><F29/><W121/><G25/><T114/><D114/><U14/><E4/><V52/><F35/><W88/><G86/><N who="0" m="32779" /><D57/><U61/><E61/><V123/><F123/><W99/><G99/><N who="0" m="59631" /><D7/><U37/><E1/><V9/><F39/><W132/><G55/><T89/><D89/><U21/><REACH who="1" step="1"/><E111/><REACH who="1" ten="240,282,270,198" step="2"/><N who="2" m="42507" /><F0/><W23/><G121/><T74/><D74/><U134/><E134/><V96/><F3/><W112/><G120/><T48/><D48/><U97/><AGARI ba="2,1" hai="14,18,21,37,40,43,45,47,51,81,83,91,92,97" machi="97" ten="20,7800,0" yaku="1,1,0,1,7,1,53,1" doraHai="62" doraHaiUra="16" who="1" fromWho="1" sc="240,-28,282,94,270,-28,198,-28" /><INIT seed="1,3,0,2,5,91" ten="212,376,242,170" oya="1" hai0="2,24,8,19,69,66,59,127,135,15,62,102,64" hai1="43,12,78,51,31,79,54,83,14,75,49,115,39" hai2="123,17,11,88,29,99,25,13,65,74,21,105,126" hai3="130,114,68,32,3,76,113,40,50,124,87,122,61"/><U1/><E115/><V27/><F126/><W101/><G3/><T128/><D127/><U41/><E39/><V20/><F123/><W121/><G32/><T34/><D128/><U129/><E1/><V36/><F36/><W42/><G101/><T106/><D135/><U0/><E0/><V16/><F74/><W100/><G100/><T81/><D2/><U30/><E54/><V63/><F105/><W117/><G87/><T38/><D38/><U6/><E83/><V125/><F125/><W56/><G76/><T55/><D69/><U111/><E111/><V60/><F65/><N who="3" m="41007" /><G124/><T53/><D66/><U80/><E80/><V98/><REACH who="2" step="1"/><F88/><REACH who="2" ten="212,376,232,170" step="2"/><W5/><G122/><T109/><D106/><U4/><E75/><V45/><F45/><W72/><G121/><T116/><D102/><U73/><E73/><V26/><F26/><W58/><G72/><T112/><D24/><U9/><E129/><V103/><F103/><W132/><G130/><T108/><D109/><U57/><E57/><V131/><F131/><W134/><G58/><T46/><D108/><U84/><E84/><V118/><F118/><W7/><G117/><T96/><D116/><U120/><E120/><V35/><F35/><W133/><G114/><T85/><D34/><U23/><E79/><V18/><F18/><W52/><G113/><T67/><D112/><U22/><E78/><V89/><F89/><W70/><G70/><T97/><D67/><U119/><E119/><V90/><F90/><W77/><G77/><N who="0" m="46255" /><D64/><U104/><E104/><V48/><F48/><AGARI ba="3,1" hai="8,15,19,46,48,53,55,59,62,96,97" m="46255" machi="48" ten="30,1000,0" yaku="8,1" doraHai="91" who="0" fromWho="2" sc="212,29,376,0,232,-19,170,0" /><INIT seed="2,0,0,5,1,93" ten="241,376,213,170" oya="2" hai0="21,65,129,62,77,132,87,120,63,18,29,98,14" hai1="109,23,113,71,81,33,103,91,2,6,99,100,126" hai2="82,70,36,51,0,124,35,1,34,50,48,108,102" hai3="53,75,134,66,19,72,73,116,88,38,47,115,13"/><V27/><F36/><W44/><G116/><T46/><D120/><U67/><E33/><V69/><F124/><W64/><G134/><T4/><D132/><U58/><E71/><N who="2" m="27147" /><F27/><W85/><G115/><T54/><D129/><U101/><E2/><N who="2" m="1131" /><F82/><W121/><G121/><T83/><D29/><U128/><E6/><V123/><F102/><W49/><G47/><T130/><D130/><U84/><E128/><V107/><F123/><W59/><G38/><T55/><D4/><U97/><E126/><V56/><F56/><W40/><G40/><T104/><D46/><U7/><E113/><V133/><F133/><W112/><G112/><T37/><D37/><U74/><E7/><V32/><F108/><W106/><G106/><AGARI ba="0,0" hai="32,34,35,48,50,51,106,107" m="1131,27147" machi="106" ten="50,4800,0" yaku="28,2" doraHai="93" who="2" fromWho="3" sc="241,0,376,0,213,48,170,-48" /><INIT seed="2,1,0,4,1,96" ten="241,376,261,122" oya="2" hai0="33,128,7,118,129,55,20,82,97,120,52,49,110" hai1="41,75,40,125,114,117,62,93,56,23,3,54,17" hai2="124,111,113,119,132,44,88,84,83,85,80,79,135" hai3="34,24,102,95,31,109,70,0,6,134,10,13,11"/><V46/><F46/><W126/><G70/><T60/><D33/><U90/><E117/><V74/><F44/><W9/><G95/><T71/><D120/><U107/><E107/><V42/><F42/><W28/><G102/><T72/><D7/><U104/><E104/><V39/><F39/><W112/><G109/><T30/><D30/><U32/><E32/><V36/><F36/><W69/><G69/><T123/><D20/><U29/><E75/><V77/><F119/><W27/><G134/><N who="2" m="51241" /><F113/><W133/><G133/><T130/><D118/><U22/><E3/><V16/><F111/><W8/><G112/><T18/><D110/><U65/><E125/><V91/><F16/><N who="3" m="8231" /><G126/><T14/><D18/><U115/><E115/><V58/><F58/><W108/><G108/><T127/><D127/><U38/><E114/><V64/><F64/><W73/><G73/><T21/><D72/><U35/><E38/><V89/><F124/><W131/><G131/><T106/><D71/><U50/><E17/><V94/><AGARI ba="1,0" hai="74,77,79,80,83,84,85,88,89,91,94" m="51241" machi="94" ten="30,11700,0" yaku="20,1,34,2,54,1" doraHai="96" who="2" fromWho="2" sc="241,-40,376,-40,261,120,122,-40" /><INIT seed="2,2,0,1,5,2" ten="201,336,381,82" oya="2" hai0="41,48,87,35,63,25,27,52,85,45,116,70,106" hai1="65,79,114,11,49,72,77,107,100,13,78,74,40" hai2="124,1,104,86,22,43,96,0,92,3,119,51,26" hai3="126,130,80,14,131,6,111,82,75,88,32,128,5"/><V38/><F38/><W90/><G32/><T4/><D106/><U34/><E34/><V56/><F119/><W89/><G111/><T125/><D116/><U30/><E114/><V20/><F124/><W66/><G126/><T8/><D125/><U73/><E30/><V129/><F129/><W10/><G66/><T54/><D70/><U62/><E100/><V102/><F86/><W21/><G75/><T59/><D35/><U103/><E103/><V15/><F15/><W97/><G97/><T110/><D110/><U31/><E31/><V44/><F56/><W9/><REACH who="3" step="1"/><G21/><REACH who="3" ten="201,336,381,72" step="2"/><T134/><D87/><U121/><E121/><V46/><F22/><W122/><G122/><T71/><D85/><U50/><E107/><V57/><F96/><W117/><G117/><T81/><D71/><U42/><E74/><V29/><F20/><W109/><G109/><T28/><D134/><U105/><E73/><V123/><F104/><W53/><G53/><T120/><D120/><U64/><E72/><V69/><F69/><W23/><G23/><T76/><D54/><U94/><E105/><V61/><F123/><W118/><G118/><T68/><D68/><U16/><E65/><V115/><F115/><W127/><G127/><T98/><D98/><U133/><E133/><V101/><F29/><W37/><G37/><T58/><D28/><U83/><E64/><V67/><F67/><W33/><G33/><T47/><D52/><U99/><E99/><V18/><F102/><W17/><G17/><T132/><D132/><U112/><E112/><V12/><F101/><W108/><G108/><RYUUKYOKU ba="2,1" sc="201,-10,336,-10,381,-10,72,30" hai3="5,6,9,10,14,80,82,88,89,90,128,130,131" /><INIT seed="3,3,1,5,4,88" ten="191,326,371,102" oya="3" hai0="126,14,32,60,26,21,76,63,129,56,67,95,75" hai1="122,98,131,24,78,105,134,83,118,89,82,81,125" hai2="45,7,73,85,62,10,77,1,27,93,104,33,54" hai3="72,121,92,25,50,61,6,113,66,90,101,46,124"/><W86/><G124/><T112/><D126/><U9/><E125/><V116/><F104/><W97/><G113/><T68/><D112/><U18/><E122/><V80/><F116/><W41/><G121/><T74/><D129/><U20/><E131/><V102/><F27/><W12/><G72/><T120/><D120/><U108/><E118/><V114/><F33/><W100/><G25/><T2/><D2/><U70/><E70/><V128/><F128/><W4/><G12/><T52/><D76/><U103/><E134/><V37/><F62/><W31/><G31/><T19/><D32/><U36/><E36/><V106/><F54/><W39/><G39/><T135/><D135/><U58/><E58/><V28/><F28/><W3/><G3/><T30/><D95/><N who="1" m="58847" /><E108/><V115/><F106/><W96/><G96/><T69/><D69/><U47/><E105/><V133/><F133/><W91/><G91/><T111/><D111/><U8/><E78/><V55/><F55/><W53/><G53/><T40/><D40/><U29/><E47/><V107/><F107/><W59/><REACH who="3" step="1"/><G101/><REACH who="3" ten="191,326,371,92" step="2"/><T23/><AGARI ba="3,2" hai="14,19,21,23,26,30,52,56,60,63,67,68,74,75" machi="23" ten="20,2700,0" yaku="0,1,7,1,54,1" doraHai="88" who="0" fromWho="0" sc="191,56,326,-10,371,-10,92,-16" owari="247,-15.3,316,11.6,361,46.1,76,-42.4" /></mjloggm>