<mjloggm ver="2.3"><GO type="225" lobby="0"/><UN n0="%77%72%77%72%77%72%77%72" n1="%E5%A4%8F%E9%88%B4%E9%88%B4%E5%A4%8F" n2="%E3%83%B4%E3%83%A0%EF%BC%99%E3%81%A6" n3="%E3%81%8B%E3%82%8F%E3%81%A1%E3%82%83%E3%82%93%35%38" dan="16,16,16,16" rate="2131.48,2107.41,2148.51,2158.21" sx="M,F,M,M"/><TAIKYOKU oya="0"/><INIT seed="0,0,0,1,0,27" ten="250,250,250,250" oya="0" hai0="107,50,118,99,21,54,52,112,51,93,19,61,73" hai1="91,98,134,90,26,76,40,45,39,67,70,81,58" hai2="3,72,85,47,15,32,84,110,89,113,77,44,121" hai3="41,120,55,100,131,68,103,12,46,117,96,57,130"/><T23/><D112/><U49/><E134/><V126/><F113/><W95/><G68/><T116/><D73/><U79/><E79/><V42/><F3/><W106/><G117/><T101/><D107/><U124/><E124/><V4/><F121/><W108/><G12/><T0/><D0/><U132/><E132/><V86/><F126/><W17/><G17/><T33/><D33/><U14/><E98/><V25/><F110/><W71/><G71/><T65/><D65/><U35/><E14/><V69/><F69/><W28/><G28/><T115/><D61/><N who="1" m="40303" /><E26/><V92/><F72/><W36/><G108/><T59/><D115/><U38/><E38/><V62/><F62/><N who="3" m="36159" /><G120/><T83/><D83/><U66/><E66/><V31/><F77/><W87/><G87/><T6/><D6/><U88/><E76/><V53/><F53/><W122/><G122/><T20/><REACH who="0" step="1"/><D19/><REACH who="0" ten="240,250,250,250" step="2"/><U8/><E35/><V18/><F4/><W75/><G75/><T109/><D109/><U104/><E104/><V16/><F18/><W119/><G119/><T64/><D64/><U94/><E81/><V129/><F129/><N who="3" m="49163" /><G106/><T63/><D63/><U135/><E135/><V128/><F128/><W11/><G11/><T97/><D97/><N who="1" m="57543" /><E8/><N who="2" m="6247" /><F85/><W22/><G22/><T105/><D105/><U78/><E78/><V10/><F84/><W9/><G9/><T37/><D37/><U80/><E80/><V56/><F10/><W1/><G1/><T133/><D133/><U123/><E123/><V43/><F32/><W102/><AGARI ba="0,1" hai="36,41,46,95,96,100,102,103" m="49163,36159" machi="102" ten="30,1100,0" yaku="19,1" doraHai="27" who="3" fromWho="3" sc="240,-5,250,-3,250,-3,250,21" /><INIT seed="1,0,0,0,3,81" ten="235,247,247,271" oya="1" hai0="28,110,20,4,30,115,40,5,79,90,31,33,128" hai1="123,74,27,54,55,36,9,46,127,25,8,118,11" hai2="0,124,85,111,44,18,35,10,7,39,109,21,92" hai3="1,59,50,78,60,104,113,80,129,6,66,89,125"/><U64/><E118/><V58/><F35/><W117/><G113/><T72/><D115/><U2/><E123/><V101/><F124/><W68/><G104/><T126/><D33/><U73/><E2/><V112/><F112/><W47/><G125/><T62/><D126/><U105/><E127/><V134/><F134/><W14/><G117/><T53/><D110/><N who="2" m="41994" /><F58/><W86/><G129/><T12/><D128/><U75/><E105/><V83/><F101/><W69/><G1/><T70/><D40/><U122/><E122/><V57/><F57/><W65/><G65/><T67/><D53/><N who="1" m="19979" /><E64/><V38/><F92/><W82/><G6/><T100/><D100/><U51/><E51/><V132/><F44/><W77/><G14/><T76/><D72/><N who="1" m="18435" /><U17/><DORA hai="131" /><E17/><V91/><F132/><W41/><REACH who="3" step="1"/><G82/><REACH who="3" ten="235,247,247,261" step="2"/><T37/><D4/><U120/><E120/><V16/><F18/><W121/><G121/><T32/><D5/><U26/><E46/><V29/><F29/><W93/><G93/><T114/><D114/><U102/><E102/><V48/><F0/><W95/><G95/><T63/><D30/><U52/><N who="1" m="19987" /><U3/><DORA hai="116" /><E3/><V130/><F16/><W88/><G88/><T49/><D31/><U97/><E97/><V43/><F91/><W56/><G56/><T23/><D90/><U94/><E94/><V34/><F130/><W135/><G135/><T96/><D28/><U15/><E15/><V19/><F19/><W22/><G22/><N who="0" m="8235" /><D12/><U24/><N who="1" m="6144" /><DORA hai="61" /><U108/><E108/><V106/><F106/><W133/><G133/><T103/><D103/><RYUUKYOKU ba="0,1" sc="235,-15,247,15,247,-15,261,15" hai1="8,9,11,36" hai3="41,47,50,59,60,66,68,69,77,78,80,86,89" /><INIT seed="1,1,1,2,0,117" ten="220,262,232,276" oya="1" hai0="119,38,74,60,70,21,129,71,93,73,59,66,135" hai1="22,98,125,62,128,102,112,126,35,86,47,7,101" hai2="122,58,82,111,2,113,91,92,79,78,32,84,64" hai3="37,42,45,8,33,88,109,132,124,116,110,18,105"/><U17/><E112/><V127/><F2/><W68/><G116/><T41/><D119/><U54/><E35/><V75/><F32/><W29/><G105/><T130/><D135/><U48/><E7/><V56/><F113/><W115/><G115/><T1/><D1/><U77/><E128/><N who="0" m="49257" /><D21/><U89/><E77/><V53/><F111/><W46/><G68/><N who="0" m="26155" /><D93/><N who="1" m="54455" /><E98/><V50/><F127/><N who="1" m="48649" /><E62/><V11/><F11/><W133/><G124/><T52/><D66/><U96/><E96/><V63/><REACH who="2" step="1"/><F78/><REACH who="2" ten="220,262,222,276" step="2"/><W72/><G33/><T51/><D38/><U24/><AGARI ba="1,2" hai="17,22,24,47,48,54,101,102" m="48649,54455" machi="24" ten="30,1500,0" yaku="18,1" doraHai="117" who="1" fromWho="1" sc="220,-6,262,38,222,-6,276,-6" /><INIT seed="1,2,0,0,5,54" ten="214,300,216,270" oya="1" hai0="99,64,95,34,41,1,57,28,66,63,52,130,127" hai1="13,3,82,133,113,35,118,100,73,24,97,40,14" hai2="56,104,75,70,105,78,21,131,89,59,50,119,110" hai3="112,15,111,93,122,123,117,88,72,61,17,116,128"/><U60/><E118/><N who="3" m="45674" /><G72/><T106/><D1/><U114/><E3/><V92/><F119/><W49/><G128/><T102/><D130/><U109/><E40/><V7/><F70/><W5/><G112/><T6/><D127/><U2/><E2/><V69/><F69/><W68/><G111/><T107/><D6/><U115/><E109/><V30/><F110/><W16/><G5/><T27/><REACH who="0" step="1"/><D41/><REACH who="0" ten="204,300,216,270" step="2"/><U20/><E115/><V84/><F7/><W12/><G123/><T135/><D135/><U120/><E114/><V101/><F131/><W103/><G122/><T46/><D46/><U22/><E113/><V45/><F105/><AGARI ba="2,1" hai="27,28,34,52,57,63,64,66,95,99,102,105,106,107" machi="105" ten="40,8000,1" yaku="1,1,52,1,54,1,53,1" doraHai="54" doraHaiUra="53" who="0" fromWho="2" sc="204,96,300,0,216,-86,270,0" /><INIT seed="2,0,0,1,1,9" ten="300,300,130,270" oya="2" hai0="90,52,100,109,54,107,119,37,121,41,73,99,23" hai1="44,0,118,78,31,7,19,49,5,2,83,88,120" hai2="123,57,89,42,116,27,8,14,127,72,53,75,63" hai3="77,45,40,66,48,74,131,21,64,79,97,28,91"/><V30/><F116/><W33/><G33/><T76/><D121/><U70/><E118/><V112/><F112/><W6/><G6/><T58/><D119/><U56/><E70/><V132/><F132/><W24/><G131/><T85/><D109/><U101/><E101/><V16/><F123/><W15/><G15/><T126/><D126/><U122/><E31/><V17/><F127/><W12/><G12/><T128/><D128/><U134/><E134/><V25/><F42/><W67/><G74/><T113/><D113/><U51/><E19/><V135/><F135/><W108/><G108/><T133/><D133/><U106/><E106/><V20/><REACH who="2" step="1"/><F89/><REACH who="2" ten="300,300,120,270" step="2"/><W55/><G40/><T46/><D90/><U105/><E88/><V62/><F62/><W60/><G60/><T111/><D111/><U80/><E122/><V84/><F84/><W13/><G91/><T32/><D85/><U95/><E120/><V38/><F38/><W102/><REACH who="3" step="1"/><G13/><REACH who="3" ten="300,300,120,260" step="2"/><T69/><D41/><N who="1" m="24719" /><E0/><V125/><F125/><W11/><G11/><T98/><D37/><U82/><E2/><V81/><F81/><W35/><G35/><AGARI ba="0,2" hai="8,14,16,17,20,25,27,30,35,53,57,63,72,75" machi="35" ten="30,18000,2" yaku="1,1,7,1,52,1,54,1,53,2" doraHai="9" doraHaiUra="104" who="2" fromWho="3" sc="300,0,300,0,120,200,260,-180" /><INIT seed="2,1,0,5,4,65" ten="300,300,320,80" oya="2" hai0="30,32,21,41,73,4,110,17,54,106,12,44,79" hai1="135,122,28,68,111,53,99,46,93,13,49,109,123" hai2="114,26,27,15,127,85,103,121,95,133,104,92,71" hai3="22,34,5,59,36,48,88,63,75,105,6,130,117"/><V77/><F114/><W72/><G117/><T31/><D106/><U58/><E135/><V80/><F121/><N who="1" m="46089" /><E28/><V24/><F133/><W29/><G36/><T97/><D110/><N who="1" m="41995" /><E13/><V42/><F127/><W3/><G105/><T25/><D31/><U55/><E68/><V43/><F71/><W87/><G34/><T9/><D97/><U66/><E66/><V119/><F119/><W23/><G130/><T94/><D94/><N who="2" m="35882" /><F103/><W35/><G35/><T134/><D54/><N who="1" m="30007" /><E58/><V125/><F104/><W129/><G3/><T131/><D131/><U50/><E50/><V91/><F125/><W69/><G69/><T116/><D116/><U113/><E113/><V76/><F15/><W40/><G129/><T100/><D134/><U2/><E2/><V89/><F89/><AGARI ba="1,0" hai="53,55,89,93,99" m="30007,41995,46089" machi="89" ten="30,2000,0" yaku="13,1,14,1" doraHai="65" who="1" fromWho="2" sc="300,0,300,23,320,-23,80,0" /><INIT seed="3,0,0,5,5,55" ten="300,323,297,80" oya="3" hai0="130,71,96,26,56,112,62,113,81,118,133,32,110" hai1="129,117,3,72,68,2,64,45,38,95,121,35,111" hai2="11,63,8,78,6,14,80,44,83,124,105,94,15" hai3="57,22,42,98,47,119,128,102,82,30,19,88,43"/><W5/><G119/><T27/><D118/><U135/><RYUUKYOKU type="yao9" ba="0,0" sc="300,0,323,0,297,0,80,0" hai1="2,3,35,38,45,64,68,72,95,111,117,121,129,135" /><INIT seed="3,1,0,0,5,49" ten="300,323,297,80" oya="3" hai0="120,126,29,26,127,85,23,55,12,81,102,43,108" hai1="118,91,2,129,105,95,5,7,24,18,31,128,65" hai2="107,17,73,34,124,53,75,59,125,39,25,80,76" hai3="88,109,30,97,74,8,112,48,38,52,32,101,82"/><W89/><G38/><T83/><D120/><U44/><E105/><V94/><F107/><W41/><G112/><T42/><D102/><U51/><E118/><V63/><F39/><W121/><G121/><T131/><D108/><U96/><E18/><V13/><F75/><W70/><G70/><T104/><D104/><U40/><E65/><V50/><F94/><N who="3" m="58551" /><G32/><T10/><D131/><N who="1" m="50251" /><E2/><V116/><F116/><W27/><G74/><T117/><D117/><U110/><E110/><V67/><F34/><AGARI ba="1,0" hai="5,7,24,31,34,40,44,51,91,95,96" m="50251" machi="34" ten="30,1000,0" yaku="19,1" doraHai="49" who="1" fromWho="2" sc="300,0,323,13,297,-13,80,0" owari="300,10.0,336,43.6,284,-11.6,80,-42.0" /></mjloggm>