<mjloggm ver="2.3"><GO type="225" lobby="0"/><UN n0="%E5%91%A8%E6%9D%B1" n1="%E4%BF%BA%E3%81%A8%E5%A6%96%E5%A4%A2" n2="%E3%83%96%E3%83%83%E3%83%91%E3%82%AA%E3%83%96%E3%83%81%E3%82%AD%E3%83%B3" n3="%E3%81%8B%E3%82%8F%E3%81%A1%E3%82%83%E3%82%93%35%38" dan="17,16,16,16" rate="2200.67,2127.55,2199.86,2123.49" sx="M,F,M,M"/><TAIKYOKU oya="0"/><INIT seed="0,0,0,4,0,82" ten="250,250,250,250" oya="0" hai0="119,96,39,133,112,80,42,6,4,86,38,55,103" hai1="26,99,70,24,36,102,124,22,35,110,34,116,37" hai2="115,7,87,31,62,52,28,97,49,50,79,20,16" hai3="106,131,67,71,27,129,53,40,41,72,91,43,58"/><T121/><D121/><U75/><E116/><V134/><F115/><W48/><G72/><T12/><D119/><U25/><E75/><V107/><F134/><W73/><G73/><T78/><D112/><U93/><E70/><V64/><F7/><W88/><G106/><T61/><D133/><U51/><E110/><V104/><F104/><W17/><G71/><T108/><D108/><U100/><E124/><V32/><F32/><W84/><G67/><T98/><D98/><U23/><E51/><N who="2" m="19467" /><F107/><W92/><REACH who="3" step="1"/><G91/><REACH who="3" ten="250,250,250,240" step="2"/><T47/><D39/><U76/><E37/><V90/><F64/><W74/><G74/><T63/><D55/><U2/><E36/><V127/><F127/><W33/><G33/><T135/><D135/><U18/><E35/><V120/><F120/><W66/><G66/><T15/><D63/><U13/><E34/><V117/><F117/><W11/><G11/><T132/><D61/><U8/><E23/><AGARI ba="0,1" hai="17,23,27,40,41,43,48,53,58,84,88,92,129,131" machi="23" ten="40,5200,0" yaku="1,1,52,1,54,1,53,0" doraHai="82" doraHaiUra="10" who="3" fromWho="1" sc="250,0,250,-52,250,0,240,62" /><INIT seed="1,0,0,0,2,98" ten="250,198,250,302" oya="1" hai0="73,130,17,119,93,52,114,46,49,124,109,9,125" hai1="121,26,64,96,134,117,15,88,16,89,45,3,12" hai2="132,116,5,27,23,53,57,91,38,14,128,118,1" hai3="97,65,4,55,8,32,2,80,30,69,104,110,63"/><U95/><E3/><V129/><F38/><W79/><G55/><T105/><D105/><U54/><E117/><N who="2" m="45163" /><F91/><N who="1" m="34889" /><E121/><V68/><F68/><W133/><G110/><T120/><D109/><U29/><E134/><V58/><F53/><W112/><G112/><T35/><D114/><U111/><E111/><V24/><F58/><W94/><G94/><T84/><D35/><U10/><E12/><V92/><F57/><W113/><G133/><T59/><D73/><U42/><E54/><V70/><F92/><W81/><G113/><T34/><D34/><U66/><E26/><N who="2" m="9771" /><F70/><W19/><G19/><T25/><D119/><U60/><E29/><V123/><F123/><W127/><G79/><T83/><D120/><U77/><E77/><V22/><F132/><W37/><G30/><T39/><D25/><U13/><E60/><V56/><F56/><W76/><G76/><T51/><D39/><U72/><E72/><V33/><F33/><W101/><G32/><T0/><D52/><U62/><E62/><V48/><F48/><W21/><G37/><T115/><D115/><U106/><E106/><V103/><F1/><W18/><G63/><T67/><D0/><U71/><E71/><V36/><F36/><W44/><G69/><T43/><D51/><N who="1" m="27063" /><E13/><V7/><F14/><W28/><G2/><T126/><D49/><U86/><E86/><V11/><F11/><W31/><G8/><T74/><D9/><U40/><E40/><V99/><F7/><W6/><G6/><T102/><D43/><U50/><E50/><V78/><F5/><W20/><G4/><T135/><D135/><RYUUKYOKU ba="0,0" sc="250,-10,198,30,250,-10,302,-10" hai1="10,15,16,64,66,95,96" /><INIT seed="1,1,0,0,4,94" ten="240,228,240,292" oya="1" hai0="76,69,113,57,117,30,28,92,86,116,40,29,41" hai1="105,106,84,27,24,114,19,60,124,50,62,53,71" hai2="51,61,6,46,12,38,45,21,66,73,22,101,122" hai3="33,39,87,120,82,121,112,58,123,70,17,83,5"/><U129/><E114/><V127/><F122/><W74/><G70/><T90/><D69/><U126/><E84/><V133/><F73/><W3/><G112/><T132/><D113/><U37/><E37/><V63/><F133/><W98/><G33/><T9/><D132/><U59/><E129/><V43/><F127/><N who="1" m="48681" /><E71/><V125/><F125/><W10/><G39/><T35/><D35/><U25/><E19/><V111/><F111/><W131/><G131/><T100/><D76/><U34/><E34/><V108/><F108/><W16/><G58/><T31/><D116/><U97/><E106/><V91/><F101/><AGARI ba="1,0" hai="24,25,27,50,53,59,60,62,97,101,105" m="48681" machi="101" ten="30,2900,0" yaku="18,1,52,1" doraHai="94" who="1" fromWho="2" sc="240,0,228,32,240,-32,292,0" /><INIT seed="1,2,0,5,3,40" ten="240,260,208,292" oya="1" hai0="84,20,133,39,86,98,67,37,128,68,41,104,11" hai1="66,102,24,33,91,62,65,51,114,95,8,77,111" hai2="1,50,2,71,88,12,3,115,43,107,92,5,34" hai3="122,124,60,129,94,32,35,53,110,70,81,16,64"/><U0/><E114/><V127/><F115/><W69/><G122/><T123/><D123/><U116/><E116/><V130/><F127/><W117/><G70/><T125/><D125/><U72/><E102/><V49/><F130/><W83/><G124/><T10/><D20/><U28/><E111/><V61/><F107/><W58/><G110/><T74/><D74/><U119/><E119/><V101/><F101/><W120/><G120/><T87/><D98/><U19/><E77/><V85/><F34/><W100/><G117/><T135/><D104/><U17/><E72/><V78/><F78/><W4/><G4/><T13/><D128/><U29/><E29/><V46/><F50/><W73/><G129/><T93/><D93/><U89/><E65/><V27/><F27/><W22/><G35/><T36/><D41/><U132/><E132/><N who="0" m="50761" /><D13/><U90/><E95/><V109/><F109/><W45/><G32/><T23/><D23/><U7/><REACH who="1" step="1"/><E51/><REACH who="1" ten="240,250,208,292" step="2"/><V97/><F97/><N who="3" m="59447" /><G73/><T6/><D67/><U54/><E54/><V80/><F92/><W106/><G106/><T82/><D39/><U75/><E75/><V48/><F48/><N who="3" m="28815" /><G69/><AGARI ba="2,1" hai="0,7,8,17,19,24,28,33,62,66,69,89,90,91" machi="69" ten="40,2000,0" yaku="1,1,53,0" doraHai="40" doraHaiUra="55" who="1" fromWho="3" sc="240,0,250,36,208,0,292,-26" /><INIT seed="1,3,0,0,3,51" ten="240,286,208,266" oya="1" hai0="41,59,61,17,37,100,5,77,89,79,15,7,10" hai1="114,97,46,87,52,44,58,42,57,39,62,96,130" hai2="16,71,26,24,84,31,117,131,23,124,74,34,60" hai3="116,122,53,115,13,75,119,12,112,73,133,118,11"/><U50/><E130/><V125/><F74/><N who="3" m="28171" /><G122/><T45/><D100/><U107/><E114/><N who="3" m="43562" /><G133/><T56/><D89/><U54/><E107/><V111/><F117/><N who="3" m="29955" /><W88/><DORA hai="85" /><G11/><T135/><D135/><U126/><E126/><N who="2" m="48747" /><F131/><W0/><G0/><T47/><D47/><U123/><E123/><V36/><F36/><W101/><G101/><T18/><D59/><U68/><E68/><V92/><F111/><W120/><G120/><T63/><D63/><U65/><REACH who="1" step="1"/><E87/><REACH who="1" ten="240,276,208,266" step="2"/><V8/><F71/><W76/><G76/><T43/><D79/><U134/><E134/><V103/><F84/><W91/><G53/><T109/><D77/><U49/><AGARI ba="3,1" hai="39,42,44,46,49,50,52,54,57,58,62,65,96,97" machi="49" ten="20,18000,2" yaku="1,1,0,1,7,1,52,2,54,1,53,0" doraHai="51,85" doraHaiUra="110,98" who="1" fromWho="1" sc="240,-63,276,199,208,-63,266,-63" /><INIT seed="1,4,0,2,0,73" ten="177,475,145,203" oya="1" hai0="126,56,45,132,97,125,39,2,43,59,55,10,4" hai1="52,31,21,22,36,40,74,124,120,24,83,102,51" hai2="128,119,11,35,118,42,93,0,7,90,17,50,123" hai3="44,33,48,47,75,15,122,129,19,9,65,57,99"/><U113/><E120/><V16/><F123/><W29/><G122/><T78/><D132/><U72/><E113/><V6/><F128/><W58/><G75/><T87/><D97/><U27/><E124/><N who="0" m="47721" /><D55/><U100/><E40/><V82/><F35/><W76/><G129/><T111/><D111/><U41/><E41/><V79/><F7/><W89/><G33/><T103/><D103/><U13/><E13/><V25/><F42/><W67/><G29/><T116/><D116/><U121/><E36/><V53/><F119/><W117/><G117/><T104/><D104/><U94/><E121/><V108/><F25/><W68/><G68/><T107/><D107/><U127/><E127/><V34/><F34/><W81/><G89/><T38/><D38/><U110/><E110/><V62/><F62/><W71/><G99/><T77/><D87/><U32/><E32/><V135/><F135/><W49/><G71/><T134/><D134/><U30/><E94/><V1/><F1/><W5/><G49/><T12/><D2/><U98/><E98/><N who="2" m="57655" /><F108/><W14/><G48/><T91/><D91/><U8/><E72/><N who="2" m="43367" /><F118/><W37/><G37/><T95/><D95/><U112/><E8/><V66/><F66/><W64/><G81/><T54/><D59/><N who="3" m="22537" /><G76/><T60/><AGARI ba="4,0" hai="4,10,12,39,43,45,54,56,60,77,78" m="47721" machi="60" ten="30,4000,0" yaku="18,1,52,2" doraHai="73" who="0" fromWho="0" sc="177,52,475,-24,145,-14,203,-14" /><INIT seed="2,0,0,0,1,40" ten="229,451,131,189" oya="2" hai0="8,76,22,109,77,85,134,92,88,96,7,89,27" hai1="95,25,106,34,30,31,135,58,116,29,66,18,19" hai2="71,63,13,122,102,16,23,42,2,126,131,62,65" hai3="64,52,48,69,26,129,111,28,3,80,113,121,112"/><V125/><F122/><W55/><G121/><T6/><D109/><U4/><E116/><V17/><F131/><W67/><G3/><T90/><D134/><U74/><E106/><V14/><F2/><W21/><G111/><T115/><D115/><N who="3" m="44105" /><G129/><T50/><D50/><U43/><E74/><V93/><F42/><W105/><G105/><T103/><D85/><U47/><E135/><V49/><F49/><W60/><G67/><T133/><D133/><U120/><E120/><V82/><F63/><W51/><G51/><T41/><D41/><U128/><E4/><N who="0" m="1577" /><D8/><U68/><E68/><V20/><REACH who="2" step="1"/><F82/><REACH who="2" ten="229,451,121,189" step="2"/><W38/><G38/><T37/><D37/><U124/><E43/><V94/><F94/><W114/><N who="3" m="44113" /><W73/><DORA hai="56" /><G48/><T15/><D15/><U5/><E128/><V119/><F119/><W110/><G110/><T98/><D98/><AGARI ba="0,1" hai="13,14,16,17,20,23,62,65,71,93,98,102,125,126" machi="98" ten="40,12000,1" yaku="1,1,9,1,52,1,54,1,53,0" doraHai="40,56" doraHaiUra="81,35" who="2" fromWho="0" sc="229,-120,451,0,121,130,189,0" /><INIT seed="2,1,0,4,2,71" ten="109,451,251,189" oya="2" hai0="75,56,54,58,53,126,87,31,118,15,113,119,115" hai1="47,134,77,51,69,124,25,111,107,27,105,80,10" hai2="104,9,85,35,63,79,55,44,128,130,5,1,67" hai3="92,76,123,3,91,131,60,97,48,34,72,93,50"/><V117/><F117/><W66/><G123/><T90/><D75/><U84/><E69/><V17/><F104/><W74/><G3/><T18/><D31/><U98/><E111/><V41/><F35/><W13/><G34/><T52/><D126/><U62/><E124/><V121/><F121/><W57/><G131/><T43/><D43/><U20/><E134/><V116/><F55/><W49/><G76/><T89/><D87/><U4/><E62/><V78/><F17/><W29/><G29/><T88/><D15/><U109/><E109/><V129/><F85/><W110/><G110/><T32/><D18/><U68/><E68/><N who="2" m="42111" /><F116/><N who="0" m="44586" /><D32/><U30/><E27/><V28/><F28/><W106/><G106/><T33/><D33/><U65/><E65/><V59/><F59/><AGARI ba="1,0" hai="52,53,54,56,58,59,88,89,90,113,115" m="44586" machi="59" ten="40,8000,1" yaku="28,2,12,1,54,2" doraHai="71" who="0" fromWho="2" sc="109,83,451,0,251,-83,189,0" /><INIT seed="3,0,0,5,4,5" ten="192,451,168,189" oya="3" hai0="90,72,112,125,14,70,55,8,23,63,75,109,69" hai1="43,13,61,131,96,52,44,93,82,53,114,18,124" hai2="122,36,12,94,59,65,115,78,104,35,64,50,6" hai3="130,68,113,16,126,76,34,99,86,39,116,56,88"/><W42/><G68/><T85/><D109/><U21/><E114/><V89/><F104/><W111/><G113/><T4/><D112/><U41/><E131/><V45/><F35/><W106/><G34/><T17/><D125/><U46/><E124/><V128/><F36/><W101/><G116/><T77/><D77/><U40/><E82/><V84/><F115/><W26/><G126/><T105/><D105/><U29/><E29/><V119/><F119/><W67/><G130/><T49/><D63/><U37/><E37/><V127/><F127/><W133/><G76/><T38/><D38/><U83/><E83/><N who="2" m="47223" /><F59/><W108/><G133/><T28/><D28/><U1/><E1/><V91/><F128/><W20/><G56/><N who="0" m="32879" /><D70/><U80/><E80/><V71/><F71/><W135/><G67/><N who="2" m="25673" /><F94/><N who="3" m="54551" /><G135/><T74/><D69/><U87/><E87/><V30/><F30/><W3/><G3/><N who="0" m="31" /><D75/><U118/><E118/><V48/><F122/><W25/><G39/><T120/><D120/><U58/><E53/><N who="2" m="29839" /><F50/><W24/><G42/><T60/><D60/><U103/><AGARI ba="0,0" hai="13,18,21,40,41,43,44,46,52,58,61,93,96,103" machi="103" ten="30,4000,0" yaku="0,1,8,1,54,1" doraHai="5" who="1" fromWho="1" sc="192,-10,451,40,168,-10,189,-20" owari="182,-1.8,491,59.1,158,-34.2,169,-23.1" /></mjloggm>