<mjloggm ver="2.3"><GO type="225" lobby="0"/><UN n0="%E3%81%8B%E3%82%8F%E3%81%A1%E3%82%83%E3%82%93%35%38" n1="%E3%81%BF%E3%81%BF%E3%81%9A" n2="%E3%83%A9%E3%83%BC%E3%83%A1%E3%83%B3%E4%BA%94%E9%83%8E" n3="%77%72%77%72%77%72%77%72" dan="16,17,16,16" rate="2148.87,2201.44,2140.90,2145.48" sx="M,M,M,M"/><TAIKYOKU oya="0"/><INIT seed="0,0,0,2,3,103" ten="250,250,250,250" oya="0" hai0="83,71,49,45,65,104,56,33,8,126,32,24,66" hai1="61,82,14,46,85,23,131,73,9,90,12,122,74" hai2="87,76,84,119,125,89,130,62,30,51,19,42,20" hai3="11,13,109,0,111,40,68,124,60,52,75,135,50"/><T15/><D126/><U21/><E122/><V38/><F125/><W120/><G124/><T112/><D112/><U53/><E131/><V31/><F38/><W133/><G75/><T79/><D71/><U114/><E114/><V86/><F130/><W118/><G0/><T94/><D94/><U64/><E73/><V47/><F76/><W55/><G118/><T59/><D104/><U44/><E74/><V28/><F62/><W2/><G2/><T10/><D24/><U4/><E53/><N who="3" m="20554" /><G120/><T107/><D49/><U43/><E12/><V77/><F77/><W81/><G81/><T101/><D45/><U132/><E132/><N who="3" m="50762" /><G13/><T27/><D79/><U93/><E82/><N who="2" m="49303" /><F119/><W26/><G11/><T78/><D83/><U1/><E1/><V123/><F123/><W117/><G26/><AGARI ba="0,0" hai="19,20,26,28,30,31,42,47,51,86,87" m="49303" machi="26" ten="30,1000,0" yaku="8,1" doraHai="103" who="2" fromWho="3" sc="250,0,250,0,250,10,250,-10" /><INIT seed="1,0,0,0,2,94" ten="250,250,260,240" oya="1" hai0="14,81,78,40,8,119,37,114,54,101,41,103,99" hai1="115,113,3,1,51,58,56,98,38,95,36,87,9" hai2="90,120,15,121,23,46,84,76,26,53,63,2,64" hai3="33,13,96,124,71,82,125,0,93,135,100,35,7"/><U126/><E87/><V29/><F2/><W89/><G71/><T27/><D119/><U47/><E126/><N who="3" m="48746" /><G0/><T59/><D114/><U75/><E75/><V28/><F76/><W111/><G111/><T97/><D27/><U67/><E95/><V116/><F116/><W22/><G135/><T18/><D37/><U112/><E112/><V79/><F79/><W11/><G22/><T43/><D101/><U62/><E62/><V117/><F117/><W44/><G44/><T118/><D118/><U68/><E47/><V88/><F29/><W109/><G109/><T83/><D103/><U66/><E51/><V48/><F15/><W69/><G69/><T110/><D110/><U25/><E68/><V129/><F129/><W72/><G72/><T106/><D106/><U12/><E12/><V104/><F104/><N who="3" m="63495" /><G82/><N who="0" m="31243" /><D78/><U133/><E133/><V20/><F20/><W61/><G61/><AGARI ba="0,0" hai="8,14,18,40,41,43,54,59,61,97,99" m="31243" machi="61" ten="30,3900,0" yaku="8,1,52,2" doraHai="94" who="0" fromWho="3" sc="250,39,250,0,260,0,240,-39" /><INIT seed="2,0,0,5,1,128" ten="289,250,260,201" oya="2" hai0="111,86,62,116,7,105,88,102,33,16,68,129,0" hai1="46,70,29,64,72,23,107,82,1,10,52,121,113" hai2="126,63,83,117,34,40,75,9,4,99,130,132,91" hai3="89,2,25,57,92,18,67,76,49,27,43,20,8"/><V13/><F117/><W56/><G76/><T51/><D33/><U21/><E113/><V35/><F130/><W28/><G2/><T11/><D129/><U55/><E107/><V124/><F40/><W101/><G101/><T103/><D105/><U73/><E121/><V71/><F75/><W112/><G112/><T106/><D106/><U41/><E64/><V95/><F83/><W61/><G8/><T65/><D111/><U54/><E70/><V74/><F74/><W5/><G5/><T58/><D116/><U22/><E29/><V6/><F6/><W133/><G133/><T135/><D135/><U12/><E1/><V104/><F104/><W78/><G78/><T131/><D131/><U118/><E118/><V96/><F96/><W31/><G27/><T66/><D16/><U115/><E115/><V122/><F122/><W15/><G25/><T24/><D24/><U37/><REACH who="1" step="1"/><E82/><REACH who="1" ten="289,240,260,201" step="2"/><V90/><F71/><W80/><G80/><N who="0" m="49223" /><D66/><U97/><E97/><V60/><F99/><N who="3" m="57743" /><G57/><T39/><D68/><U94/><E94/><V134/><F134/><W32/><G32/><T123/><D123/><U48/><E48/><V79/><F132/><W100/><G100/><N who="0" m="38443" /><D51/><U84/><E84/><V108/><F35/><W38/><G38/><T81/><D81/><U69/><E69/><V3/><F34/><W77/><G77/><T120/><D120/><U44/><E44/><AGARI ba="0,1" hai="15,18,20,28,31,43,44,49,56,61,67" m="57743" machi="44" ten="30,1000,0" yaku="8,1" doraHai="128" who="3" fromWho="1" sc="289,0,240,-10,260,0,201,20" /><INIT seed="3,0,0,4,5,3" ten="289,230,260,221" oya="3" hai0="100,128,56,17,110,89,32,132,19,103,6,102,90" hai1="9,125,107,92,25,33,131,10,59,95,18,88,69" hai2="28,66,72,81,45,24,101,126,93,112,122,13,31" hai3="71,15,39,20,97,133,111,55,76,52,38,29,53"/><W124/><G71/><T130/><D110/><U4/><E107/><V82/><F112/><W104/><G111/><T30/><D132/><U80/><E69/><V96/><F126/><W34/><G124/><T123/><D123/><U120/><E125/><V75/><F122/><W40/><G133/><T41/><D41/><U83/><E120/><V106/><F66/><W84/><G40/><T70/><D70/><U26/><E131/><N who="0" m="50217" /><D56/><U65/><E95/><V16/><F106/><W134/><G134/><T8/><D30/><U67/><E33/><V78/><F45/><W79/><G34/><T1/><D32/><U98/><E67/><V46/><F46/><W0/><G0/><T42/><D42/><U129/><E129/><V60/><F60/><W37/><G84/><T87/><D90/><U119/><E119/><V116/><F116/><W23/><G29/><T22/><D22/><U68/><E68/><V77/><F24/><W91/><G23/><AGARI ba="0,0" hai="13,16,23,28,31,72,75,77,78,81,82,93,96,101" machi="23" ten="30,3900,0" yaku="7,1,9,1,54,1" doraHai="3" who="2" fromWho="3" sc="289,0,230,0,260,39,221,-39" /><INIT seed="4,0,0,3,4,66" ten="289,230,299,182" oya="0" hai0="65,56,109,93,22,127,12,85,77,86,120,130,20" hai1="82,3,121,17,9,81,26,135,125,103,115,104,7" hai2="46,98,35,4,78,58,6,123,49,118,89,25,100" hai3="73,72,39,117,101,59,0,79,88,2,54,63,42"/><T122/><D122/><U80/><E121/><V14/><F123/><W5/><G117/><T36/><D36/><U67/><E125/><V33/><F118/><W76/><G101/><T110/><D120/><U95/><E135/><V21/><F78/><W32/><G32/><T90/><D127/><U91/><E115/><V97/><F58/><W99/><G39/><T106/><D106/><U111/><E111/><N who="0" m="42505" /><D130/><U1/><E1/><V87/><F33/><W11/><G42/><T45/><D45/><U61/><E103/><V128/><F35/><W19/><G19/><N who="0" m="10343" /><D22/><U8/><E104/><V84/><F128/><W133/><G133/><T51/><D51/><U47/><E47/><V124/><F124/><W24/><G24/><T112/><D112/><U131/><E131/><V53/><F84/><W16/><G16/><T134/><D134/><U70/><E26/><V27/><F27/><W60/><G60/><N who="0" m="38023" /><D85/><U132/><E132/><V71/><F71/><W64/><G64/><T34/><D34/><U30/><E81/><N who="2" m="49391" /><F14/><W50/><G50/><T37/><D37/><U102/><E91/><V126/><F126/><W10/><G0/><T116/><D77/><U69/><E95/><N who="2" m="58431" /><F98/><W96/><G96/><T74/><D116/><U29/><E102/><V13/><F13/><W31/><G31/><AGARI ba="0,0" hai="4,6,21,25,31,46,49,53" m="58431,49391" machi="31" ten="30,1000,0" yaku="8,1" doraHai="66" who="2" fromWho="3" sc="289,0,230,0,299,10,182,-10" owari="289,8.9,230,-17.0,309,40.9,172,-32.8" /></mjloggm>