<mjloggm ver="2.3"><GO type="225" lobby="0"/><UN n0="%33%74%72%65%65" n1="%E3%83%81%E3%83%AF%E3%83%AF%E9%9A%8A%E9%95%B7" n2="%E3%83%A9%E3%82%A4%E3%83%B3%E3%81%AE%E8%99%8E" n3="%E3%83%B4%E3%83%A0%EF%BC%99%E3%81%A6" dan="16,16,16,16" rate="2139.90,2112.32,2124.37,2154.70" sx="F,M,M,M"/><TAIKYOKU oya="0"/><INIT seed="0,0,0,4,5,97" ten="250,250,250,250" oya="0" hai0="26,105,89,17,118,114,108,116,16,28,41,9,129" hai1="5,69,127,110,81,3,123,82,51,79,52,84,46" hai2="55,4,39,86,101,65,47,1,125,71,8,48,134" hai3="25,23,13,36,18,66,77,44,95,92,74,131,60"/><T53/><D114/><U87/><E123/><V106/><F125/><W111/><G111/><T94/><D108/><U99/><E110/><V0/><F134/><W38/><G131/><T29/><D129/><U120/><E120/><V24/><F39/><W122/><G122/><T15/><D105/><U73/><E69/><V10/><F86/><W100/><G92/><T37/><D17/><U20/><E127/><V70/><F65/><W59/><G44/><T90/><D53/><U130/><E130/><V104/><F24/><W109/><G109/><T62/><D62/><U124/><E124/><V102/><F104/><W117/><G117/><T96/><D89/><U22/><E73/><V30/><F30/><W121/><G121/><T132/><D29/><U57/><E99/><V12/><F106/><W83/><G13/><T14/><D14/><U19/><E3/><V112/><F112/><W34/><G34/><T42/><D132/><U128/><E128/><V115/><F115/><W27/><G27/><T67/><D67/><U40/><E5/><V93/><F93/><W80/><G83/><T107/><D107/><U64/><E64/><V72/><F72/><W35/><G35/><T2/><D2/><U54/><E19/><V49/><F49/><W45/><G45/><N who="0" m="23727" /><D42/><U91/><REACH who="1" step="1"/><E54/><REACH who="1" ten="250,240,250,250" step="2"/><V98/><F98/><N who="3" m="59487" /><G74/><T7/><D7/><U103/><E103/><N who="2" m="39435" /><F0/><W68/><G68/><T33/><D118/><U126/><E126/><V21/><F70/><W61/><G61/><AGARI ba="0,1" hai="20,22,40,46,51,52,57,61,79,81,82,84,87,91" machi="61" ten="30,12000,2" yaku="1,1,7,1,8,1,54,1,53,2" doraHai="97" doraHaiUra="78" who="1" fromWho="3" sc="250,0,240,130,250,0,250,-120" /><INIT seed="1,0,0,5,0,13" ten="250,370,250,130" oya="1" hai0="55,109,27,135,106,128,25,91,19,120,6,93,114" hai1="134,125,44,58,85,45,88,51,77,83,99,50,7" hai2="117,65,56,47,122,30,103,26,40,9,118,133,79" hai3="108,23,54,73,81,132,4,41,87,72,31,43,38"/><U112/><E112/><V18/><F122/><W63/><G108/><T119/><D119/><U131/><E125/><V3/><F133/><W60/><G132/><T34/><D106/><U8/><E134/><V75/><F103/><W69/><G4/><T66/><D135/><U100/><E131/><V105/><F105/><W115/><G115/><T80/><D109/><U0/><E77/><V37/><F56/><W70/><G31/><T84/><D114/><U42/><E58/><V52/><F65/><W78/><G38/><T33/><D6/><U29/><E29/><V46/><F46/><W98/><G98/><T49/><D128/><U53/><E99/><V111/><F52/><W2/><G2/><T59/><D120/><U104/><E100/><V127/><F127/><W107/><G107/><T61/><D80/><U32/><E104/><V126/><F126/><W102/><G102/><T86/><D86/><U67/><E67/><V10/><F10/><W116/><G87/><T101/><D101/><U11/><E11/><V22/><F111/><W82/><G54/><T1/><D1/><U68/><E68/><V71/><F71/><W20/><REACH who="3" step="1"/><G78/><REACH who="3" ten="250,370,250,120" step="2"/><T95/><D55/><U121/><E121/><V39/><F39/><W89/><G89/><T123/><D91/><U113/><E113/><V76/><F76/><W24/><G24/><T64/><D27/><U16/><E53/><V124/><F124/><W57/><G57/><T62/><D59/><U90/><E90/><V35/><F30/><W28/><G28/><T21/><D123/><U129/><E88/><V12/><F79/><RYUUKYOKU ba="0,1" sc="250,-10,370,-10,250,-10,120,30" hai3="20,23,41,43,60,63,69,70,72,73,81,82,116" /><INIT seed="2,1,1,4,4,122" ten="240,360,240,150" oya="2" hai0="85,4,48,21,92,56,44,0,93,123,111,46,88" hai1="29,78,26,5,34,2,55,117,47,24,68,101,66" hai2="67,61,134,69,115,70,110,129,124,41,126,15,20" hai3="106,98,25,60,64,6,51,32,58,112,18,120,33"/><V17/><F115/><W100/><G120/><T27/><D123/><U36/><E117/><V102/><F129/><W10/><G112/><T109/><D93/><U81/><E101/><V103/><F134/><W12/><G25/><T76/><D76/><U132/><E132/><V105/><F70/><W79/><G79/><T125/><D125/><N who="2" m="48234" /><F41/><W121/><G121/><T23/><D56/><U107/><E107/><V14/><F105/><W87/><G87/><T113/><D113/><U104/><E104/><V13/><F110/><N who="0" m="41994" /><D48/><U118/><E118/><V119/><F119/><W38/><G38/><T71/><D71/><U45/><E68/><V77/><F77/><W89/><G89/><T3/><D23/><U128/><E78/><V94/><F94/><W9/><REACH who="3" step="1"/><G51/><REACH who="3" ten="240,360,240,140" step="2"/><T7/><D85/><U52/><E36/><V43/><F103/><W35/><G35/><T22/><D88/><U75/><E34/><V135/><F102/><W83/><G83/><T108/><D108/><U99/><E81/><V65/><F135/><W63/><G63/><T91/><D91/><U131/><E131/><V1/><F61/><W8/><G8/><T50/><D50/><U133/><E128/><V31/><F20/><W116/><G116/><T39/><D22/><U127/><E127/><V62/><F62/><W74/><G74/><T40/><D21/><U80/><E80/><V130/><F130/><W19/><G19/><T96/><D27/><U16/><E24/><V72/><F72/><W37/><G37/><T11/><D39/><U30/><E75/><V57/><F17/><W42/><G42/><RYUUKYOKU ba="1,2" sc="240,-10,360,-10,240,-10,140,30" hai3="6,9,10,12,18,32,33,58,60,64,98,100,106" /><INIT seed="3,2,2,0,3,48" ten="230,350,230,170" oya="3" hai0="84,87,92,135,121,78,52,49,23,67,124,15,36" hai1="116,79,101,65,127,64,80,104,97,56,26,9,105" hai2="2,29,3,112,77,83,12,50,34,117,99,111,69" hai3="40,41,7,68,57,61,42,55,66,25,37,44,113"/><W4/><G113/><T20/><D121/><U22/><E116/><V5/><F112/><W81/><G25/><T45/><D135/><U132/><E132/><V134/><F69/><W133/><G133/><T120/><D120/><U93/><E127/><V54/><F117/><W19/><G19/><T107/><D107/><U90/><E9/><V1/><F134/><W46/><G81/><N who="0" m="47159" /><D36/><U118/><E118/><V0/><F111/><W62/><REACH who="3" step="1"/><G41/><REACH who="3" ten="230,350,230,160" step="2"/><T76/><D124/><U63/><E80/><V96/><F83/><W59/><G59/><T122/><D122/><U38/><E26/><V100/><F29/><W21/><G21/><T106/><D23/><U70/><E22/><V109/><F34/><W130/><G130/><T89/><D20/><U94/><E56/><V71/><F71/><W18/><G18/><T8/><D8/><U51/><E70/><V98/><F109/><W73/><G73/><T110/><D110/><U28/><E28/><V123/><F123/><W13/><G13/><T119/><D15/><U11/><E11/><V95/><F12/><W82/><G82/><T17/><D17/><U10/><E10/><V114/><F1/><W131/><G131/><T24/><D24/><U126/><E126/><V128/><F128/><W86/><G86/><N who="0" m="52279" /><D119/><U91/><E97/><N who="2" m="37483" /><F114/><W88/><G88/><T60/><D87/><U16/><E90/><V33/><F33/><W53/><G53/><T74/><D74/><U129/><E91/><V72/><F5/><W6/><G6/><T47/><D52/><U108/><E129/><V125/><F125/><W85/><G85/><RYUUKYOKU ba="2,3" sc="230,-10,350,-10,230,-10,160,30" hai3="4,7,37,40,42,44,46,55,57,61,62,66,68" /><INIT seed="3,3,3,1,5,47" ten="220,340,220,190" oya="3" hai0="80,27,28,59,7,32,106,107,2,64,58,1,117" hai1="118,33,91,62,97,8,73,6,122,87,44,21,82" hai2="55,134,114,102,46,116,104,51,135,17,40,127,111" hai3="123,92,89,39,63,52,42,37,101,126,115,125,67"/><W100/><G115/><T43/><D117/><U10/><E33/><V24/><F114/><W34/><G123/><T61/><D43/><U41/><E122/><V71/><F116/><W23/><G34/><T113/><D113/><U5/><E118/><V56/><F71/><W128/><G23/><T48/><D80/><U66/><E73/><V74/><F74/><W83/><G83/><T99/><D7/><U130/><E130/><V120/><F120/><W94/><G128/><T0/><REACH who="0" step="1"/><D99/><REACH who="0" ten="210,340,220,190" step="2"/><U90/><E97/><V132/><F40/><W36/><G42/><T96/><D96/><U109/><E5/><V54/><F134/><W4/><G4/><T85/><D85/><U105/><E6/><V35/><F132/><W78/><G78/><T3/><N who="0" m="0" /><DORA hai="26" /><T108/><D108/><U22/><E109/><V68/><F111/><W12/><G12/><T60/><D60/><U86/><E62/><V15/><F15/><W121/><G121/><T38/><D38/><U65/><E41/><V14/><F14/><W72/><G72/><T13/><D13/><U95/><E82/><V110/><F110/><W18/><G18/><T9/><D9/><U50/><E8/><V76/><F17/><W133/><G133/><T45/><D45/><U20/><E44/><V75/><F76/><W103/><G52/><AGARI ba="3,4" hai="27,28,32,48,52,58,59,61,64,106,107" m="0" machi="52" ten="70,8000,1" yaku="1,1,52,2,54,1,53,0" doraHai="47,26" doraHaiUra="124,129" who="0" fromWho="3" sc="210,129,340,0,220,0,190,-89" owari="339,13.9,340,44.0,220,-18.0,101,-39.9" /></mjloggm>