<mjloggm ver="2.3"><GO type="225" lobby="0"/><UN n0="%E5%8F%AF%E5%85%90%E9%82%A3%E7%94%B1%E5%A4%9A" n1="%E3%81%8B%E3%82%8F%E3%81%A1%E3%82%83%E3%82%93%35%38" n2="%E6%A1%9C%E8%8A%B1%E9%96%83%E3%80%85" n3="%E9%B3%B3%E6%9D%B1%E3%81%AE%E3%81%86%E3%81%95%E3%81%8E%E3%81%95%E3%82%93" dan="16,16,16,17" rate="2115.17,2125.17,2132.08,2195.07" sx="F,M,M,M"/><TAIKYOKU oya="0"/><INIT seed="0,0,0,3,0,122" ten="250,250,250,250" oya="0" hai0="54,90,116,98,120,41,74,34,121,72,50,23,85" hai1="13,28,32,119,39,14,131,12,109,82,33,84,21" hai2="83,79,15,87,101,133,44,126,132,40,42,104,51" hai3="60,4,25,103,31,127,18,66,76,29,5,47,48"/><T10/><D116/><U115/><E39/><V117/><F117/><W55/><G127/><T56/><D34/><N who="1" m="13419" /><E84/><V0/><F0/><W1/><G76/><T73/><D98/><U134/><E82/><V88/><F126/><W99/><G18/><T135/><D135/><N who="2" m="51786" /><F15/><W45/><G45/><T49/><D10/><U30/><E119/><V38/><F38/><W114/><G114/><T96/><D96/><U19/><E134/><V112/><F112/><W64/><G1/><T80/><REACH who="0" step="1"/><D23/><REACH who="0" ten="240,250,250,250" step="2"/><U118/><E118/><V125/><F125/><W16/><G99/><T93/><D93/><U9/><E115/><V8/><F8/><W53/><G103/><T20/><D20/><N who="1" m="11367" /><E131/><V78/><F101/><W24/><G4/><T46/><AGARI ba="0,1" hai="41,46,49,50,54,56,72,73,74,80,85,90,120,121" machi="46" ten="40,3900,0" yaku="1,1,0,1,53,0" doraHai="122" doraHaiUra="58" who="0" fromWho="0" sc="240,49,250,-13,250,-13,250,-13" /><INIT seed="0,1,0,0,5,111" ten="289,237,237,237" oya="0" hai0="5,4,73,1,6,116,134,55,127,29,59,30,86" hai1="121,133,44,103,19,100,27,99,105,102,75,47,91" hai2="72,117,120,68,110,106,109,84,20,101,0,8,132" hai3="122,35,52,94,88,15,21,51,119,2,50,31,25"/><T71/><D73/><U12/><E121/><V9/><F84/><W115/><G119/><T135/><D71/><U38/><E75/><V23/><F101/><W108/><G108/><N who="2" m="41577" /><F106/><W83/><G115/><T7/><D116/><U74/><E74/><V114/><F68/><W57/><G2/><T76/><D127/><U54/><E38/><V18/><F117/><W125/><G125/><T36/><D36/><U49/><E133/><N who="0" m="50697" /><D1/><U46/><E27/><V128/><F72/><W124/><G124/><T53/><N who="0" m="1024" /><DORA hai="14" /><T70/><D70/><U67/><E67/><V24/><F132/><W126/><G126/><T92/><D55/><U3/><E3/><V130/><F114/><W26/><G83/><N who="0" m="47463" /><D92/><N who="1" m="56735" /><E105/><V95/><F95/><W89/><G94/><T41/><D41/><U28/><E28/><N who="2" m="17415" /><F0/><W93/><G93/><T43/><D43/><U60/><E60/><AGARI ba="1,0" hai="29,30,53,59,60" m="47463,1024,50697" machi="60" ten="40,2000,0" yaku="20,1" doraHai="111,14" who="0" fromWho="1" sc="289,23,237,-23,237,0,237,0" /><INIT seed="0,2,0,0,5,79" ten="312,214,237,237" oya="0" hai0="66,72,122,119,105,94,101,64,8,98,61,84,102" hai1="40,129,37,2,74,73,17,106,130,52,54,78,115" hai2="16,48,34,49,51,9,36,23,67,47,18,109,12" hai3="55,41,21,116,43,35,30,31,38,108,50,68,121"/><T76/><D119/><U70/><E106/><V81/><F34/><W83/><G116/><T53/><D122/><U77/><E70/><V42/><F109/><W117/><G117/><T82/><D8/><U112/><E2/><V1/><F67/><W114/><G114/><N who="1" m="43562" /><E17/><V15/><F1/><W104/><G35/><T25/><D25/><U63/><E63/><V123/><F123/><W107/><G68/><T134/><D134/><U46/><E77/><V75/><F75/><N who="1" m="28681" /><E78/><V124/><REACH who="2" step="1"/><F124/><REACH who="2" ten="312,214,227,237" step="2"/><W6/><G121/><T57/><D102/><U24/><E24/><V110/><F110/><W126/><G126/><T33/><D33/><U20/><E20/><V32/><F32/><W19/><G21/><T62/><D62/><U100/><E100/><V97/><F97/><W92/><G108/><T11/><D11/><U56/><E56/><V127/><F127/><W13/><G13/><T28/><D28/><U113/><N who="1" m="43570" /><U58/><DORA hai="85" /><E58/><V95/><F95/><W132/><G92/><T65/><D66/><U89/><E89/><AGARI ba="2,1" hai="53,57,61,64,65,72,76,82,84,89,94,98,101,105" machi="89" ten="40,12000,1" yaku="24,2,52,2" doraHai="79,85" who="0" fromWho="1" sc="312,136,214,-126,227,0,237,0" /><INIT seed="0,3,0,0,0,78" ten="448,88,227,237" oya="0" hai0="96,35,18,91,94,9,135,134,82,8,53,126,72" hai1="31,114,13,71,2,29,24,109,95,66,125,74,45" hai2="128,81,20,4,0,68,100,132,33,65,70,51,93" hai3="63,73,84,97,44,101,19,103,22,67,30,43,99"/><T130/><D35/><U112/><E74/><V64/><F33/><W28/><G73/><T58/><D130/><U117/><E71/><V27/><F128/><W14/><G84/><T38/><D38/><U115/><E66/><V1/><F132/><N who="0" m="50730" /><D126/><U41/><E117/><V89/><F100/><W104/><G44/><T37/><D37/><U123/><E123/><V61/><F51/><W86/><G86/><T131/><D131/><U133/><E133/><V54/><F54/><W57/><REACH who="3" step="1"/><G43/><REACH who="3" ten="448,88,227,227" step="2"/><T105/><D72/><U122/><E122/><V92/><F70/><W34/><G34/><T87/><D87/><U26/><E125/><V108/><F68/><W48/><G48/><T110/><D58/><U76/><E45/><V32/><F32/><W111/><G111/><T55/><D110/><U90/><E41/><V46/><F108/><W85/><G85/><T39/><D39/><U23/><E109/><V6/><F46/><W10/><G10/><T3/><D8/><U107/><E114/><V25/><F61/><W56/><G56/><T129/><D9/><U113/><E113/><V88/><F20/><W124/><G124/><T121/><D121/><U47/><E115/><V17/><F17/><W59/><G59/><T69/><D18/><N who="1" m="10703" /><E112/><V106/><F106/><AGARI ba="3,1" hai="14,19,22,28,30,57,63,67,97,99,101,103,104,106" machi="106" ten="30,3900,0" yaku="1,1,7,1,9,1,53,0" doraHai="78" doraHaiUra="42" who="3" fromWho="2" sc="448,0,88,0,227,-48,227,58" /><INIT seed="1,0,0,5,5,28" ten="448,88,179,285" oya="1" hai0="111,77,32,30,80,37,113,15,47,3,10,97,59" hai1="50,123,86,78,83,99,14,51,93,66,68,110,128" hai2="102,55,88,81,72,119,25,6,127,41,122,23,0" hai3="44,90,85,126,58,27,26,105,106,54,57,63,56"/><U35/><E123/><V112/><F122/><W11/><G126/><T13/><D113/><U20/><E128/><V52/><F119/><W18/><G106/><T69/><D69/><U36/><E36/><V103/><F127/><W38/><G105/><T1/><D111/><U34/><E110/><V31/><F112/><W60/><G38/><T48/><D59/><U22/><E66/><V116/><F116/><W107/><G107/><T125/><D97/><U4/><E68/><V84/><F72/><W91/><G44/><T118/><D15/><U5/><E22/><V130/><F130/><W24/><G54/><N who="2" m="20521" /><F0/><W71/><G71/><T135/><D135/><U65/><E65/><V92/><F6/><W42/><G42/><N who="0" m="24695" /><D37/><U76/><E76/><N who="2" m="46119" /><F41/><W132/><G132/><T67/><D67/><U82/><E5/><V131/><F131/><W21/><G11/><T2/><D118/><U40/><E51/><V101/><F101/><W117/><G117/><T94/><D1/><U87/><E50/><V120/><F120/><W129/><G91/><T46/><D2/><U108/><E40/><V7/><F7/><W12/><G129/><T16/><D3/><U29/><E108/><V49/><F49/><W61/><G61/><T124/><D46/><U73/><E73/><V134/><F134/><W95/><AGARI ba="0,0" hai="12,18,21,24,26,27,56,57,58,60,63,85,90,95" machi="95" ten="30,2000,0" yaku="0,1,8,1" doraHai="28" who="3" fromWho="3" sc="448,-5,88,-10,179,-5,285,20" /><INIT seed="2,0,0,0,4,117" ten="443,78,174,305" oya="2" hai0="69,37,135,81,45,129,57,12,131,17,132,100,107" hai1="24,42,32,47,68,0,103,33,48,28,30,44,86" hai2="76,134,84,102,105,111,55,27,10,36,95,70,104" hai3="66,19,83,64,109,67,110,26,21,38,59,113,115"/><V89/><F70/><W118/><G118/><T25/><D69/><U101/><E68/><V128/><F36/><W40/><G59/><T75/><D25/><U77/><E0/><V62/><F10/><W56/><G56/><T119/><D119/><U2/><E2/><V50/><F62/><W98/><G83/><T49/><D37/><U79/><E86/><V127/><F127/><W87/><G87/><T43/><D57/><U15/><E15/><V116/><F116/><W80/><G80/><T4/><D4/><U124/><E24/><V130/><F27/><W90/><G90/><T23/><D107/><N who="2" m="41034" /><F50/><W78/><G98/><T96/><D96/><U91/><E48/><V9/><F55/><W133/><G78/><N who="0" m="44255" /><D100/><U22/><E22/><V82/><F9/><W6/><G133/><AGARI ba="0,0" hai="12,17,23,43,45,49,129,131,132,133,135" m="44255" machi="133" ten="30,1000,0" yaku="20,1" doraHai="117" who="0" fromWho="3" sc="443,10,78,0,174,0,305,-10" /><INIT seed="3,0,0,5,0,84" ten="453,78,174,295" oya="3" hai0="45,100,32,107,80,14,6,122,75,66,104,42,57" hai1="130,55,36,121,85,49,127,132,111,44,103,38,120" hai2="98,5,90,46,135,24,58,21,99,4,16,117,114" hai3="43,131,88,47,27,30,91,60,70,69,92,13,123"/><W50/><G123/><T106/><D122/><U2/><E2/><V1/><F117/><W119/><G119/><T3/><D32/><U97/><E121/><V8/><F114/><W105/><G105/><T110/><D110/><U31/><E120/><V65/><F135/><W51/><G131/><T78/><D14/><U102/><E111/><V113/><F113/><W118/><G118/><T116/><D116/><U62/><E132/><V34/><F5/><W26/><G13/><T79/><D79/><U126/><E31/><V54/><F90/><W133/><G133/><T7/><D100/><U11/><E130/><V124/><F124/><W101/><G51/><T108/><D108/><U35/><E35/><V115/><F115/><W9/><G9/><T128/><D128/><U18/><E62/><V87/><F87/><W64/><G69/><T63/><REACH who="0" step="1"/><D3/><REACH who="0" ten="443,78,174,295" step="2"/><U112/><E112/><V28/><F46/><W52/><G43/><T39/><AGARI ba="0,1" hai="6,7,39,42,45,57,63,66,75,78,80,104,106,107" machi="39" ten="30,4000,0" yaku="1,1,2,1,0,1,53,0" doraHai="84" doraHaiUra="15" who="0" fromWho="0" sc="443,50,78,-10,174,-10,295,-20" owari="493,59.3,68,-43.2,164,-23.6,275,7.5" /></mjloggm>