<mjloggm ver="2.3"><GO type="225" lobby="0"/><UN n0="%E3%80%90%E3%83%88%E3%83%AA%E3%83%A5%E3%83%95%E3%80%91" n1="%E3%81%90%E3%81%A1%E3%82%84%E3%81%BE" n2="%E3%81%99%E3%81%84%E3%81%BE%E3%81%9B%E3%83%BC%E3%82%93" n3="%77%72%77%72%77%72%77%72" dan="16,16,18,17" rate="2122.68,2095.91,2194.08,2150.44" sx="M,M,M,M"/><TAIKYOKU oya="0"/><INIT seed="0,0,0,4,4,59" ten="250,250,250,250" oya="0" hai0="79,62,34,126,82,28,106,113,49,111,4,52,72" hai1="33,116,60,10,2,15,56,96,129,32,31,94,44" hai2="134,22,64,58,108,40,90,97,100,88,37,120,133" hai3="5,43,18,36,21,107,91,104,119,35,3,12,38"/><T57/><D113/><U54/><E116/><V81/><F120/><W89/><G119/><T16/><D106/><U125/><E2/><V70/><F70/><W80/><G35/><T45/><D126/><U20/><E125/><V85/><F108/><W101/><G3/><T69/><D69/><U29/><E129/><V84/><F22/><W13/><G101/><T110/><D4/><U131/><E131/><V23/><F23/><W46/><G36/><T99/><D99/><U11/><E33/><V112/><F112/><W55/><G55/><T128/><D128/><U24/><E32/><V86/><F40/><W53/><G53/><T83/><D83/><U135/><E135/><N who="2" m="51723" /><F37/><W123/><G123/><T61/><D28/><U48/><E15/><V68/><F68/><W105/><REACH who="3" step="1"/><G80/><REACH who="3" ten="250,250,250,240" step="2"/><T102/><D102/><N who="1" m="60695" /><E31/><V9/><F81/><W132/><G132/><T50/><D34/><U114/><E114/><V109/><F109/><N who="0" m="41482" /><D16/><U66/><AGARI ba="0,1" hai="10,11,20,24,29,44,48,54,56,60,66" m="60695" machi="66" ten="30,4000,0" yaku="25,1,8,1,52,1" doraHai="59" who="1" fromWho="1" sc="250,-20,250,50,250,-10,240,-10" /><INIT seed="1,0,0,0,5,47" ten="230,300,240,230" oya="1" hai0="118,134,132,78,0,99,69,84,126,11,56,9,103" hai1="70,67,111,130,31,39,109,73,14,81,10,82,135" hai2="32,22,106,4,121,25,35,12,127,98,108,38,71" hai3="74,6,102,123,114,50,89,87,93,125,27,17,29"/><U44/><E130/><V18/><F121/><W66/><G123/><T24/><D69/><U77/><E31/><V15/><F38/><W115/><G74/><T36/><D118/><U124/><E124/><V2/><F71/><W41/><G125/><T131/><D126/><U16/><E135/><N who="0" m="51753" /><D36/><U1/><E1/><V60/><F60/><W85/><G6/><T23/><D56/><U49/><E39/><V30/><F98/><W122/><G122/><T117/><D0/><U21/><E70/><V80/><F80/><W33/><G102/><T112/><D112/><U63/><E73/><V5/><F106/><W97/><G66/><T129/><D117/><U8/><E109/><V19/><F127/><W65/><G65/><T94/><D84/><U110/><E110/><V107/><F107/><W45/><G85/><T48/><D78/><U52/><E111/><V64/><F64/><W57/><G57/><T75/><D48/><U95/><E95/><V76/><F76/><W90/><REACH who="3" step="1"/><G17/><REACH who="3" ten="230,300,240,220" step="2"/><N who="0" m="12399" /><D75/><U46/><E67/><V55/><F108/><W133/><G133/><T61/><D61/><U116/><E63/><V43/><F2/><W20/><G20/><T92/><D92/><AGARI ba="0,1" hai="27,29,33,41,45,50,87,89,90,92,93,97,114,115" machi="92" ten="30,3900,0" yaku="1,1,7,1,52,1,53,0" doraHai="47" doraHaiUra="7" who="3" fromWho="0" sc="230,-39,300,0,240,0,220,49" /><INIT seed="2,0,0,2,3,65" ten="191,300,240,269" oya="2" hai0="78,45,20,123,133,79,29,56,61,44,103,42,114" hai1="106,132,66,50,100,51,12,37,104,116,16,38,19" hai2="27,14,69,15,134,95,18,40,31,71,91,60,77" hai3="58,39,131,120,72,99,4,32,126,68,74,119,64"/><V92/><F134/><W47/><G120/><T86/><D114/><U96/><E116/><V101/><F77/><W22/><G119/><T107/><D133/><U21/><E132/><V7/><F40/><W23/><G32/><T84/><D123/><U73/><E73/><V35/><F60/><W2/><G131/><T25/><D79/><U53/><E106/><V54/><F54/><W17/><G126/><T125/><D125/><U98/><E98/><V34/><F34/><W82/><G58/><T87/><D78/><U46/><E66/><V108/><F108/><W63/><G22/><T93/><D107/><U30/><E30/><V5/><F101/><W36/><G99/><N who="0" m="59887" /><D42/><U28/><E28/><V83/><F83/><W122/><G122/><T88/><D88/><U1/><E1/><V41/><F41/><W11/><G82/><T135/><D135/><U33/><E33/><V24/><F35/><W62/><G62/><T111/><D111/><U97/><E97/><V8/><F91/><W124/><G124/><T115/><D115/><U117/><E117/><V67/><F95/><W81/><G81/><T49/><D49/><U6/><E6/><V90/><F90/><W43/><REACH who="3" step="1"/><G36/><REACH who="3" ten="191,300,240,259" step="2"/><T26/><D26/><AGARI ba="0,1" hai="2,4,11,17,23,26,39,43,47,63,64,68,72,74" machi="26" ten="30,7700,0" yaku="1,1,2,1,7,1,52,1,53,0" doraHai="65" doraHaiUra="80" who="3" fromWho="0" sc="191,-77,300,0,240,0,259,87" /><INIT seed="3,0,0,1,2,18" ten="114,300,240,346" oya="3" hai0="77,68,21,12,67,87,30,38,6,104,99,105,85" hai1="96,31,117,48,49,125,73,92,24,10,90,46,118" hai2="78,37,23,108,11,54,4,88,83,25,28,22,93" hai3="17,34,62,7,0,13,71,100,129,51,44,119,102"/><W120/><G119/><N who="1" m="45578" /><E73/><V20/><F108/><W121/><G34/><T80/><D38/><U56/><E125/><V74/><F37/><W98/><G129/><T60/><D6/><U112/><E112/><V47/><F54/><W53/><G102/><T35/><D87/><U107/><E107/><V101/><F47/><W76/><G76/><T57/><D12/><U3/><E56/><V79/><F101/><W16/><G17/><T84/><D84/><U128/><E128/><V8/><F79/><W58/><G71/><T42/><D42/><U36/><E36/><V52/><F52/><W75/><G7/><T134/><D57/><U65/><E65/><V95/><F95/><W29/><G0/><T61/><D61/><U97/><E97/><V14/><F11/><W15/><G75/><T39/><D39/><U123/><E123/><V50/><F50/><W55/><G51/><T109/><D105/><U82/><E82/><V94/><F94/><W41/><G62/><T103/><D109/><U132/><E132/><V5/><F4/><W40/><G58/><T43/><D43/><U66/><E66/><V72/><F72/><W63/><G63/><T106/><D106/><U130/><E130/><V131/><F131/><W133/><G133/><T69/><D69/><U33/><E46/><V114/><F114/><W86/><G121/><T122/><D122/><U64/><E64/><V115/><F115/><W89/><G120/><T45/><D45/><U1/><E1/><V127/><F127/><W124/><G44/><T70/><D134/><U81/><E3/><V111/><F111/><RYUUKYOKU ba="0,0" sc="114,-10,300,-10,240,30,346,-10" hai2="5,8,14,20,22,23,25,28,74,78,83,88,93" owari="104,-39.6,290,9.0,270,-13.0,336,43.6" /></mjloggm>