<mjloggm ver="2.3"><GO type="225" lobby="0"/><UN n0="%E4%B8%89%E5%88%86%E5%B0%8F%E5%83%A7" n1="%E3%82%AF%E3%82%A3%E3%82%A6" n2="%E9%BB%99%E8%81%B4%E3%81%AE%E3%81%99%E3%82%9D%E3%82%81" n3="%E4%BF%BA%E3%81%A8%E5%A6%96%E5%A4%A2" dan="16,16,16,16" rate="2052.25,2058.08,2115.09,2134.19" sx="M,M,M,F"/><TAIKYOKU oya="0"/><INIT seed="0,0,0,2,1,9" ten="250,250,250,250" oya="0" hai0="129,2,79,56,102,133,21,117,93,106,8,132,113" hai1="109,54,115,39,26,63,87,70,83,50,76,13,69" hai2="127,18,101,112,40,31,52,99,108,111,43,114,44" hai3="47,125,135,122,0,17,24,49,36,46,12,80,67"/><T95/><D113/><U82/><E115/><N who="2" m="44075" /><F31/><W64/><G0/><T55/><D117/><U75/><E109/><N who="2" m="42059" /><F18/><W20/><G135/><N who="0" m="51787" /><D129/><U68/><E39/><V15/><F15/><W19/><G125/><T78/><D21/><U84/><E26/><V16/><F16/><N who="3" m="12295" /><G122/><T124/><D124/><U57/><E13/><V23/><F23/><N who="3" m="11687" /><G36/><T32/><D32/><U74/><REACH who="1" step="1"/><E63/><REACH who="1" ten="250,240,250,250" step="2"/><V123/><F127/><W134/><G134/><T35/><D35/><U92/><E92/><N who="2" m="58599" /><F123/><W128/><G19/><T5/><D95/><U72/><E72/><V107/><F107/><W29/><G29/><T1/><D106/><U118/><E118/><V119/><F119/><W73/><G73/><T86/><D1/><U4/><E4/><V100/><F100/><W103/><G103/><T38/><D102/><U41/><E41/><V58/><F44/><W89/><G46/><T130/><D2/><U81/><E81/><V51/><AGARI ba="0,1" hai="40,43,51,52,58" m="58599,42059,44075" machi="51" ten="30,2000,0" yaku="14,1,54,1" doraHai="9" who="2" fromWho="2" sc="250,-10,240,-5,250,30,250,-5" /><INIT seed="1,0,0,0,1,70" ten="240,235,280,245" oya="1" hai0="131,73,31,130,122,59,50,115,52,57,96,4,121" hai1="133,15,46,67,68,47,24,94,107,20,5,55,77" hai2="132,129,71,66,76,25,36,6,105,118,17,81,93" hai3="45,85,72,80,35,95,19,29,134,13,91,58,108"/><U112/><E107/><V62/><F105/><W117/><G108/><T28/><D73/><U53/><E112/><V33/><F118/><W75/><G117/><T87/><D115/><U27/><E133/><V84/><F129/><N who="0" m="49162" /><D4/><U116/><E116/><V54/><F132/><W49/><G134/><T79/><D96/><U1/><E1/><V16/><F6/><W99/><G58/><T42/><D42/><U38/><E77/><V113/><F113/><W22/><G29/><N who="0" m="11339" /><D59/><U40/><E68/><V37/><F33/><W102/><REACH who="3" step="1"/><G35/><REACH who="3" ten="240,235,280,235" step="2"/><T0/><D0/><U69/><E69/><V21/><F17/><W111/><G111/><T86/><D79/><U119/><E119/><V14/><F14/><W51/><G51/><T98/><D98/><U48/><E15/><V63/><REACH who="2" step="1"/><F93/><REACH who="2" ten="240,235,270,235" step="2"/><W88/><G88/><T41/><D41/><AGARI ba="0,2" hai="13,19,22,41,45,49,72,75,80,85,91,95,99,102" machi="41" ten="30,2000,0" yaku="1,1,7,1,53,0" doraHai="70" doraHaiUra="3" who="3" fromWho="0" sc="240,-20,235,0,270,0,235,40" /><INIT seed="2,0,0,1,2,129" ten="220,235,270,275" oya="2" hai0="96,77,4,19,79,13,10,91,47,28,68,12,26" hai1="15,131,65,59,16,87,21,74,110,61,45,134,111" hai2="83,106,95,122,100,98,23,104,97,71,135,103,105" hai3="73,41,48,90,75,3,36,11,99,94,58,52,22"/><V43/><F71/><W102/><G36/><T84/><D68/><U66/><E74/><V25/><F43/><W14/><G41/><T124/><D124/><U116/><E116/><V80/><F122/><W29/><G3/><T40/><D96/><U31/><E131/><V7/><F7/><W89/><G75/><T108/><D108/><N who="1" m="41515" /><E45/><V5/><F5/><W6/><REACH who="3" step="1"/><G73/><REACH who="3" ten="220,235,270,265" step="2"/><T32/><D13/><U57/><E31/><V37/><F37/><W42/><G42/><T62/><D4/><U38/><E38/><V49/><F25/><AGARI ba="0,1" hai="6,11,14,22,25,29,48,52,58,89,90,94,99,102" machi="25" ten="40,8000,1" yaku="1,1,8,1,54,1,53,1" doraHai="129" doraHaiUra="46" who="3" fromWho="2" sc="220,0,235,0,270,-80,265,90" /><INIT seed="3,0,0,3,2,90" ten="220,235,190,355" oya="3" hai0="14,42,81,41,6,19,107,96,28,31,80,130,106" hai1="102,119,43,17,29,116,22,11,133,75,45,114,37" hai2="38,74,97,16,33,2,58,52,71,62,126,112,12" hai3="60,51,25,15,67,53,36,93,32,66,1,56,48"/><W72/><G36/><T113/><D6/><U61/><E114/><V91/><F112/><W18/><G1/><T0/><D0/><U76/><E133/><V59/><F2/><W123/><G72/><T120/><D113/><U7/><E29/><N who="0" m="11337" /><D107/><U69/><E102/><V117/><F117/><N who="1" m="45129" /><E76/><V110/><F110/><W135/><G123/><T109/><D106/><U129/><E75/><V99/><F33/><W88/><G25/><T92/><D120/><U95/><E129/><V85/><F71/><W47/><G32/><T104/><D104/><U50/><E95/><N who="2" m="54767" /><F38/><W4/><G4/><T9/><D130/><U65/><E11/><N who="2" m="6175" /><F126/><W128/><G135/><T54/><D54/><U100/><E100/><V87/><F74/><W40/><G51/><T68/><D68/><U20/><E7/><V24/><F24/><W103/><G103/><N who="0" m="60807" /><D109/><U57/><E37/><V3/><F3/><W55/><G67/><T121/><D121/><U39/><E39/><V132/><F132/><W118/><G128/><T108/><D108/><U86/><E69/><V73/><F73/><W89/><G118/><T131/><D131/><U46/><E17/><V134/><F134/><W101/><G101/><T105/><D105/><U23/><E50/><N who="2" m="30999" /><F87/><W44/><G47/><N who="1" m="17930" /><E86/><V83/><F83/><AGARI ba="0,0" hai="9,14,19,41,42,80,81,83" m="60807,11337" machi="83" ten="30,2000,0" yaku="8,1,52,1" doraHai="90" who="0" fromWho="2" sc="220,20,235,0,190,-20,355,0" owari="240,4.0,235,-16.5,170,-33.0,355,45.5" /></mjloggm>