<mjloggm ver="2.3"><GO type="225" lobby="0"/><UN n0="%E3%83%A9%E3%83%BC%E3%83%A1%E3%83%B3%E4%BA%94%E9%83%8E" n1="%E6%9C%88%E5%B3%B6%E5%9F%BA" n2="%4B%2E%32%2E%4B%2E" n3="%E3%82%8F%E3%81%8B%E3%81%B0%2A%E3%82%AC%E3%83%BC%E3%83%AB" dan="16,17,16,16" rate="2151.57,2175.85,2180.81,2056.15" sx="M,M,M,M"/><TAIKYOKU oya="0"/><INIT seed="0,0,0,2,3,53" ten="250,250,250,250" oya="0" hai0="98,46,128,50,78,103,47,82,112,119,121,61,2" hai1="88,90,19,24,95,76,135,56,3,37,45,126,15" hai2="122,104,120,31,14,94,43,91,79,39,116,133,87" hai3="99,7,113,105,100,21,74,66,108,4,23,118,62"/><T48/><D112/><U70/><E70/><V71/><F71/><W41/><G113/><T60/><D119/><U29/><E3/><V18/><F104/><W110/><G118/><T25/><D2/><U16/><E126/><V63/><F116/><W26/><G74/><T106/><D128/><U80/><E135/><V114/><F114/><W65/><G41/><T131/><D131/><U123/><E123/><V38/><F133/><W129/><G129/><T81/><D121/><U20/><E37/><V73/><F31/><W51/><G51/><T58/><D25/><U64/><E45/><V32/><F32/><W54/><G54/><T0/><D0/><U55/><E64/><V1/><F63/><W83/><G83/><T12/><D12/><U86/><E95/><V30/><F30/><N who="3" m="17743" /><G23/><T35/><D35/><U117/><E117/><V59/><F39/><W96/><G96/><T44/><D61/><N who="1" m="35999" /><E29/><V8/><F1/><W27/><G27/><T33/><D33/><U89/><E19/><V77/><F73/><W52/><G52/><T22/><D22/><U85/><E85/><V13/><F13/><AGARI ba="0,0" hai="13,15,16,20,24,76,80,86,88,89,90" m="35999" machi="13" ten="30,7700,0" yaku="8,1,52,1,54,2" doraHai="53" who="1" fromWho="2" sc="250,0,250,77,250,-77,250,0" /><INIT seed="1,0,0,3,3,95" ten="250,327,173,250" oya="1" hai0="8,85,54,102,84,77,80,131,72,123,52,30,46" hai1="28,100,104,2,44,70,1,114,16,124,107,115,99" hai2="112,71,29,86,56,75,78,60,81,39,111,67,74" hai3="57,73,106,121,13,87,76,91,119,105,118,120,45"/><U27/><E107/><N who="3" m="40970" /><G45/><T103/><D123/><N who="3" m="47177" /><G57/><T21/><D72/><U55/><E124/><V68/><F111/><W79/><G13/><T98/><D85/><U34/><E55/><V12/><F112/><N who="1" m="43049" /><E44/><V62/><F39/><W7/><G7/><T50/><D131/><U18/><E18/><V38/><F38/><W36/><G36/><T93/><D8/><U37/><E16/><V17/><F29/><W132/><G132/><T11/><D11/><U35/><E37/><V15/><F15/><W116/><G73/><T127/><D127/><U130/><E35/><V53/><REACH who="2" step="1"/><F71/><REACH who="2" ten="250,327,163,250" step="2"/><W108/><G108/><T5/><D30/><U64/><E130/><V92/><F92/><AGARI ba="0,1" hai="76,79,87,91,92,116,118,119" m="47177,40970" machi="92" ten="40,5200,0" yaku="12,1,34,2" doraHai="95" who="3" fromWho="2" sc="250,0,327,0,163,-52,250,62" /><INIT seed="2,0,0,0,0,75" ten="250,327,111,312" oya="2" hai0="132,120,91,40,123,61,79,69,46,117,124,88,68" hai1="59,118,122,1,53,45,66,82,86,95,102,70,9" hai2="121,72,23,16,34,38,89,109,116,133,64,93,19" hai3="54,135,17,108,77,130,113,30,63,62,41,52,12"/><V74/><F116/><W13/><G108/><T76/><D117/><U24/><E118/><V3/><F121/><W15/><G130/><T80/><D124/><U35/><E70/><V107/><F64/><W85/><G135/><T112/><D112/><U26/><E35/><V125/><F34/><W98/><G30/><T14/><D132/><U103/><E1/><V128/><F107/><W47/><G98/><T37/><D14/><N who="3" m="5737" /><G113/><T20/><D20/><U84/><E9/><V5/><F133/><W36/><G36/><T33/><D33/><U32/><E32/><V101/><F101/><N who="1" m="38409" /><E45/><V4/><F38/><W67/><G41/><T39/><D39/><U7/><E7/><V65/><F128/><W55/><G47/><T71/><D61/><N who="1" m="36079" /><E66/><V92/><F125/><W73/><G73/><T50/><D37/><U2/><E2/><V131/><F131/><W56/><G63/><T110/><D110/><U106/><E106/><V94/><F109/><W78/><G85/><T114/><D114/><U48/><E48/><V97/><F65/><W87/><G87/><T49/><D49/><U99/><E86/><V127/><F127/><W58/><G58/><T134/><D134/><U60/><E60/><V11/><F5/><W104/><G104/><T57/><D57/><U81/><E84/><V119/><F119/><W44/><G44/><T18/><D18/><N who="2" m="6698" /><F23/><AGARI ba="0,0" hai="15,17,23,52,54,55,56,62,67,77,78" m="5737" machi="23" ten="30,7700,0" yaku="8,1,52,2,54,1" doraHai="75" who="3" fromWho="2" sc="250,0,327,0,111,-77,312,77" /><INIT seed="3,0,0,1,0,78" ten="250,327,34,389" oya="3" hai0="102,58,85,109,77,115,123,39,110,51,97,108,26" hai1="79,17,134,56,76,29,64,66,91,132,2,34,45" hai2="19,21,90,80,81,20,9,96,111,32,14,33,61" hai3="27,125,94,89,16,22,86,10,70,53,120,3,75"/><W46/><G120/><T28/><D39/><U117/><E2/><V95/><F111/><W44/><G75/><T92/><D123/><U114/><E114/><V121/><F121/><W100/><G70/><T88/><D115/><U87/><E117/><V124/><F124/><W18/><G125/><T126/><D126/><U5/><E5/><V104/><F104/><W112/><G112/><T113/><D113/><U38/><E17/><V49/><F33/><W31/><G100/><T122/><D122/><U37/><E29/><V52/><F32/><W36/><G36/><T106/><D77/><U84/><E34/><V43/><F43/><W63/><G3/><T23/><D58/><U62/><E56/><V8/><F8/><W127/><G127/><T93/><REACH who="0" step="1"/><D51/><REACH who="0" ten="240,327,34,389" step="2"/><U57/><E57/><V41/><F61/><W83/><G63/><T119/><D119/><U12/><E62/><V4/><F41/><W67/><G44/><T129/><D129/><U116/><E116/><V105/><F105/><W118/><G118/><T1/><D1/><U98/><E45/><V69/><F69/><W73/><G46/><T50/><D50/><U24/><E38/><V11/><F11/><W25/><G10/><T68/><D68/><U107/><E37/><V54/><F21/><W131/><G22/><T60/><D60/><U99/><E107/><V135/><F135/><W101/><G131/><T71/><D71/><U59/><E132/><V42/><F42/><W35/><G35/><T130/><D130/><U74/><E134/><V128/><F128/><W133/><G133/><T40/><D40/><RYUUKYOKU ba="0,1" sc="240,30,327,-10,34,-10,389,-10" hai0="23,26,28,85,88,92,93,97,102,106,108,109,110" owari="270,-13.0,317,11.7,24,-47.6,389,48.9" /></mjloggm>