<mjloggm ver="2.3"><GO type="225" lobby="0"/><UN n0="%E3%80%90%E8%92%BC%E7%90%89%E3%80%91" n1="%E5%A4%8F%E9%88%B4%E9%88%B4%E5%A4%8F" n2="%E9%B7%B9%E5%80%89%E6%9D%8F%E9%88%B4" n3="%E7%99%BD%E5%80%89%E5%AF%9B%E4%B9%8B" dan="16,16,16,16" rate="2169.89,2125.57,2082.44,2123.12" sx="F,F,F,M"/><TAIKYOKU oya="0"/><INIT seed="0,0,0,0,0,58" ten="250,250,250,250" oya="0" hai0="24,122,85,111,119,126,110,1,31,101,70,91,116" hai1="96,102,98,4,55,12,115,57,63,17,28,82,113" hai2="86,36,41,45,84,3,18,114,44,95,81,54,76" hai3="106,10,26,134,33,107,60,7,37,53,21,40,65"/><T64/><D1/><U47/><E4/><V127/><F127/><W104/><G134/><T48/><D126/><U121/><E121/><V71/><F114/><N who="1" m="43529" /><E28/><V90/><F3/><W38/><G53/><T99/><D122/><U25/><E25/><V29/><F29/><W22/><G33/><T15/><D15/><U35/><E35/><V43/><F71/><W83/><G83/><T68/><D48/><N who="1" m="29087" /><E82/><V108/><F108/><N who="0" m="41514" /><D119/><U56/><E63/><V105/><F105/><W69/><G40/><T74/><D74/><U128/><E128/><V79/><F18/><W50/><G50/><T32/><D116/><U132/><E132/><V14/><F14/><W8/><G8/><T9/><D9/><N who="1" m="6287" /><E98/><V6/><F6/><W129/><G129/><T73/><D73/><U112/><N who="1" m="43537" /><U61/><DORA hai="120" /><E61/><V16/><F16/><W78/><G78/><T30/><D64/><U109/><E109/><V51/><F43/><W34/><G34/><T88/><D30/><U123/><E123/><V135/><F135/><W118/><G118/><T103/><D103/><U80/><E80/><V49/><F36/><W62/><G62/><T75/><D75/><U27/><E27/><V133/><F133/><W5/><G5/><T0/><D0/><U46/><E46/><V20/><F20/><N who="3" m="7787" /><G26/><T72/><D72/><U117/><E117/><V89/><AGARI ba="0,0" hai="41,44,45,49,51,54,76,79,81,84,86,89,90,95" machi="89" ten="20,2700,0" yaku="0,1,7,1,8,1" doraHai="58,120" who="2" fromWho="2" sc="250,-13,250,-7,250,27,250,-7" /><INIT seed="1,0,0,3,3,128" ten="237,243,277,243" oya="1" hai0="56,50,87,55,77,60,46,16,28,134,66,62,59" hai1="68,32,126,106,29,123,117,39,131,98,4,67,113" hai2="36,116,61,12,6,7,110,94,135,101,15,69,52" hai3="57,85,129,132,74,47,23,127,54,90,84,105,0"/><U10/><RYUUKYOKU type="yao9" ba="0,0" sc="237,0,243,0,277,0,243,0" hai1="4,10,29,32,39,67,68,98,106,113,117,123,126,131" /><INIT seed="1,1,0,0,5,118" ten="237,243,277,243" oya="1" hai0="83,116,82,51,60,84,95,69,135,131,54,119,113" hai1="72,100,66,8,44,129,35,90,70,36,17,121,14" hai2="134,32,28,126,105,110,40,10,80,19,56,128,104" hai3="33,43,111,65,21,61,92,49,47,85,73,27,18"/><U130/><E121/><V48/><F28/><W71/><G73/><T22/><D113/><U98/><E35/><V7/><F32/><W120/><G111/><T42/><D135/><U3/><E3/><V2/><F110/><W101/><G33/><T20/><D131/><N who="1" m="50187" /><E72/><V58/><F128/><W88/><REACH who="3" step="1"/><G101/><REACH who="3" ten="237,243,277,233" step="2"/><T46/><D116/><U9/><E90/><V75/><F75/><W31/><G31/><T39/><D119/><U67/><E8/><V41/><F10/><W1/><G1/><T99/><D20/><U115/><E115/><V86/><F2/><W11/><G11/><T107/><D22/><U76/><E70/><V103/><F103/><W96/><G96/><T23/><D23/><U81/><E36/><V53/><F134/><W55/><G55/><T59/><D84/><N who="1" m="48167" /><E44/><V0/><F0/><W13/><G13/><T63/><D69/><U12/><E12/><V64/><F86/><W89/><G89/><T38/><D38/><U122/><E122/><AGARI ba="1,1" hai="18,21,27,43,47,49,61,65,71,85,88,92,120,122" machi="122" ten="40,8000,1" yaku="1,1,52,2,54,1,53,0" doraHai="118" doraHaiUra="108" who="3" fromWho="1" sc="237,0,243,-83,277,0,233,93" /><INIT seed="2,0,0,1,2,37" ten="237,160,277,326" oya="2" hai0="21,41,27,44,62,125,59,15,75,48,114,134,19" hai1="103,113,80,46,107,132,57,87,14,97,81,111,122" hai2="20,33,131,64,89,128,118,101,5,25,6,18,71" hai3="115,35,76,77,72,29,70,82,36,13,106,117,32"/><V55/><F118/><W78/><G70/><T93/><D134/><U99/><E113/><V22/><F101/><W79/><G106/><T105/><D125/><U133/><E111/><V86/><F33/><W100/><G100/><T116/><D105/><U53/><E122/><V104/><F104/><W49/><G36/><T54/><D75/><U1/><E1/><V12/><F55/><W69/><G69/><T39/><D116/><U8/><E46/><V24/><F64/><W95/><G95/><T108/><D108/><U83/><E97/><V52/><F71/><W2/><G2/><T68/><D114/><U94/><E107/><V92/><F52/><W121/><G29/><T30/><D93/><U85/><E133/><V88/><F89/><W90/><G90/><T61/><REACH who="0" step="1"/><D68/><REACH who="0" ten="227,160,277,326" step="2"/><U124/><E132/><V96/><F96/><W17/><G115/><T74/><D74/><U3/><E124/><V7/><REACH who="2" step="1"/><F25/><REACH who="2" ten="227,160,267,326" step="2"/><W16/><G117/><T34/><AGARI ba="0,2" hai="15,19,21,27,30,34,39,41,44,48,54,59,61,62" machi="34" ten="20,5200,0" yaku="1,1,0,1,7,1,52,1,53,0" doraHai="37" doraHaiUra="91" who="0" fromWho="0" sc="227,72,160,-13,267,-26,326,-13" /><INIT seed="3,0,0,1,3,100" ten="299,147,241,313" oya="3" hai0="70,20,59,40,80,58,12,23,97,76,15,93,41" hai1="14,60,10,134,27,84,115,8,48,57,3,124,78" hai2="1,86,53,52,104,72,131,55,25,50,33,45,67" hai3="0,9,31,79,99,92,125,110,66,102,73,13,34"/><W22/><G110/><T133/><D70/><U85/><E115/><V29/><F72/><W109/><G109/><T126/><D133/><U122/><E122/><V36/><F36/><W68/><G125/><T119/><D119/><U43/><E134/><V11/><F67/><W54/><G54/><T101/><D126/><U112/><E112/><V106/><F131/><W108/><G108/><T121/><D121/><U62/><E124/><V107/><REACH who="2" step="1"/><F86/><REACH who="2" ten="299,147,231,313" step="2"/><W94/><G66/><T81/><D40/><U5/><E27/><V90/><F90/><W127/><G73/><T123/><D41/><U114/><E114/><V56/><F56/><N who="0" m="21546" /><D123/><U132/><E132/><V88/><F88/><W118/><G127/><T65/><D65/><U26/><E26/><V30/><F30/><W91/><G31/><T44/><D44/><U128/><E128/><V19/><F19/><W38/><G38/><T95/><D76/><U77/><E85/><V61/><F61/><W17/><G79/><T120/><D120/><U83/><E78/><V74/><F74/><W89/><G91/><T63/><D63/><U82/><E83/><V32/><F32/><W111/><G34/><T7/><D80/><U64/><E64/><V47/><F47/><W16/><G89/><N who="0" m="55471" /><D81/><U28/><E28/><V71/><F71/><W103/><G68/><T35/><D35/><U39/><E39/><V105/><N who="2" m="26624" /><DORA hai="98" /><V135/><F135/><W24/><G111/><T6/><D95/><U18/><REACH who="1" step="1"/><E43/><REACH who="1" ten="299,137,231,313" step="2"/><V49/><F49/><W4/><G118/><T113/><D113/><U96/><E96/><V51/><F51/><RYUUKYOKU ba="0,2" sc="299,-15,137,15,231,15,313,-15" hai1="3,5,8,10,14,18,48,57,60,62,77,82,84" hai2="1,11,25,29,33,45,50,52,53,55" /><INIT seed="4,1,2,5,2,68" ten="284,152,246,298" oya="0" hai0="36,41,10,66,8,128,86,123,82,109,44,21,14" hai1="3,85,12,51,9,107,122,22,33,65,74,96,120" hai2="50,24,15,99,73,34,45,119,103,105,64,35,0" hai3="129,62,124,26,25,92,87,118,32,97,69,11,81"/><T110/><D123/><U116/><E74/><V111/><F111/><N who="0" m="42506" /><D128/><U115/><E116/><V108/><F108/><W2/><G129/><T37/><D66/><U117/><E117/><V57/><F0/><W79/><G118/><T135/><D135/><U1/><E33/><V67/><F73/><W94/><G124/><T23/><D37/><U4/><E115/><V53/><F119/><W28/><G26/><T127/><D10/><U19/><E65/><V29/><F35/><W130/><G130/><T100/><D100/><U98/><E1/><V61/><REACH who="2" step="1"/><F15/><REACH who="2" ten="284,152,236,298" step="2"/><W114/><G2/><T84/><D127/><U75/><E75/><V70/><F70/><W89/><G69/><T90/><D86/><U40/><E85/><V49/><F49/><W27/><G87/><T52/><D52/><AGARI ba="1,3" hai="24,29,34,45,50,52,53,57,61,64,67,99,103,105" machi="52" ten="30,3900,0" yaku="1,1,7,1,54,1,53,0" doraHai="68" doraHaiUra="132" who="2" fromWho="0" sc="284,-42,152,0,236,72,298,0" owari="242,-15.8,152,-34.8,308,40.8,298,9.8" /></mjloggm>