<mjloggm ver="2.3"><GO type="225" lobby="0"/><UN n0="%72%69%6F%75%63%68%61%6E" n1="%E5%8C%97%E6%AC%A7%E3%81%AE%E3%82%82%E3%81%93%E3%81%86" n2="%E5%B6%BA%E4%B8%8A%E5%92%B2" n3="%E3%82%8F%E3%81%8B%E3%81%B0%2A%E3%82%AC%E3%83%BC%E3%83%AB" dan="16,16,16,16" rate="2141.80,2136.34,2169.72,2132.60" sx="M,M,F,M"/><TAIKYOKU oya="0"/><INIT seed="0,0,0,3,4,24" ten="250,250,250,250" oya="0" hai0="17,80,59,127,6,132,44,9,90,115,20,81,110" hai1="100,13,106,124,103,120,33,62,96,10,117,16,102" hai2="52,50,11,45,118,64,60,42,92,85,67,108,123" hai3="74,99,71,73,63,84,83,65,97,114,35,61,58"/><T77/><D115/><U55/><E124/><V31/><F123/><W14/><G114/><T40/><D127/><U30/><E117/><V19/><F108/><W25/><G14/><T49/><D132/><U21/><E120/><V112/><F112/><W91/><G73/><T66/><D110/><U34/><E34/><V111/><F111/><W7/><G7/><T0/><D90/><U135/><E135/><V72/><F72/><W4/><G4/><T46/><D46/><U76/><E76/><V69/><F118/><W86/><G74/><T41/><D41/><U131/><E131/><V37/><F67/><W98/><G86/><T134/><D134/><U18/><E33/><V8/><F31/><W29/><REACH who="3" step="1"/><G97/><REACH who="3" ten="250,250,250,240" step="2"/><T107/><D6/><N who="1" m="3287" /><E96/><V113/><F113/><W128/><G128/><T105/><D0/><U125/><E125/><V15/><F8/><W12/><G12/><T94/><D9/><U104/><E104/><V70/><F85/><W87/><G87/><T26/><D107/><U48/><E106/><V3/><F3/><W1/><G1/><T32/><D105/><U43/><E43/><V122/><F122/><W121/><G121/><T95/><D77/><U68/><E68/><V36/><F70/><W57/><G57/><T129/><D129/><U23/><E62/><V88/><F69/><W53/><AGARI ba="0,1" hai="25,29,35,53,58,61,63,65,71,83,84,91,98,99" machi="53" ten="20,8000,1" yaku="1,1,0,1,7,1,52,1,53,1" doraHai="24" doraHaiUra="54" who="3" fromWho="3" sc="250,-40,250,-20,250,-20,240,90" /><INIT seed="1,0,0,2,1,19" ten="210,230,230,330" oya="1" hai0="20,131,95,105,130,86,26,14,30,39,64,25,112" hai1="117,132,23,9,54,35,91,57,118,88,106,115,44" hai2="119,48,96,21,79,114,51,129,107,77,110,89,74" hai3="50,27,82,102,128,73,6,7,8,31,134,113,94"/><U135/><E35/><V47/><F119/><W42/><G113/><T36/><D112/><U100/><E115/><V116/><F116/><N who="1" m="44649" /><E44/><V49/><F129/><N who="0" m="49162" /><D105/><U103/><E9/><V133/><F133/><N who="1" m="51273" /><E106/><V0/><F0/><W111/><G8/><T46/><D64/><U13/><E103/><V4/><F114/><W58/><G102/><T5/><D46/><U17/><E100/><V33/><F107/><W68/><G68/><T120/><D120/><U63/><AGARI ba="0,0" hai="13,17,23,54,57,63,88,91" m="51273,44649" machi="63" ten="30,6000,0" yaku="20,1,52,1,54,1" doraHai="19" who="1" fromWho="1" sc="210,-20,230,60,230,-20,330,-20" /><INIT seed="1,1,0,2,4,59" ten="190,290,210,310" oya="1" hai0="14,91,122,113,82,99,69,119,24,18,67,12,1" hai1="71,125,68,72,98,48,109,51,43,7,58,13,25" hai2="120,47,115,49,86,74,102,111,70,63,41,131,135" hai3="20,52,90,15,35,78,22,61,28,100,112,81,79"/><U55/><E72/><V64/><F120/><W33/><G112/><T103/><D113/><U134/><E134/><V30/><F74/><W9/><G100/><T0/><D119/><U16/><E125/><V87/><F115/><W118/><G118/><T80/><D122/><U26/><E71/><V117/><F135/><W93/><G35/><T130/><D130/><U107/><E68/><V123/><F123/><W128/><G33/><T39/><D39/><U4/><E107/><V132/><F131/><W124/><G124/><T34/><D12/><U101/><E109/><V110/><F117/><W57/><G128/><T2/><D91/><U11/><E43/><V62/><F132/><W31/><G20/><T116/><D116/><U32/><E48/><V121/><F121/><W77/><G81/><T83/><D67/><U19/><E32/><V133/><F133/><W60/><G60/><T54/><D69/><U21/><E26/><V65/><F30/><W50/><G50/><T104/><D54/><U44/><E44/><V94/><F110/><W88/><G22/><T10/><REACH who="0" step="1"/><D1/><REACH who="0" ten="180,290,210,310" step="2"/><U127/><E127/><V27/><F111/><W96/><G90/><T38/><D38/><U66/><E66/><N who="2" m="25707" /><F70/><W37/><G37/><T36/><D36/><U3/><E3/><V73/><F27/><W29/><G77/><T129/><D129/><U89/><E89/><V106/><F41/><W56/><G56/><T85/><D85/><U8/><E25/><V76/><F76/><W6/><AGARI ba="1,1" hai="6,9,15,28,29,31,52,57,61,78,79,88,93,96" machi="6" ten="30,8000,1" yaku="0,1,8,1,52,1,54,2" doraHai="59" who="3" fromWho="3" sc="180,-21,290,-41,210,-21,310,93" /><INIT seed="2,0,0,2,0,80" ten="159,249,189,403" oya="2" hai0="64,106,115,73,105,0,132,30,44,112,15,28,123" hai1="20,7,67,45,68,98,38,49,92,4,57,108,27" hai2="96,90,22,135,55,46,61,75,103,124,81,126,62" hai3="11,87,25,97,121,109,32,47,95,53,33,104,102"/><V12/><F135/><W63/><G121/><T129/><D123/><U8/><E108/><V94/><F12/><W86/><G109/><T134/><D0/><U13/><E68/><V19/><F19/><W88/><G11/><T42/><D73/><U34/><E38/><V83/><F22/><W122/><G122/><T116/><D64/><U78/><E34/><V17/><F17/><W41/><G25/><T70/><D70/><U66/><E78/><V56/><F46/><W37/><G53/><T119/><D15/><U111/><E57/><V59/><F75/><W107/><G107/><N who="0" m="40971" /><D129/><U10/><E111/><V26/><F26/><W5/><G5/><T133/><D44/><U51/><E51/><V127/><REACH who="2" step="1"/><F103/><REACH who="2" ten="159,249,179,403" step="2"/><W128/><G128/><T52/><D42/><N who="1" m="24759" /><E8/><V9/><F9/><W100/><G102/><T60/><D112/><U23/><E4/><V99/><F99/><W125/><G125/><T84/><D115/><U54/><E20/><V18/><F18/><W36/><G36/><T77/><D116/><U48/><E23/><V74/><F74/><W3/><G3/><T58/><D119/><U85/><E27/><V69/><F69/><W118/><G118/><T93/><D77/><U40/><E40/><V2/><F2/><W35/><G86/><T82/><D82/><U131/><E85/><V24/><F24/><W16/><G16/><T91/><AGARI ba="0,1" hai="28,30,52,58,60,84,91,93,132,133,134" m="40971" machi="91" ten="40,5200,0" yaku="20,1,52,1,54,1" doraHai="80" who="0" fromWho="0" sc="159,62,249,-13,179,-26,403,-13" /><INIT seed="3,0,0,1,5,92" ten="221,236,153,390" oya="3" hai0="11,105,8,14,52,23,88,20,40,106,132,65,66" hai1="85,76,15,21,71,44,61,83,78,50,112,55,95" hai2="98,22,127,48,49,69,18,110,62,102,104,53,93" hai3="5,42,75,96,60,108,6,37,33,90,131,114,67"/><W97/><G114/><T116/><D116/><U10/><E112/><V82/><F110/><W119/><G75/><T26/><D132/><U126/><E126/><V54/><F127/><W64/><G33/><T123/><D123/><U41/><E21/><V99/><F82/><W29/><G42/><T9/><D40/><U129/><E129/><V30/><F30/><W38/><G90/><T45/><D106/><U31/><E31/><V0/><F0/><W36/><G29/><N who="0" m="17607" /><D105/><U125/><E125/><V84/><F84/><W39/><G60/><T100/><D100/><U34/><E34/><V79/><F79/><W32/><G97/><T91/><D52/><U128/><E128/><V68/><F68/><W7/><G96/><T58/><D45/><U109/><E109/><V12/><F69/><W27/><G36/><T51/><D51/><U86/><E71/><V25/><F12/><W73/><G73/><T134/><D134/><U74/><E95/><V43/><F43/><W117/><G108/><T101/><D101/><U13/><E13/><V19/><F19/><W17/><G131/><T28/><D28/><U94/><E94/><V124/><F124/><W115/><G32/><T120/><D120/><U111/><E111/><V4/><F4/><W63/><G115/><T2/><D2/><U121/><E121/><V46/><F62/><W16/><G63/><N who="0" m="38135" /><D66/><N who="3" m="25129" /><G27/><T118/><D118/><AGARI ba="0,0" hai="5,6,7,16,17,37,38,39,117,118,119" m="25129" machi="118" ten="40,7700,0" yaku="28,2,54,1" doraHai="92" who="3" fromWho="0" sc="221,-77,236,0,153,0,390,77" owari="144,-35.6,236,3.6,153,-24.7,467,56.7" /></mjloggm>