<mjloggm ver="2.3"><GO type="225" lobby="0"/><UN n0="%E5%AE%AE%E4%BF%9D%E9%B6%8F%E8%82%89" n1="%72%65%6E%6B%75%6E" n2="%E3%83%A9%E3%82%A4%E3%83%B3%E3%81%AE%E8%99%8E" n3="%E6%81%A5%E6%99%92%E3%81%97" dan="16,17,16,16" rate="2082.31,2243.58,2136.29,2204.64" sx="M,M,M,M"/><TAIKYOKU oya="0"/><INIT seed="0,0,0,4,2,59" ten="250,250,250,250" oya="0" hai0="20,13,100,107,90,0,69,92,120,96,27,12,72" hai1="68,77,22,10,49,94,53,135,115,64,74,19,73" hai2="7,125,66,124,15,39,26,132,134,65,133,97,113" hai3="128,55,110,130,56,48,31,86,33,81,102,106,21"/><T95/><D120/><U35/><E35/><V34/><F39/><W58/><G33/><T60/><D0/><U38/><E38/><V104/><F104/><W4/><G110/><T50/><D72/><U121/><E121/><V47/><F97/><W119/><G119/><T9/><D50/><U51/><E135/><V93/><F93/><W8/><G106/><T123/><D123/><U6/><E94/><V108/><F47/><W122/><G102/><T43/><D43/><U16/><E115/><V129/><F66/><W127/><G122/><T101/><D101/><U5/><E19/><V105/><F105/><W25/><G127/><N who="2" m="48713" /><F65/><W111/><G111/><T32/><D32/><U28/><E28/><N who="2" m="19735" /><F108/><W1/><REACH who="3" step="1"/><G58/><REACH who="3" ten="250,250,250,240" step="2"/><T57/><D107/><U45/><E68/><V11/><F113/><W82/><G82/><T29/><D69/><U17/><E73/><V37/><F37/><W30/><G30/><T23/><D100/><U87/><E74/><V78/><F78/><AGARI ba="0,1" hai="1,4,8,21,25,31,48,55,56,78,81,86,128,130" machi="78" ten="40,1300,0" yaku="1,1,53,0" doraHai="59" doraHaiUra="61" who="3" fromWho="2" sc="250,0,250,0,250,-13,240,23" /><INIT seed="1,0,0,5,4,18" ten="250,250,237,263" oya="1" hai0="120,124,5,50,117,46,126,118,81,129,69,47,57" hai1="27,109,83,122,8,31,29,66,76,72,106,53,90" hai2="119,48,75,93,52,73,20,43,113,112,7,121,94" hai3="103,40,36,56,59,132,91,104,4,100,54,24,9"/><U82/><E122/><V68/><F119/><N who="0" m="45578" /><D5/><U34/><E106/><V60/><F121/><W55/><G132/><T105/><D81/><U99/><E31/><V125/><F7/><W39/><G104/><T116/><N who="0" m="45586" /><T3/><DORA hai="22" /><D3/><U0/><E66/><N who="2" m="41031" /><F43/><W67/><G67/><T102/><D102/><U42/><E42/><V26/><F125/><N who="0" m="48234" /><D105/><U12/><E0/><V74/><F93/><W95/><G36/><T71/><D120/><U80/><E53/><V133/><F94/><W32/><G54/><N who="0" m="31959" /><D129/><U79/><E90/><V101/><F101/><W111/><G100/><T38/><D38/><U123/><E123/><V2/><F2/><W78/><G103/><T19/><D19/><U115/><E79/><V96/><F96/><W107/><G78/><T21/><D21/><U15/><E99/><V28/><F133/><W114/><G107/><T45/><AGARI ba="0,0" hai="45,46,47,69,71" m="31959,48234,45586" machi="45" ten="50,6400,0" yaku="18,1,34,2" doraHai="18,22" who="0" fromWho="0" sc="250,64,250,-32,237,-16,263,-16" /><INIT seed="2,0,0,4,3,31" ten="314,218,221,247" oya="2" hai0="48,58,62,19,50,94,56,32,107,1,106,104,73" hai1="52,42,18,118,57,65,108,91,3,86,95,53,120" hai2="68,80,43,67,81,92,46,82,99,133,134,20,87" hai3="23,29,10,45,72,33,103,54,12,115,111,116,96"/><V4/><F4/><W61/><G116/><T17/><D73/><U25/><E118/><V100/><F20/><W126/><G72/><T9/><D32/><U26/><E3/><V40/><F40/><W110/><G126/><T131/><D131/><U97/><E108/><V119/><F119/><W64/><G115/><T11/><D94/><N who="1" m="54647" /><E120/><V127/><F127/><W69/><G23/><T35/><D35/><U129/><E42/><V84/><F67/><W66/><G66/><T122/><D62/><N who="1" m="38095" /><E129/><V105/><F68/><W89/><G89/><T79/><D79/><U135/><E135/><N who="2" m="51723" /><F105/><N who="3" m="63719" /><G54/><N who="1" m="21098" /><E18/><V130/><F130/><W125/><G45/><T63/><D106/><U7/><E7/><V39/><AGARI ba="0,0" hai="39,43,46,80,81,82,84,87,92,99,100" m="51723" machi="39" ten="30,1500,0" yaku="20,1" doraHai="31" who="2" fromWho="2" sc="314,-5,218,-5,221,15,247,-5" /><INIT seed="2,1,0,4,0,86" ten="309,213,236,242" oya="2" hai0="19,98,124,114,121,59,20,130,51,16,15,27,63" hai1="113,43,92,122,70,88,34,44,32,84,128,40,18" hai2="37,109,28,49,120,21,7,9,101,67,31,25,55" hai3="50,125,85,87,2,110,119,132,111,73,45,62,89"/><V0/><F37/><W103/><G119/><T13/><D121/><U23/><E113/><V96/><F120/><W6/><G73/><T17/><D114/><U33/><E122/><V131/><F131/><W75/><G75/><T14/><D124/><U82/><E128/><V64/><F28/><W69/><G125/><T78/><D130/><U112/><E112/><V39/><F39/><W3/><G132/><T77/><D51/><U94/><E70/><V93/><REACH who="2" step="1"/><F109/><REACH who="2" ten="309,213,226,242" step="2"/><W41/><G110/><T118/><D118/><U72/><E72/><V36/><F36/><W91/><G111/><T12/><D98/><U123/><E123/><V5/><F5/><W47/><G6/><T58/><D17/><U26/><REACH who="1" step="1"/><E40/><REACH who="1" ten="309,203,226,242" step="2"/><V54/><F54/><W11/><G41/><T46/><D19/><U83/><E83/><V48/><F48/><AGARI ba="1,2" hai="18,23,26,32,33,34,43,44,48,82,84,88,92,94" machi="48" ten="40,5200,0" yaku="1,1,52,1,54,1,53,0" doraHai="86" doraHaiUra="115" who="1" fromWho="2" sc="309,0,203,75,226,-55,242,0" /><INIT seed="3,0,0,0,1,20" ten="309,278,171,242" oya="3" hai0="128,21,31,82,48,74,3,22,52,118,62,98,24" hai1="58,113,122,75,39,83,60,16,44,64,89,14,36" hai2="0,34,66,92,9,109,84,126,134,133,12,104,68" hai3="91,110,2,61,120,65,56,1,102,87,63,108,46"/><W103/><G120/><T85/><D118/><U6/><E113/><V121/><F104/><W30/><G46/><T40/><D3/><U112/><E112/><V80/><F121/><W41/><G41/><T42/><D74/><U81/><E122/><V7/><F109/><N who="3" m="42091" /><G63/><T47/><D128/><U101/><E101/><N who="3" m="38410" /><G30/><T73/><D73/><U25/><E6/><V88/><F126/><W79/><G79/><N who="0" m="46303" /><D98/><U26/><E44/><V43/><F43/><N who="0" m="16426" /><D21/><N who="1" m="11415" /><E75/><V86/><F34/><W115/><G115/><T49/><D49/><U51/><E39/><V111/><F111/><W38/><G38/><T116/><D116/><U96/><E36/><V23/><F68/><W123/><G123/><T71/><D71/><U78/><E51/><V93/><F66/><W27/><G27/><N who="1" m="10250" /><E78/><V50/><F50/><W99/><G99/><T105/><D105/><U57/><E57/><V117/><F117/><W18/><G18/><T55/><D55/><U100/><E100/><V28/><F28/><W13/><G13/><T67/><D67/><U5/><E5/><V125/><F12/><W130/><G130/><T59/><D62/><U129/><E129/><V37/><F37/><W127/><G127/><T35/><D35/><U29/><E29/><V94/><F125/><W8/><G2/><T11/><D11/><U69/><E69/><V10/><F23/><W54/><G1/><T119/><D119/><U106/><E106/><V33/><F33/><W114/><G114/><T77/><D77/><U131/><E131/><V76/><F10/><W45/><G8/><T19/><D31/><U32/><E32/><RYUUKYOKU ba="0,0" sc="309,10,278,10,171,10,242,-30" hai0="19,22,24,47,48,52,59" hai1="58,60,64,81,83,89,96" hai2="0,7,9,76,80,84,86,88,92,93,94,133,134" owari="319,41.9,288,8.8,181,-31.9,212,-18.8" /></mjloggm>