<mjloggm ver="2.3"><GO type="225" lobby="0"/><UN n0="%6D%61%74%69%67%75%73%61" n1="%E3%82%B7%E3%83%88%E3%83%AD%E3%82%A8%E3%83%B3%E3%81%AE%E5%AD%A4%E7%8B%AC" n2="%E8%A8%88%E7%AE%97%E6%A9%9F%E8%87%AA%E7%84%B6" n3="%E5%8D%A0%E3%81%84%E5%B8%AB%E8%A3%8F%E3%81%AA%E3%81%84%E3%81%97" dan="17,16,17,17" rate="2117.14,2145.12,2124.09,2256.34" sx="M,F,M,M"/><TAIKYOKU oya="0"/><INIT seed="0,0,0,3,5,52" ten="250,250,250,250" oya="0" hai0="103,82,8,97,17,119,11,122,53,48,87,40,25" hai1="95,98,34,75,77,24,55,20,83,63,125,73,68" hai2="30,50,113,18,4,86,56,60,43,128,106,85,104" hai3="116,79,101,133,96,64,35,93,3,123,36,90,5"/><T19/><D119/><U39/><E34/><V78/><F113/><W59/><G116/><T27/><D40/><U69/><E39/><V111/><F111/><W134/><G36/><T135/><D135/><N who="3" m="51721" /><G35/><T41/><D41/><U31/><E125/><V7/><F30/><W29/><G123/><T130/><D130/><U114/><E114/><V89/><F106/><W110/><G29/><T108/><D122/><U44/><E75/><V105/><F104/><W129/><G129/><T72/><D72/><U131/><E131/><V81/><F105/><W21/><G79/><T10/><D108/><U47/><E69/><V91/><F18/><N who="0" m="6666" /><D97/><U45/><E68/><V33/><F33/><W54/><G21/><T132/><D103/><U121/><E121/><V6/><F128/><W26/><G26/><T120/><D120/><U23/><E23/><V61/><F78/><W80/><G110/><T124/><D124/><U28/><E28/><V100/><F100/><W117/><G117/><T118/><D118/><U49/><REACH who="1" step="1"/><E63/><REACH who="1" ten="250,240,250,250" step="2"/><V62/><F60/><N who="3" m="35959" /><G64/><T46/><D132/><U22/><E22/><V14/><F61/><W37/><G37/><T16/><D25/><U99/><E99/><V107/><F62/><W71/><G71/><T58/><D27/><U92/><E92/><V15/><F107/><W94/><G94/><T13/><D46/><U42/><E42/><V65/><F65/><W0/><G5/><T115/><D115/><U38/><E38/><V127/><F127/><W51/><G51/><T32/><D32/><U109/><E109/><V112/><F112/><W2/><G101/><AGARI ba="0,1" hai="20,24,31,44,45,47,49,55,73,77,83,95,98,101" machi="101" ten="30,3900,0" yaku="1,1,6,1,7,1,53,0" doraHai="52" doraHaiUra="126" who="1" fromWho="3" sc="250,0,240,49,250,0,250,-39" /><INIT seed="1,0,0,1,3,44" ten="250,289,250,211" oya="1" hai0="93,9,110,133,39,59,2,42,25,33,56,0,49" hai1="17,8,31,11,19,87,50,21,36,116,48,32,85" hai2="71,14,63,15,129,130,37,22,94,123,10,79,53" hai3="23,35,27,66,43,7,89,109,113,80,12,92,118"/><U132/><E116/><V26/><F123/><W121/><G113/><T108/><D39/><U97/><E36/><V69/><F37/><W106/><G121/><T131/><D93/><U16/><E132/><V122/><F79/><W18/><G106/><T81/><D81/><U24/><E97/><V91/><F14/><W95/><G118/><T90/><D90/><U111/><E111/><N who="0" m="42537" /><D131/><N who="2" m="50186" /><F53/><W83/><G109/><T102/><D102/><U112/><E112/><V3/><F3/><N who="0" m="1066" /><D9/><N who="1" m="3659" /><E32/><V57/><F122/><W99/><G7/><T115/><D115/><U119/><E119/><V107/><F107/><W46/><G66/><T105/><D133/><U114/><E114/><V134/><F134/><W75/><G75/><T103/><D105/><U98/><E98/><N who="2" m="57695" /><F57/><W88/><G35/><T30/><D103/><U72/><E72/><V6/><F63/><W76/><G76/><T74/><D74/><U28/><E28/><AGARI ba="0,0" hai="6,10,15,22,26,28,69,71" m="57695,50186" machi="28" ten="30,1000,0" yaku="19,1" doraHai="44" who="2" fromWho="1" sc="250,0,289,-10,250,10,211,0" /><INIT seed="2,0,0,3,4,36" ten="250,279,260,211" oya="2" hai0="117,31,22,74,65,132,39,102,33,128,125,34,46" hai1="135,32,111,82,37,52,13,42,17,89,8,85,45" hai2="107,25,134,118,29,70,53,58,57,133,131,83,14" hai3="130,115,30,2,91,5,98,59,51,88,123,109,9"/><V122/><F118/><W24/><G123/><T110/><D74/><U49/><E111/><V113/><F113/><W18/><G109/><T38/><D102/><U55/><E135/><N who="2" m="51723" /><F70/><W77/><G130/><T41/><D132/><U56/><E32/><N who="2" m="20527" /><F107/><W86/><G115/><T63/><D110/><U21/><REACH who="1" step="1"/><E55/><REACH who="1" ten="250,269,260,211" step="2"/><V101/><F53/><W84/><G77/><T40/><D33/><U20/><AGARI ba="0,1" hai="8,13,17,20,21,37,42,45,49,52,56,82,85,89" machi="20" ten="30,8000,1" yaku="1,1,2,1,0,1,52,1,54,1,53,0" doraHai="36" doraHaiUra="26" who="1" fromWho="1" sc="250,-20,269,90,260,-40,211,-20" /><INIT seed="3,0,0,5,1,19" ten="230,359,220,191" oya="3" hai0="25,79,31,72,76,39,8,113,92,24,93,38,43" hai1="89,105,34,94,37,97,22,32,116,29,70,85,82" hai2="115,17,62,20,16,27,121,83,131,112,21,5,12" hai3="11,56,4,55,50,13,61,41,10,95,80,36,106"/><W103/><G106/><T134/><D43/><U45/><E70/><V40/><F40/><W99/><G36/><T33/><D8/><U9/><E116/><V65/><F131/><W64/><G41/><T23/><D134/><U60/><E37/><V47/><F47/><W101/><G11/><T122/><D122/><U53/><E105/><V6/><F121/><W135/><G135/><T63/><D63/><U30/><E9/><V68/><REACH who="2" step="1"/><F83/><REACH who="2" ten="230,359,210,191" step="2"/><W14/><G80/><T28/><D38/><U78/><E45/><V71/><F71/><W118/><G118/><T126/><D39/><U104/><E82/><V98/><F98/><W91/><REACH who="3" step="1"/><G13/><REACH who="3" ten="230,359,210,181" step="2"/><T35/><D76/><U125/><E104/><V100/><F100/><W133/><G133/><T57/><D79/><U129/><E129/><V128/><F128/><W15/><G15/><T74/><D93/><U86/><E94/><V26/><F26/><W2/><G2/><T48/><D92/><U67/><E125/><V58/><F58/><AGARI ba="0,2" hai="4,10,14,50,55,56,58,61,64,91,95,99,101,103" machi="58" ten="30,5800,0" yaku="1,1,7,1,8,1,53,0" doraHai="19" doraHaiUra="127" who="3" fromWho="2" sc="230,0,359,0,210,-58,181,78" /><INIT seed="3,1,0,5,0,5" ten="230,359,152,259" oya="3" hai0="43,41,118,123,27,83,6,88,40,24,97,116,37" hai1="9,105,126,85,15,99,44,129,49,94,31,66,53" hai2="0,47,54,112,120,109,96,42,48,133,57,45,52" hai3="29,21,114,119,28,82,68,7,71,26,73,122,36"/><W75/><G114/><T124/><D123/><U60/><E126/><V76/><F0/><W111/><G119/><T117/><D37/><U101/><E129/><V3/><F3/><W72/><G122/><T38/><D38/><U84/><E31/><V89/><F120/><W102/><G36/><T106/><D124/><U134/><E105/><V56/><F112/><W4/><G102/><T8/><D106/><U25/><E25/><V95/><F109/><W98/><G98/><T13/><REACH who="0" step="1"/><D83/><REACH who="0" ten="220,359,152,259" step="2"/><U107/><E107/><V19/><F133/><W93/><G82/><T61/><D61/><U74/><E134/><V100/><F76/><W65/><G93/><AGARI ba="1,1" hai="6,8,13,24,27,40,41,43,88,93,97,116,117,118" machi="93" ten="50,6400,0" yaku="1,1,52,1,54,1,53,0" doraHai="5" doraHaiUra="128" who="0" fromWho="3" sc="220,77,359,0,152,0,259,-67" owari="297,9.7,359,45.9,152,-34.8,192,-20.8" /></mjloggm>