<mjloggm ver="2.3"><GO type="225" lobby="0"/><UN n0="%73%74%61%72%E6%98%9F%E8%BE%B0" n1="%70%68%65%6E%6F%6D%65" n2="%33%74%72%65%65" n3="%E9%BA%BB%E9%9B%80%E5%B0%91%E5%B9%B4" dan="16,16,17,17" rate="2109.91,2196.90,2166.25,2150.99" sx="M,M,F,M"/><TAIKYOKU oya="0"/><INIT seed="0,0,0,3,2,47" ten="250,250,250,250" oya="0" hai0="80,88,30,48,42,1,67,126,107,5,65,28,62" hai1="20,59,97,35,90,93,82,54,2,25,22,122,0" hai2="81,43,31,56,84,121,75,78,99,130,40,24,60" hai3="12,66,131,14,110,61,117,49,44,8,9,105,114"/><T76/><D107/><U68/><E68/><V135/><F121/><W11/><G114/><T16/><D126/><U101/><E122/><V120/><F120/><W17/><G117/><T86/><D1/><U36/><E36/><V37/><F130/><W113/><G113/><T102/><D102/><U13/><E35/><V72/><F135/><W70/><G110/><T123/><D5/><U129/><E13/><V34/><F99/><W103/><G131/><T4/><D4/><U124/><E20/><V134/><F134/><W83/><G83/><T77/><D123/><U106/><E82/><V58/><F58/><W112/><G112/><T19/><D28/><U108/><E108/><V18/><F18/><N who="0" m="6698" /><D30/><U95/><E124/><V87/><F87/><W63/><G63/><T33/><D33/><U125/><E106/><V109/><F109/><W53/><REACH who="3" step="1"/><G17/><REACH who="3" ten="250,250,250,240" step="2"/><T38/><D62/><N who="1" m="36215" /><E129/><V79/><F79/><N who="0" m="30282" /><D38/><U73/><E125/><V96/><F37/><W41/><G41/><T27/><D27/><U57/><E25/><V111/><F111/><W91/><G91/><T98/><D98/><AGARI ba="0,1" hai="8,9,11,12,14,44,49,53,61,66,70,98,103,105" machi="98" ten="40,2600,0" yaku="1,1,52,1,53,0" doraHai="47" doraHaiUra="133" who="3" fromWho="0" sc="250,-26,250,0,250,0,240,36" /><INIT seed="1,0,0,1,3,48" ten="224,250,250,276" oya="1" hai0="45,83,51,111,14,106,3,30,62,98,23,4,39" hai1="77,119,122,104,12,11,76,72,73,123,84,40,91" hai2="28,99,17,25,87,100,124,134,90,114,109,59,42" hai3="63,65,92,107,20,79,46,125,10,117,36,61,5"/><U128/><E119/><V7/><F109/><W50/><G107/><T18/><D111/><U131/><E40/><V16/><F134/><W69/><G117/><T110/><D110/><U21/><E21/><V1/><F124/><W53/><G125/><T132/><D132/><U93/><E12/><V57/><F114/><W60/><G36/><T133/><D133/><U38/><E11/><V47/><F7/><W85/><G20/><T41/><D62/><U113/><E38/><V52/><F1/><W74/><G74/><N who="1" m="28778" /><E104/><V105/><F28/><W86/><G86/><T55/><D30/><U35/><E35/><V96/><F96/><W29/><G29/><T13/><D3/><U97/><E113/><V49/><F25/><W68/><G68/><T75/><D4/><U43/><E43/><V58/><REACH who="2" step="1"/><F42/><REACH who="2" ten="224,250,240,276" step="2"/><W9/><G5/><T71/><D13/><U33/><E97/><V89/><F89/><W108/><G108/><T101/><D71/><U121/><E33/><V127/><F127/><W112/><G112/><T2/><D2/><U27/><E27/><V120/><F120/><W37/><G69/><T115/><D115/><U54/><E54/><V126/><F126/><W102/><G53/><T95/><D55/><U0/><E0/><V67/><F67/><W130/><G65/><T19/><D39/><U116/><E116/><V34/><F34/><W22/><G37/><T103/><D41/><U135/><E135/><V15/><F15/><W56/><G102/><T70/><D101/><U8/><E8/><V66/><F66/><W31/><G10/><N who="0" m="6487" /><D103/><U44/><E122/><RYUUKYOKU ba="0,1" sc="224,-10,250,-10,240,30,276,-10" hai2="16,17,47,49,52,57,58,59,87,90,99,100,105" /><INIT seed="2,1,1,0,1,19" ten="214,240,270,266" oya="2" hai0="125,123,76,94,103,29,75,66,72,59,127,77,30" hai1="57,15,86,48,128,49,118,55,10,132,122,47,7" hai2="95,96,46,67,27,129,90,109,70,45,61,121,34" hai3="64,114,89,42,99,56,82,35,38,100,85,92,81"/><V111/><F121/><W73/><G35/><T33/><D123/><U97/><E122/><V36/><F129/><W124/><G38/><T88/><D103/><U120/><E120/><V106/><F106/><W5/><G42/><T71/><D71/><U117/><E128/><V40/><REACH who="2" step="1"/><F46/><REACH who="2" ten="214,240,260,266" step="2"/><W51/><G114/><T102/><D125/><U130/><E130/><V22/><F22/><W54/><G124/><T3/><D127/><U93/><E132/><V20/><F20/><W65/><G73/><T135/><D135/><U11/><E11/><V21/><F21/><W69/><G69/><T113/><D113/><U37/><E37/><V105/><F105/><W24/><G24/><T32/><D72/><U108/><E108/><V83/><F83/><N who="3" m="31755" /><G5/><T112/><D75/><U80/><E93/><AGARI ba="1,2" hai="51,54,56,64,65,85,89,92,93,99,100" m="31755" machi="93" ten="30,1000,0" yaku="8,1" doraHai="19" who="3" fromWho="1" sc="214,0,240,-13,260,0,266,33" /><INIT seed="3,0,0,5,3,15" ten="214,227,260,299" oya="3" hai0="129,86,43,47,90,60,127,23,20,0,118,93,41" hai1="96,98,119,49,56,78,14,17,85,79,1,116,58" hai2="76,50,68,57,124,123,70,117,72,135,51,69,33" hai3="10,109,133,71,81,66,44,26,132,63,53,46,104"/><W107/><G109/><T111/><D118/><N who="1" m="45099" /><E1/><V106/><F117/><W80/><G10/><T48/><D111/><U16/><E17/><V125/><F106/><N who="3" m="40491" /><G26/><T89/><D129/><U52/><E56/><V75/><F33/><W38/><G53/><T24/><D127/><U83/><E79/><V113/><F76/><W28/><G28/><T4/><D41/><U112/><E112/><V29/><F69/><W120/><G120/><T40/><D40/><U25/><E25/><V102/><F29/><W59/><G59/><T87/><D60/><U7/><E7/><V121/><F57/><W94/><G94/><T91/><D0/><U12/><E12/><V34/><F123/><W95/><G95/><N who="0" m="54711" /><D4/><U36/><E36/><V101/><F121/><W55/><G55/><T126/><D126/><U82/><E82/><N who="3" m="31850" /><G38/><T73/><D73/><U61/><E61/><V100/><F75/><W6/><G6/><T62/><D62/><U64/><E64/><V134/><F72/><W42/><G42/><T122/><D122/><U97/><E98/><V45/><F125/><W3/><G3/><T19/><D90/><U32/><E32/><V22/><F34/><W115/><G115/><T74/><D74/><U30/><E30/><V35/><F35/><W65/><G65/><T31/><D31/><U77/><E78/><V108/><F113/><W27/><G27/><T8/><D24/><U54/><E54/><V39/><F124/><W18/><G18/><T128/><D128/><U110/><E110/><V67/><F108/><W99/><G99/><N who="1" m="37962" /><E16/><V88/><F39/><W131/><G131/><RYUUKYOKU ba="0,0" sc="214,10,227,10,260,-30,299,10" hai0="8,19,20,23,43,47,48,87,91,93" hai1="14,49,52,58,77,83,85" hai3="44,46,63,66,71,132,133" owari="224,-27.6,237,3.7,230,-17.0,309,40.9" /></mjloggm>