<mjloggm ver="2.3"><GO type="225" lobby="0"/><UN n0="%E6%B4%BE%E9%81%A3%E3%81%AE%E3%82%B8%E3%83%A3%E3%83%83%E3%82%AF" n1="%E3%81%8B%E3%82%8F%E3%81%A1%E3%82%83%E3%82%93%35%38" n2="%E6%B8%A9%E2%98%85%E6%83%85%E2%98%85%E6%8E%AA%E2%98%85%E7%BD%AE" n3="%6C%61%6D%62" dan="17,16,17,16" rate="2212.15,2145.82,2173.45,2244.17" sx="M,M,M,M"/><TAIKYOKU oya="0"/><INIT seed="0,0,0,4,4,2" ten="250,250,250,250" oya="0" hai0="27,30,96,131,66,98,58,94,60,64,75,55,128" hai1="101,76,114,36,24,112,6,109,92,70,38,108,115" hai2="18,68,125,57,40,81,35,88,78,20,48,79,16" hai3="93,120,15,126,90,102,106,74,133,25,135,39,111"/><T73/><D73/><U107/><E70/><V121/><F68/><W122/><G39/><N who="1" m="14890" /><E107/><V97/><F35/><W95/><G25/><T59/><D75/><U71/><E71/><V84/><F121/><N who="3" m="46699" /><G15/><T53/><D27/><U127/><E127/><V47/><F125/><W28/><G28/><T14/><D14/><U23/><E76/><N who="2" m="29227" /><F97/><N who="0" m="37482" /><D94/><U117/><E92/><V89/><F89/><W17/><G17/><N who="2" m="6761" /><F57/><N who="0" m="21514" /><D60/><U31/><E101/><V21/><AGARI ba="0,0" hai="20,21,40,47,48,81,84,88" m="6761,29227" machi="21" ten="30,4000,0" yaku="8,1,54,2" doraHai="2" who="2" fromWho="2" sc="250,-20,250,-10,250,40,250,-10" /><INIT seed="1,0,0,1,3,19" ten="230,240,290,240" oya="1" hai0="84,116,92,80,25,68,6,115,101,49,20,88,36" hai1="118,127,47,103,113,29,10,18,124,33,117,35,16" hai2="109,119,43,39,64,46,76,23,94,81,67,40,60" hai3="120,77,34,125,74,100,86,131,52,53,62,135,26"/><U90/><E103/><V61/><F119/><N who="1" m="45577" /><E90/><V78/><F109/><W71/><G120/><T14/><D116/><U89/><E89/><V24/><F43/><W11/><G125/><N who="1" m="48202" /><E47/><V30/><F94/><W110/><G131/><T133/><D115/><U55/><E55/><V85/><REACH who="2" step="1"/><F78/><REACH who="2" ten="230,240,280,240" step="2"/><W128/><G77/><T31/><D92/><U134/><E113/><V28/><F28/><W82/><G110/><T121/><D121/><U56/><E134/><V57/><F57/><W59/><G135/><T126/><D133/><U37/><E37/><V91/><F91/><W87/><G59/><T45/><D126/><U112/><E112/><V22/><F22/><W111/><G111/><T54/><D36/><U7/><E56/><V65/><AGARI ba="0,1" hai="23,24,30,39,40,46,60,61,64,65,67,76,81,85" machi="65" ten="30,4000,0" yaku="1,1,0,1,52,1,53,0" doraHai="19" doraHaiUra="104" who="2" fromWho="2" sc="230,-10,240,-20,280,50,240,-10" /><INIT seed="2,0,0,4,0,54" ten="220,220,330,230" oya="2" hai0="51,96,99,125,59,77,2,61,64,41,117,26,86" hai1="9,33,81,52,120,74,93,30,133,129,71,10,75" hai2="63,13,17,14,66,19,25,115,37,83,72,8,38" hai3="31,11,50,47,29,128,68,90,53,134,91,121,57"/><V49/><F115/><W89/><G121/><T44/><D2/><U62/><E120/><V69/><F25/><W103/><G128/><T16/><D125/><U40/><E40/><V119/><F119/><W7/><G134/><T106/><D106/><U42/><E42/><V79/><REACH who="2" step="1"/><F49/><REACH who="2" ten="220,220,320,230" step="2"/><W87/><G68/><T112/><D112/><U100/><E71/><V124/><F124/><W67/><G103/><T48/><D117/><U3/><E100/><V104/><F104/><W23/><G29/><T94/><D48/><U34/><E30/><V111/><F111/><W135/><G135/><T105/><D105/><U70/><E70/><V122/><F122/><W0/><G31/><T43/><D43/><U12/><E133/><V132/><F132/><W130/><G130/><T60/><D26/><U32/><E129/><V24/><F24/><W98/><G50/><T95/><D51/><U97/><E33/><V46/><F46/><W21/><G47/><T55/><D41/><U1/><E32/><V36/><F36/><W123/><G123/><T116/><D116/><U101/><E34/><V6/><F6/><W88/><G7/><T27/><D44/><U118/><E118/><V108/><F108/><W131/><G131/><T35/><D35/><U20/><E1/><V126/><F126/><W113/><G0/><T85/><D27/><U78/><E3/><V5/><F5/><W127/><G113/><T73/><D16/><N who="1" m="10247" /><E75/><V107/><F107/><W65/><G127/><T76/><D73/><U84/><E74/><V102/><F102/><W114/><G114/><T82/><D61/><RYUUKYOKU ba="0,1" sc="220,-15,220,15,320,15,230,-15" hai1="9,10,52,62,78,81,84,93,97,101" hai2="8,13,14,17,19,37,38,63,66,69,72,79,83" /><INIT seed="2,1,1,1,4,44" ten="205,235,335,215" oya="2" hai0="77,19,49,47,67,104,118,87,10,106,90,79,74" hai1="37,84,40,114,116,112,63,7,108,57,50,32,109" hai2="72,97,99,54,55,86,125,73,80,127,62,21,1" hai3="113,124,129,132,5,115,53,69,25,41,24,15,20"/><V4/><F21/><W100/><G69/><T107/><D67/><N who="1" m="39407" /><E32/><V83/><F4/><W23/><G124/><N who="2" m="47689" /><F1/><W65/><G65/><T9/><D118/><U8/><E84/><V82/><F86/><W56/><G129/><T78/><D74/><N who="2" m="28778" /><F62/><W102/><G41/><T93/><REACH who="0" step="1"/><D19/><REACH who="0" ten="195,235,335,215" step="2"/><U43/><E116/><V12/><F12/><W39/><G15/><T60/><D60/><U88/><E7/><V0/><F0/><W3/><G5/><T51/><D51/><U6/><E50/><V85/><F85/><W59/><G3/><T48/><D48/><U22/><E6/><V81/><F81/><W135/><G39/><T98/><D98/><AGARI ba="1,2" hai="54,55,80,82,83,97,98,99" m="28778,47689" machi="98" ten="40,7700,0" yaku="28,2,18,1" doraHai="44" who="2" fromWho="0" sc="195,-80,235,0,335,100,215,0" /><INIT seed="2,2,0,4,4,66" ten="115,235,435,215" oya="2" hai0="134,117,104,110,103,59,114,124,41,1,108,63,55" hai1="54,46,61,109,24,53,96,7,35,56,5,101,31" hai2="17,13,76,4,115,43,38,116,84,42,40,6,68" hai3="0,80,106,69,83,131,25,94,23,74,8,126,132"/><V39/><F115/><W30/><G106/><T89/><D1/><U26/><E109/><N who="0" m="42089" /><D114/><U81/><E81/><N who="2" m="47143" /><F68/><W52/><G74/><T3/><D3/><U2/><E2/><V50/><F39/><W88/><G69/><T120/><D120/><U127/><E127/><V11/><F38/><W107/><G107/><T78/><D78/><U133/><E133/><V79/><F116/><W130/><G126/><T135/><D124/><U36/><E26/><V21/><F79/><W82/><G132/><N who="0" m="50731" /><D41/><N who="2" m="15978" /><F11/><W14/><G0/><T57/><D117/><U16/><E36/><V125/><F125/><W73/><G73/><T20/><D20/><U77/><E77/><V91/><F91/><W128/><G52/><N who="0" m="34215" /><D89/><U12/><E35/><V129/><F129/><W98/><REACH who="3" step="1"/><G130/><REACH who="3" ten="115,235,435,205" step="2"/><T100/><D104/><U49/><E31/><V37/><F37/><W29/><G29/><T87/><D87/><U102/><E96/><V27/><F43/><W44/><G44/><T18/><D18/><AGARI ba="2,1" hai="8,14,18,23,25,30,80,82,83,88,94,98,128,131" machi="18" ten="40,2600,0" yaku="1,1,54,1,53,0" doraHai="66" doraHaiUra="34" who="3" fromWho="0" sc="115,-32,235,0,435,0,205,42" /><INIT seed="3,0,0,0,2,0" ten="83,235,435,247" oya="3" hai0="20,75,26,59,10,80,125,95,90,98,35,87,46" hai1="18,76,50,23,88,60,78,83,2,17,89,118,58" hai2="126,116,30,64,81,113,68,6,42,14,72,130,120" hai3="106,117,65,92,54,133,19,16,15,77,8,53,114"/><W86/><G114/><T12/><D125/><U103/><E2/><V124/><F116/><W36/><G117/><T128/><D128/><U97/><E118/><V48/><F130/><W66/><G106/><T96/><D35/><U9/><E50/><V13/><F113/><W41/><G133/><T38/><D38/><U69/><E69/><V49/><F30/><W7/><G36/><T43/><D75/><U91/><E9/><N who="2" m="4279" /><F14/><W39/><G41/><T100/><D98/><U22/><E22/><V67/><F120/><W25/><G39/><T52/><D43/><U28/><E28/><V85/><F72/><W11/><G25/><T47/><D20/><U57/><E57/><V45/><F49/><W107/><G107/><T129/><D26/><U115/><E115/><V82/><F82/><N who="3" m="47439" /><G92/><T24/><D24/><N who="1" m="14447" /><E18/><N who="3" m="6698" /><G11/><T121/><D121/><U112/><E112/><V135/><F135/><W108/><G108/><T70/><D70/><U1/><E1/><V131/><F131/><W109/><G109/><T27/><D27/><U99/><E83/><V5/><F68/><W44/><G44/><T84/><D84/><U111/><E111/><V40/><F40/><W134/><G134/><T62/><REACH who="0" step="1"/><D129/><REACH who="0" ten="73,235,435,247" step="2"/><U79/><E103/><V122/><F122/><W29/><G29/><T63/><D63/><U3/><E3/><V94/><F94/><W105/><G105/><T74/><D74/><U123/><E123/><V33/><F126/><W132/><G132/><T51/><D51/><U21/><E21/><V56/><F45/><W110/><G110/><T119/><D119/><U73/><E73/><RYUUKYOKU ba="0,1" sc="73,10,235,10,435,-30,247,10" hai0="10,12,46,47,52,59,62,80,87,90,95,96,100" hai1="58,60,76,78,79,88,89,91,97,99" hai3="7,8,15,53,54,65,66" /><INIT seed="3,1,1,4,4,52" ten="83,245,405,257" oya="3" hai0="28,123,54,97,80,66,110,44,19,125,63,109,16" hai1="9,135,93,20,37,114,14,11,41,96,61,84,17" hai2="15,23,78,130,48,22,99,132,115,119,12,56,131" hai3="91,40,1,47,64,60,8,30,83,133,13,34,69"/><W25/><G133/><T42/><D123/><U128/><E114/><V88/><F119/><W50/><G1/><T49/><D125/><U3/><E3/><V73/><F115/><W65/><G65/><T62/><D28/><U74/><E74/><V85/><F99/><W10/><G91/><T24/><D80/><U112/><E112/><V86/><F132/><W121/><G121/><T58/><D97/><U7/><E37/><V129/><F73/><W120/><G120/><T127/><D127/><U21/><E135/><V122/><F122/><W81/><REACH who="3" step="1"/><G10/><REACH who="3" ten="83,245,405,247" step="2"/><T116/><D116/><U18/><E128/><V46/><F88/><W90/><G90/><T79/><D79/><U70/><E11/><V35/><F78/><W71/><G71/><T111/><REACH who="0" step="1"/><D24/><REACH who="0" ten="73,245,405,247" step="2"/><U33/><E96/><V5/><F130/><W67/><G67/><T57/><AGARI ba="1,3" hai="16,19,42,44,49,54,57,58,62,63,66,109,110,111" machi="57" ten="40,12000,2" yaku="1,1,2,1,0,1,14,1,52,2,54,1,53,0" doraHai="52" doraHaiUra="77" who="0" fromWho="0" sc="73,153,245,-31,405,-31,247,-61" owari="226,2.6,214,-18.6,374,47.4,186,-31.4" /></mjloggm>