<mjloggm ver="2.3"><GO type="225" lobby="0"/><UN n0="%E6%98%93%E5%88%A9%E8%96%A9%E4%BC%AF" n1="%E7%B4%94%E6%BD%94%E3%83%94%E3%83%A9%E3%83%8B%E3%82%A2" n2="%2D%E8%B1%8A%E5%8F%A3%E3%82%81%E3%81%90%E3%81%BF%2D" n3="%4C%4F%4C%49%54%41" dan="17,16,17,16" rate="2130.47,2134.80,2167.52,2119.06" sx="F,M,F,F"/><TAIKYOKU oya="0"/><INIT seed="0,0,0,0,0,105" ten="250,250,250,250" oya="0" hai0="69,112,30,41,68,75,123,116,54,48,3,73,50" hai1="61,11,39,85,17,63,13,40,66,0,19,97,132" hai2="26,20,34,133,33,106,126,29,21,43,80,96,72" hai3="77,114,24,128,104,47,9,7,53,12,10,58,2"/><T74/><D112/><U45/><E132/><V88/><F133/><W129/><G104/><T113/><D113/><U102/><E0/><V120/><F120/><W84/><G114/><T32/><D123/><U65/><E85/><V8/><F126/><W119/><G119/><T46/><D116/><U16/><E97/><V125/><F125/><W23/><G47/><T135/><D3/><U93/><E93/><V4/><F43/><W6/><G77/><T100/><D135/><U92/><E92/><V83/><F21/><W71/><G71/><T14/><D100/><U67/><REACH who="1" step="1"/><E102/><REACH who="1" ten="250,240,250,250" step="2"/><V87/><F96/><W28/><REACH who="3" step="1"/><G84/><REACH who="3" ten="250,240,250,240" step="2"/><T109/><D109/><U5/><AGARI ba="0,2" hai="5,11,13,16,17,19,39,40,45,61,63,65,66,67" machi="5" ten="30,7900,0" yaku="1,1,2,1,0,1,54,1,53,0" doraHai="105" doraHaiUra="91" who="1" fromWho="1" sc="250,-39,240,99,250,-20,240,-20" /><INIT seed="1,0,0,2,0,76" ten="211,339,230,220" oya="1" hai0="55,24,47,89,10,132,69,133,35,54,42,50,45" hai1="116,3,61,65,100,37,72,38,95,71,52,27,102" hai2="114,96,98,56,104,11,48,30,92,73,113,123,109" hai3="99,122,79,112,90,62,32,57,118,106,5,82,67"/><U91/><E3/><V103/><F123/><W8/><G122/><T117/><D117/><U86/><E72/><V80/><F30/><W58/><G112/><N who="2" m="43113" /><F11/><W115/><G115/><T20/><D35/><U25/><E116/><V46/><F56/><W135/><G32/><T26/><D69/><U131/><E131/><V68/><F68/><W21/><G135/><T110/><D110/><U7/><E7/><V77/><F109/><W105/><G21/><T74/><D74/><U36/><E25/><V1/><F1/><W78/><G57/><T53/><D10/><U33/><E27/><V64/><F64/><W39/><G39/><T29/><D26/><U120/><E33/><V6/><F6/><W4/><G4/><T129/><D129/><U2/><E2/><V19/><F19/><W108/><G108/><T93/><REACH who="0" step="1"/><D47/><REACH who="0" ten="201,339,230,220" step="2"/><U14/><E120/><V101/><F48/><W28/><G118/><T125/><D125/><U63/><E14/><V134/><F46/><W49/><G49/><T9/><D9/><U66/><E36/><V31/><F31/><W16/><G8/><T43/><D43/><U41/><E37/><V22/><F22/><W15/><G28/><T13/><D13/><U121/><E121/><V0/><F0/><W107/><G5/><T128/><D128/><U94/><E38/><V44/><F44/><W12/><G12/><T60/><D60/><U17/><E41/><V59/><F59/><W111/><G111/><T18/><D18/><U87/><E17/><V83/><F134/><W126/><G16/><T127/><D127/><U88/><E71/><RYUUKYOKU ba="0,1" sc="201,10,339,10,230,10,220,-30" hai0="20,24,29,42,45,50,53,54,55,89,93,132,133" hai1="52,61,63,65,66,86,87,88,91,94,95,100,102" hai2="73,77,80,83,92,96,98,101,103,104" /><INIT seed="1,1,1,2,1,12" ten="211,349,240,190" oya="1" hai0="130,78,44,47,73,129,71,92,25,51,27,94,3" hai1="123,132,0,59,70,24,54,1,65,33,77,32,113" hai2="95,93,58,7,83,55,5,119,121,74,13,111,99" hai3="9,118,50,34,89,26,100,106,102,90,104,69,10"/><U17/><E113/><V23/><F119/><W82/><G69/><T88/><D71/><U29/><E123/><V81/><F121/><W6/><G118/><T120/><D3/><U87/><E132/><V16/><F111/><W76/><G50/><T39/><D120/><U52/><E54/><V117/><F117/><W66/><G66/><T98/><D39/><U133/><E133/><V134/><F134/><W38/><G38/><T101/><D78/><U96/><E32/><V116/><F116/><W79/><G26/><T62/><D62/><U127/><E65/><V46/><F46/><W72/><G82/><N who="2" m="31241" /><F74/><W115/><G6/><N who="2" m="2057" /><F99/><W86/><G86/><T85/><D73/><U112/><E87/><V53/><F53/><W103/><G72/><T2/><D2/><U19/><E96/><V124/><F124/><W28/><G34/><T30/><D47/><U31/><E70/><V60/><AGARI ba="1,1" hai="13,16,23,55,58,60,93,95" m="2057,31241" machi="60" ten="30,4000,0" yaku="8,1,52,1,54,1" doraHai="12" who="2" fromWho="2" sc="211,-11,349,-21,240,53,190,-11" /><INIT seed="2,0,0,5,2,73" ten="200,328,293,179" oya="2" hai0="108,15,121,9,86,89,29,33,102,106,55,83,72" hai1="104,71,41,8,131,60,20,135,26,97,109,13,113" hai2="77,44,7,32,117,122,133,64,47,48,93,79,52" hai3="28,36,74,119,14,31,3,95,76,75,17,54,115"/><V21/><F117/><W96/><G119/><T129/><D108/><U35/><E113/><V63/><F32/><W1/><G36/><T51/><D129/><U70/><E109/><V87/><F122/><W12/><G115/><T103/><D121/><U118/><E131/><V100/><F133/><W57/><G1/><T42/><D42/><U94/><E104/><V30/><F7/><W78/><G3/><T43/><D43/><U45/><E35/><V62/><F47/><W22/><G75/><T120/><D72/><U110/><E60/><N who="2" m="23083" /><F64/><W107/><G107/><T91/><D106/><U25/><E135/><V81/><F93/><W27/><G74/><T68/><D68/><U66/><E66/><V105/><F100/><N who="3" m="60447" /><G14/><T16/><D120/><U58/><E70/><V82/><F105/><W10/><G28/><T123/><D123/><U101/><E71/><V116/><F116/><W88/><G88/><N who="0" m="51295" /><D29/><U5/><E110/><V34/><F34/><W90/><G90/><N who="0" m="34315" /><D33/><U114/><E114/><V85/><F30/><W69/><G69/><T39/><D39/><U56/><E118/><V128/><F128/><W127/><G127/><T84/><D84/><U111/><E111/><V50/><F21/><W23/><G22/><T126/><D126/><U24/><E20/><V98/><F98/><W53/><G53/><T18/><D18/><U19/><E19/><V37/><F37/><W11/><G11/><T2/><D2/><U124/><E124/><V4/><F4/><W130/><G130/><T40/><D40/><U125/><E125/><V99/><F99/><W134/><G134/><RYUUKYOKU ba="0,0" sc="200,0,328,0,293,0,179,0" hai0="9,15,16,51,55,102,103" hai1="5,8,13,24,25,26,41,45,56,58,94,97,101" hai2="44,48,50,52,77,79,81,82,85,87" hai3="10,12,17,23,27,31,54,57,76,78" /><INIT seed="2,1,0,2,2,27" ten="200,328,293,179" oya="2" hai0="130,112,45,2,65,1,132,131,49,77,39,41,89" hai1="52,54,123,11,98,81,78,120,22,64,35,67,0" hai2="88,121,43,118,17,135,29,109,108,61,26,31,116" hai3="59,5,72,80,84,128,28,56,3,106,91,85,9"/><V97/><F121/><N who="1" m="46665" /><E35/><V32/><F135/><W44/><G106/><T93/><D112/><U10/><E22/><N who="2" m="13647" /><F43/><W50/><G72/><T92/><D77/><U66/><E98/><V51/><F51/><W40/><G128/><N who="0" m="49195" /><D65/><U13/><E0/><N who="0" m="105" /><D132/><U25/><E25/><V73/><F73/><W134/><G134/><T104/><D104/><U119/><E119/><N who="2" m="45611" /><F61/><W21/><G28/><T99/><D93/><U86/><E11/><V55/><F55/><W115/><G21/><T127/><D127/><U122/><N who="1" m="46673" /><U126/><DORA hai="12" /><E126/><V125/><F32/><W100/><G115/><T110/><D110/><N who="2" m="42602" /><F125/><W37/><G37/><AGARI ba="1,0" hai="37,39,41,45,49,89,92,99" m="105,49195" machi="37" ten="30,1000,0" yaku="19,1" doraHai="27,12" who="0" fromWho="3" sc="200,13,328,0,293,0,179,-13" /><INIT seed="3,0,0,0,4,68" ten="213,328,293,166" oya="3" hai0="34,91,123,46,55,70,92,117,122,125,26,59,52" hai1="13,7,47,87,41,98,135,45,115,10,64,72,89" hai2="22,66,6,99,124,111,112,62,43,119,88,86,38" hai3="103,28,110,134,36,108,17,23,77,42,96,102,24"/><W9/><G134/><T131/><D70/><U95/><E72/><V113/><F119/><W1/><G77/><T85/><D117/><U15/><E115/><V8/><F111/><N who="3" m="42539" /><G96/><T20/><D34/><U29/><E135/><V63/><F99/><W3/><G17/><T106/><D106/><U97/><E64/><V57/><F124/><W107/><G107/><T90/><D125/><U104/><E104/><V76/><F76/><W56/><G56/><T84/><D46/><N who="1" m="17419" /><E41/><V39/><F43/><W116/><G116/><T118/><D55/><U14/><E29/><V114/><F63/><W5/><G1/><T78/><D78/><U79/><E98/><V49/><F49/><W60/><G60/><T132/><D132/><U37/><E37/><V27/><F88/><W130/><G130/><T40/><D40/><U0/><E0/><V69/><F86/><W81/><G81/><AGARI ba="0,0" hai="7,10,13,14,15,79,81,87,89,95,97" m="17419" machi="81" ten="30,1000,0" yaku="8,1" doraHai="68" who="1" fromWho="3" sc="213,0,328,10,293,0,166,-10" owari="213,-18.7,338,43.8,293,9.3,156,-34.4" /></mjloggm>