<mjloggm ver="2.3"><GO type="225" lobby="0"/><UN n0="%E3%83%96%E3%83%83%E3%83%91%E3%82%AA%E3%83%96%E3%83%81%E3%82%AD%E3%83%B3" n1="%E3%83%81%E3%83%A7%E3%83%99%E3%83%83%E3%82%AF" n2="%E5%85%83%E3%82%AB%E3%83%8E%E7%B3%BB%E3%83%92%E3%83%AD%E3%82%A4%E3%83%B3" n3="%E8%B5%A4%E3%81%84%E8%9B%99%31%31" dan="16,16,16,16" rate="2202.43,2137.69,2209.61,2099.61" sx="M,M,M,M"/><TAIKYOKU oya="0"/><INIT seed="0,0,0,5,0,91" ten="250,250,250,250" oya="0" hai0="46,76,119,104,39,7,127,62,9,133,24,89,10" hai1="81,74,58,57,29,100,132,86,93,31,94,98,64" hai2="67,37,12,124,36,18,55,38,117,135,83,109,102" hai3="14,111,125,49,42,45,116,73,75,53,41,2,20"/><T68/><D119/><U130/><E74/><V101/><F117/><W112/><G112/><T123/><D123/><U21/><E132/><V72/><F135/><W90/><G116/><T77/><D133/><U19/><E130/><V44/><F109/><W97/><G2/><T70/><D104/><U84/><E84/><V107/><F124/><W87/><G125/><T11/><D127/><U69/><E69/><V120/><F120/><W56/><G111/><T134/><D7/><U0/><E0/><V4/><F107/><W113/><G97/><T32/><D134/><U65/><E57/><V121/><F121/><W17/><G113/><T96/><D32/><U6/><E6/><V13/><F67/><N who="1" m="25673" /><E58/><V25/><F44/><W54/><G54/><T50/><D39/><U34/><E34/><V61/><F55/><W106/><G106/><T15/><D62/><U27/><E94/><V30/><F61/><W99/><G99/><T8/><D68/><U88/><AGARI ba="0,0" hai="19,21,27,29,31,81,86,88,93,98,100" m="25673" machi="88" ten="30,4000,0" yaku="8,1,52,1,54,1" doraHai="91" who="1" fromWho="1" sc="250,-20,250,40,250,-10,250,-10" /><INIT seed="1,0,0,3,4,35" ten="230,290,240,240" oya="1" hai0="98,110,42,129,5,118,49,31,51,7,80,30,72" hai1="135,4,15,28,19,134,124,64,60,10,43,90,89" hai2="101,78,24,55,53,96,79,12,54,16,115,77,18" hai3="131,119,68,14,74,85,69,57,125,70,104,37,108"/><U106/><E106/><V112/><F24/><W100/><G74/><T29/><D118/><U32/><E43/><V47/><F47/><W3/><G119/><T1/><D110/><U84/><E124/><V33/><F33/><W120/><G37/><T0/><D129/><U40/><E40/><V87/><F87/><W109/><G120/><T27/><D27/><U6/><E28/><V63/><F63/><W76/><G14/><T23/><D23/><U113/><E32/><V39/><F39/><W95/><G104/><T58/><D98/><U128/><E90/><V38/><F38/><W86/><G131/><T62/><D72/><U107/><E107/><N who="2" m="63911" /><F12/><W25/><G25/><T105/><D105/><U20/><E113/><AGARI ba="0,0" hai="16,18,53,54,55,77,78,79,112,113,115" m="63911" machi="113" ten="40,2600,0" yaku="11,1,54,1" doraHai="35" who="2" fromWho="1" sc="230,0,290,-26,240,26,240,0" /><INIT seed="2,0,0,2,0,91" ten="230,264,266,240" oya="2" hai0="86,127,132,88,0,111,120,63,57,22,43,124,135" hai1="117,6,36,41,126,87,49,56,110,40,99,48,81" hai2="23,45,70,106,3,5,33,31,131,50,97,24,27" hai3="100,102,107,10,125,130,105,34,76,29,103,16,12"/><V118/><F118/><W65/><G130/><T133/><D120/><U92/><E117/><V18/><F70/><W53/><G125/><N who="0" m="48203" /><D0/><U119/><E36/><V54/><F131/><W35/><G65/><T42/><D22/><U28/><E110/><V128/><F128/><W113/><G113/><T58/><D111/><U21/><E6/><V51/><F106/><W64/><G64/><N who="0" m="39023" /><D58/><U83/><E119/><V1/><F97/><W96/><G76/><T90/><D90/><N who="1" m="55703" /><E83/><AGARI ba="0,0" hai="42,43,83,86,88,132,133,135" m="39023,48203" machi="83" ten="40,5200,0" yaku="20,1,18,1,54,1" doraHai="91" who="0" fromWho="1" sc="230,52,264,-52,266,0,240,0" /><INIT seed="3,0,0,2,5,62" ten="282,212,266,240" oya="3" hai0="90,3,26,115,128,94,103,47,25,99,97,55,100" hai1="130,38,98,105,77,48,75,111,109,113,7,123,135" hai2="85,49,28,133,76,15,46,31,80,54,13,18,125" hai3="91,72,2,74,116,131,78,63,14,19,23,69,104"/><W83/><G116/><T44/><D3/><U96/><E38/><V4/><F133/><W57/><G131/><T36/><D128/><U41/><E130/><V59/><F125/><W40/><G104/><T70/><D70/><U79/><E113/><V95/><F4/><W37/><G69/><T64/><D115/><U67/><E123/><V68/><F68/><W0/><G74/><T71/><D71/><U6/><E135/><V81/><F13/><W112/><G112/><T9/><D9/><U129/><E129/><V42/><F95/><W107/><G107/><T108/><D108/><N who="1" m="41547" /><E67/><V92/><F92/><W101/><G101/><N who="0" m="38987" /><D36/><U61/><E61/><V33/><F80/><W51/><G37/><T84/><D64/><U1/><E1/><V10/><REACH who="2" step="1"/><F33/><REACH who="2" ten="282,212,256,240" step="2"/><W52/><G2/><T11/><D94/><U121/><E121/><V30/><F30/><W89/><G0/><T126/><D126/><U35/><E35/><V32/><F32/><W53/><REACH who="3" step="1"/><G40/><REACH who="3" ten="282,212,256,230" step="2"/><T50/><D99/><U24/><E105/><V117/><F117/><W88/><G88/><T118/><D97/><U119/><E119/><V16/><F16/><W56/><AGARI ba="0,2" hai="14,19,23,51,52,53,56,57,63,72,78,83,89,91" machi="56" ten="20,7800,0" yaku="1,1,0,1,7,1,54,1,53,0" doraHai="62" doraHaiUra="43" who="3" fromWho="3" sc="282,-26,212,-26,256,-26,230,98" owari="256,5.6,186,-31.4,230,-17.0,328,42.8" /></mjloggm>