<mjloggm ver="2.3"><GO type="225" lobby="0"/><UN n0="%E5%A4%8F%E9%88%B4%E9%88%B4%E5%A4%8F" n1="%70%68%65%6E%6F%6D%65" n2="%E3%81%A4%E3%81%A3%E3%81%B1%E3%82%8A%E3%83%9D%E3%83%BC%E3%83%AB" n3="%E3%81%BF%E3%81%BF%E3%81%9A" dan="16,16,17,17" rate="2123.65,2144.47,2159.22,2182.83" sx="F,M,M,M"/><TAIKYOKU oya="0"/><INIT seed="0,0,0,3,5,97" ten="250,250,250,250" oya="0" hai0="73,78,114,111,98,126,82,92,109,15,51,74,61" hai1="96,64,16,125,56,99,54,20,58,57,66,59,127" hai2="23,131,80,37,91,14,9,106,129,67,7,27,72" hai3="49,93,71,25,130,8,110,43,1,70,95,86,18"/><T28/><D114/><U75/><E75/><V45/><F106/><W38/><G38/><T81/><D126/><N who="1" m="48139" /><E99/><V118/><F118/><W101/><G110/><N who="0" m="41995" /><D28/><U12/><E96/><V94/><F67/><N who="1" m="25641" /><E58/><V68/><F68/><W39/><G39/><T116/><D61/><AGARI ba="0,0" hai="12,16,20,54,56,57,59,61" m="25641,48139" machi="61" ten="30,2000,0" yaku="18,1,54,1" doraHai="97" who="1" fromWho="0" sc="250,-20,250,20,250,0,250,0" /><INIT seed="1,0,0,0,1,59" ten="230,270,250,250" oya="1" hai0="6,40,102,64,118,1,51,2,66,109,8,106,103" hai1="31,33,108,125,50,89,12,85,60,38,112,11,7" hai2="74,76,110,133,82,0,135,130,68,30,21,93,57" hai3="95,134,67,62,10,23,69,52,75,15,63,24,88"/><U9/><E112/><V34/><F68/><W29/><G75/><T48/><D109/><U123/><E38/><V129/><F0/><W77/><G77/><T37/><D37/><U17/><E123/><V28/><F34/><W115/><G115/><T90/><D118/><U96/><E108/><V54/><F93/><W41/><G41/><T113/><D113/><U104/><E125/><V111/><F111/><W126/><G126/><T20/><D1/><U45/><E33/><V86/><F74/><W4/><G134/><N who="2" m="51209" /><F110/><W107/><G107/><T97/><D102/><U120/><E31/><N who="2" m="11819" /><F21/><W105/><G105/><T58/><D20/><U132/><E132/><V16/><F16/><W49/><G67/><T18/><D18/><U65/><E120/><V43/><F43/><W61/><G69/><T101/><D101/><U27/><E27/><V127/><F127/><W73/><G73/><T119/><D119/><U80/><E104/><V25/><F25/><W131/><G131/><T92/><D51/><AGARI ba="0,0" hai="51,54,57,76,82,86,129,130" m="11819,51209" machi="51" ten="30,1000,0" yaku="20,1" doraHai="59" who="2" fromWho="0" sc="230,-10,270,0,250,10,250,0" /><INIT seed="2,0,0,3,5,75" ten="220,270,260,250" oya="2" hai0="78,22,119,98,106,80,50,47,13,110,12,100,1" hai1="116,113,107,0,81,40,68,83,127,20,26,82,31" hai2="19,104,55,99,76,41,32,3,45,128,91,125,61" hai3="121,89,14,129,122,7,103,123,62,109,126,77,35"/><V135/><F32/><W120/><N who="3" m="30720" /><DORA hai="21" /><W66/><G35/><T84/><D110/><U49/><E113/><V88/><F3/><W93/><G109/><T97/><D119/><U134/><E116/><V33/><F33/><W34/><G34/><T42/><D1/><U5/><E127/><V54/><F125/><W28/><G126/><T69/><D69/><U46/><E134/><V16/><F128/><W74/><G28/><T25/><REACH who="0" step="1"/><D98/><REACH who="0" ten="210,270,260,250" step="2"/><U94/><E68/><V44/><F99/><W73/><G129/><T112/><D112/><U87/><E107/><V17/><F104/><W27/><G103/><T92/><D92/><U63/><E94/><V133/><F133/><W9/><G27/><T36/><D36/><U67/><E0/><V111/><F135/><W53/><G53/><T48/><D48/><U64/><E64/><V124/><F111/><W18/><G66/><T56/><D56/><N who="1" m="37351" /><E5/><V102/><F124/><W101/><G101/><T130/><D130/><U10/><E10/><V39/><F102/><W8/><G62/><T24/><D24/><U131/><E131/><V43/><F61/><W70/><G70/><T4/><D4/><U86/><AGARI ba="0,1" hai="20,26,31,40,46,49,81,82,83,86,87" m="37351" machi="86" ten="30,2000,0" yaku="8,1,52,1" doraHai="75,21" who="1" fromWho="1" sc="210,-5,270,30,260,-10,250,-5" /><INIT seed="3,0,0,2,4,76" ten="205,300,250,245" oya="3" hai0="48,60,127,82,67,84,22,70,30,37,54,32,123" hai1="104,66,34,53,69,118,16,131,35,134,17,124,116" hai2="46,85,108,119,95,125,90,103,99,130,100,19,31" hai3="87,91,129,89,55,71,72,50,80,9,81,3,65"/><W113/><G113/><T102/><D127/><U61/><E124/><V122/><F125/><W56/><G129/><T29/><D123/><U114/><E114/><V45/><F119/><N who="1" m="45609" /><E134/><V51/><F122/><W24/><G24/><T44/><D32/><N who="1" m="12331" /><E131/><V2/><F2/><W83/><G72/><T4/><D4/><U73/><E73/><V92/><F108/><W109/><G109/><T88/><D102/><U121/><E121/><V1/><F103/><W23/><G23/><T13/><REACH who="0" step="1"/><D37/><REACH who="0" ten="195,300,250,245" step="2"/><U101/><E101/><V58/><F130/><W62/><G3/><T18/><AGARI ba="0,1" hai="13,18,22,29,30,44,48,54,60,67,70,82,84,88" machi="18" ten="30,12000,2" yaku="1,1,2,1,0,1,52,1,54,1,53,1" doraHai="76" doraHaiUra="10" who="0" fromWho="0" sc="195,130,300,-30,250,-30,245,-60" owari="325,42.5,270,7.0,220,-18.0,185,-31.5" /></mjloggm>