<mjloggm ver="2.3"><GO type="225" lobby="0"/><UN n0="%E3%81%8B%E3%82%8F%E3%81%A1%E3%82%83%E3%82%93%35%38" n1="%E3%83%A9%E3%82%B9%E7%8E%87%EF%BC%93%E5%89%B2" n2="%E3%83%A9%E3%83%BC%E3%83%A1%E3%83%B3%E4%BA%94%E9%83%8E" n3="%E6%9C%88%E5%B3%B6%E5%9F%BA" dan="16,17,16,17" rate="2140.85,2220.12,2121.26,2199.62" sx="M,F,M,M"/><TAIKYOKU oya="0"/><INIT seed="0,0,0,5,2,72" ten="250,250,250,250" oya="0" hai0="3,71,93,41,33,98,49,38,50,76,75,89,109" hai1="119,46,18,135,51,100,68,28,92,77,66,108,80" hai2="81,122,113,127,54,133,13,61,29,37,59,99,39" hai3="19,23,67,101,70,124,125,9,7,36,47,134,111"/><T24/><D71/><U123/><E119/><V53/><F122/><W65/><G111/><T56/><D109/><U79/><E123/><V82/><F113/><W131/><G131/><T107/><D3/><U20/><E108/><V6/><F127/><N who="3" m="48715" /><G134/><T128/><D128/><U114/><E135/><V94/><F133/><W55/><G101/><T84/><D56/><U10/><E114/><V118/><F29/><W44/><G70/><T58/><D58/><U25/><E66/><N who="3" m="25098" /><G55/><T60/><D60/><U63/><E63/><V40/><F118/><W35/><G36/><T15/><D15/><N who="1" m="7543" /><E80/><V78/><F53/><W48/><G48/><T52/><D52/><N who="1" m="29815" /><E68/><V34/><F82/><W105/><G105/><T4/><D38/><U87/><E87/><V73/><F40/><W69/><G35/><T32/><D32/><U97/><AGARI ba="0,0" hai="20,25,28,77,79,92,97,100" m="29815,7543" machi="97" ten="30,7900,0" yaku="8,1,52,2,54,1" doraHai="72" who="1" fromWho="1" sc="250,-39,250,79,250,-20,250,-20" /><INIT seed="1,0,0,2,2,117" ten="211,329,230,230" oya="1" hai0="52,91,71,33,62,109,97,57,79,81,2,82,94" hai1="30,35,83,1,129,124,134,100,121,28,67,43,42" hai2="128,25,5,96,45,15,20,84,92,123,47,130,55" hai3="40,31,110,58,10,75,86,74,108,49,54,119,34"/><U106/><E1/><V8/><F84/><W85/><G119/><T95/><D109/><N who="3" m="42089" /><G40/><T60/><D2/><U111/><E111/><V50/><F47/><W39/><G39/><T87/><D33/><U0/><E0/><V61/><F61/><W104/><G104/><T66/><REACH who="0" step="1"/><D97/><REACH who="0" ten="201,329,230,230" step="2"/><U72/><E35/><V46/><F96/><W23/><G34/><T107/><D107/><U88/><E106/><V127/><F130/><W89/><G75/><AGARI ba="0,1" hai="52,57,60,62,66,71,75,79,81,82,87,91,94,95" machi="75" ten="30,8000,1" yaku="1,1,7,1,54,1,53,2" doraHai="117" doraHaiUra="59" who="0" fromWho="3" sc="201,90,329,0,230,0,230,-80" /><INIT seed="2,0,0,1,2,92" ten="291,329,230,150" oya="2" hai0="70,43,46,17,123,58,134,51,10,9,32,108,14" hai1="77,48,37,59,2,8,96,56,73,15,91,71,18" hai2="78,109,21,127,95,81,118,85,89,69,68,75,39" hai3="31,86,120,133,106,121,115,6,7,67,66,19,93"/><V26/><F118/><W80/><G106/><T126/><D123/><U55/><E37/><V5/><F127/><W23/><G133/><T112/><D70/><U52/><E71/><V119/><F119/><W124/><G124/><T132/><D112/><U0/><E73/><V117/><F117/><W20/><G115/><T35/><D126/><U88/><E77/><V65/><F39/><W103/><G120/><T114/><D114/><U64/><E64/><V97/><F109/><W53/><G121/><T83/><D108/><U50/><E96/><V129/><F129/><W72/><G72/><T16/><D83/><U125/><E125/><V38/><F38/><W36/><G36/><T98/><D58/><U29/><E29/><V131/><F131/><W3/><G3/><AGARI ba="0,0" hai="0,2,3,8,15,18,48,50,52,55,56,59,88,91" machi="3" ten="40,5200,0" yaku="9,1,54,2" doraHai="92" who="1" fromWho="3" sc="291,0,329,52,230,0,150,-52" /><INIT seed="3,0,0,0,5,116" ten="291,381,230,98" oya="3" hai0="122,1,132,23,100,12,44,110,19,18,93,15,134" hai1="70,49,94,47,67,53,92,117,68,43,88,131,40" hai2="104,26,6,61,118,11,55,27,58,62,80,36,101" hai3="133,35,76,98,103,126,87,0,66,65,109,39,83"/><W64/><G126/><T85/><D110/><U127/><E117/><V16/><F118/><W37/><G109/><T29/><D1/><U123/><E123/><V125/><F36/><W4/><G35/><T24/><D44/><U28/><E127/><V108/><F108/><W2/><G133/><N who="0" m="51307" /><D85/><U56/><E131/><V129/><F129/><W48/><G2/><T57/><D57/><U81/><E28/><V106/><F101/><W13/><G0/><T17/><D122/><U95/><E68/><V33/><F80/><W22/><G48/><T10/><D12/><U135/><E70/><V74/><F74/><W78/><G78/><T72/><D72/><U107/><E107/><V9/><F58/><W20/><G39/><T75/><D75/><U113/><E135/><V14/><F55/><W54/><G37/><T91/><D91/><U77/><E77/><V45/><F45/><W96/><G54/><T90/><D90/><U69/><E69/><V84/><F84/><W111/><G111/><T38/><D38/><U7/><E56/><V119/><F119/><W42/><G42/><T114/><D114/><U8/><E113/><V130/><F130/><W34/><G34/><T102/><D93/><U99/><E67/><V120/><F33/><W63/><G63/><T82/><D82/><U3/><E81/><V21/><F125/><W105/><REACH who="3" step="1"/><G96/><REACH who="3" ten="291,381,230,88" step="2"/><T124/><D124/><U52/><E53/><V97/><F97/><W121/><G121/><T71/><D71/><U115/><E115/><V5/><F120/><W30/><G30/><T112/><D112/><U89/><E99/><RYUUKYOKU ba="0,1" sc="291,10,381,10,230,-30,88,10" hai0="10,15,17,18,19,23,24,29,100,102" hai1="3,7,8,40,43,47,49,52,88,89,92,94,95" hai3="4,13,20,22,64,65,66,76,83,87,98,103,105" /><INIT seed="3,1,1,5,1,24" ten="301,391,200,98" oya="3" hai0="110,87,40,81,103,129,14,80,29,82,31,119,77" hai1="89,44,13,83,106,20,60,111,65,97,86,85,131" hai2="68,92,72,113,93,11,100,76,16,130,47,71,79" hai3="64,37,109,57,15,48,123,21,70,84,98,88,114"/><W112/><G123/><T25/><D119/><U126/><E111/><V19/><F113/><W122/><G122/><T134/><D110/><U75/><E75/><V36/><F72/><W43/><G109/><T101/><D134/><U46/><E131/><V120/><F120/><W90/><G37/><T7/><D129/><U50/><E126/><V135/><F130/><W132/><G132/><T26/><D40/><U95/><E106/><V17/><F135/><W99/><G70/><T9/><D81/><U102/><E86/><V91/><F36/><W94/><G112/><T1/><D1/><U133/><E133/><V107/><F107/><W108/><G114/><T128/><D128/><U12/><E20/><V10/><F47/><N who="3" m="25727" /><G108/><T53/><D53/><U51/><E51/><V41/><F41/><W116/><G116/><T58/><D58/><N who="1" m="37015" /><E46/><V118/><F118/><W4/><G90/><T104/><D104/><U32/><E32/><V78/><F71/><W74/><G74/><T27/><D82/><U39/><E39/><V18/><N who="2" m="4096" /><DORA hai="63" /><V61/><F68/><W115/><G21/><T8/><D8/><U6/><E6/><V67/><F100/><AGARI ba="1,1" hai="7,9,14,25,26,27,29,31,77,80,87,100,101,103" machi="100" ten="40,5200,0" yaku="8,1,52,2" doraHai="24,63" who="0" fromWho="2" sc="301,65,391,0,200,-55,98,0" owari="366,16.6,391,49.1,145,-25.5,98,-40.2" /></mjloggm>