<mjloggm ver="2.3"><GO type="225" lobby="0"/><UN n0="%E3%81%99%E3%81%84%E3%81%BE%E3%81%9B%E3%83%BC%E3%82%93" n1="%E7%99%BD%E5%80%89%E5%AF%9B%E4%B9%8B" n2="%E3%83%81%E3%83%83%E3%82%BF%E3%82%BD%E3%83%BC" n3="%E3%83%96%E3%83%83%E3%83%91%E3%82%AA%E3%83%96%E3%83%81%E3%82%AD%E3%83%B3" dan="18,16,16,16" rate="2255.73,2135.10,2132.79,2135.04" sx="M,M,F,M"/><TAIKYOKU oya="0"/><INIT seed="0,0,0,4,4,46" ten="250,250,250,250" oya="0" hai0="51,16,29,49,8,12,13,110,10,27,120,45,103" hai1="52,14,41,116,129,78,28,133,83,56,132,94,18" hai2="5,36,69,91,87,130,107,63,57,104,121,122,31" hai3="37,90,59,72,61,99,1,76,97,35,88,66,115"/><T108/><D120/><U95/><E41/><V55/><F130/><W80/><G115/><T118/><D103/><U86/><E28/><V89/><F69/><W44/><G1/><T48/><D118/><U30/><E30/><V25/><F36/><W67/><G35/><T82/><D82/><U4/><E4/><V125/><F125/><W77/><G77/><T70/><D70/><U117/><E129/><V79/><F79/><W131/><G131/><T54/><D110/><U71/><E71/><V74/><F74/><W60/><G97/><T22/><D108/><U58/><E58/><V119/><F119/><W40/><REACH who="3" step="1"/><G99/><REACH who="3" ten="250,250,250,240" step="2"/><T92/><D92/><U93/><E117/><V24/><F121/><W113/><G113/><T21/><D21/><U111/><E116/><V135/><F122/><W6/><G6/><AGARI ba="0,1" hai="6,8,10,12,13,16,22,27,29,45,48,49,51,54" machi="6" ten="30,18000,2" yaku="7,1,8,1,52,3,54,1" doraHai="46" who="0" fromWho="3" sc="250,190,250,0,250,0,240,-180" /><INIT seed="0,1,0,1,3,32" ten="440,250,250,60" oya="0" hai0="11,87,16,130,120,85,36,18,94,59,102,91,29" hai1="116,44,117,8,28,9,64,79,23,131,77,74,105" hai2="39,24,81,69,133,111,89,10,123,71,72,25,14" hai3="119,50,56,55,41,17,78,108,99,62,38,33,26"/><T104/><D120/><U134/><E105/><V67/><F111/><W27/><G119/><T118/><D118/><U6/><E131/><V110/><F110/><W76/><G108/><T30/><D36/><U40/><E134/><V82/><F133/><W12/><G38/><T93/><D104/><U53/><E53/><V48/><F39/><W19/><G99/><T115/><D115/><U42/><E64/><V60/><F123/><W95/><G95/><T46/><D46/><U113/><E113/><V122/><F122/><W15/><G33/><T63/><D130/><U107/><E107/><V88/><F71/><W125/><G125/><T31/><D11/><U52/><E52/><V22/><F48/><W106/><G106/><T20/><D20/><U34/><E23/><V73/><F82/><W37/><G37/><T43/><D43/><U126/><E44/><V7/><F25/><N who="3" m="9227" /><G62/><T47/><D47/><U100/><E34/><V101/><F101/><W0/><G0/><T65/><D102/><U35/><E100/><V127/><F127/><W5/><G41/><T114/><D114/><U128/><E35/><V90/><REACH who="2" step="1"/><F81/><REACH who="2" ten="440,250,240,60" step="2"/><W3/><G50/><T75/><D63/><U121/><E126/><V61/><F61/><W132/><G132/><T96/><D65/><U54/><E121/><V92/><F92/><W58/><G78/><T51/><D93/><U1/><E79/><V57/><F57/><W68/><G76/><T112/><D112/><U2/><E77/><V13/><F13/><N who="3" m="5195" /><G58/><T83/><D59/><U98/><E117/><V84/><F84/><N who="0" m="32330" /><D51/><U135/><E116/><RYUUKYOKU ba="1,1" sc="440,15,250,-15,240,15,60,-15" hai0="16,18,29,30,31,75,83,91,94,96" hai2="7,10,14,22,24,60,67,69,72,73,88,89,90" /><INIT seed="0,2,1,2,0,60" ten="455,235,255,45" oya="0" hai0="127,88,73,62,2,125,87,104,119,46,42,13,72" hai1="101,14,3,75,106,121,47,114,32,64,82,58,84" hai2="49,59,45,27,103,111,4,102,38,7,89,129,71" hai3="74,112,65,22,118,132,135,99,19,130,83,86,40"/><T20/><D2/><U123/><E3/><V108/><F71/><W96/><G112/><T21/><D104/><U126/><E32/><V131/><F38/><W11/><G118/><T117/><D62/><U116/><E114/><V23/><F59/><W6/><G74/><T120/><D120/><U50/><E75/><V92/><F102/><W69/><G40/><T90/><D87/><U76/><E116/><V52/><F103/><W66/><G130/><N who="2" m="49673" /><F89/><N who="3" m="51423" /><G69/><T105/><D42/><U31/><E31/><N who="2" m="17919" /><F92/><W124/><G124/><T85/><D105/><U133/><E126/><V70/><F70/><W25/><G11/><T37/><D37/><U113/><E113/><V24/><F24/><W54/><G54/><T134/><D119/><U100/><E106/><V43/><F43/><W1/><G99/><T79/><D117/><U61/><E121/><V33/><F33/><W36/><G96/><T55/><D127/><U77/><E123/><V44/><F44/><W8/><G36/><T28/><D125/><U110/><E77/><V63/><F63/><W30/><G30/><T97/><D28/><U51/><E51/><V15/><F15/><W107/><G107/><T12/><D12/><U17/><E101/><V26/><F26/><W81/><G81/><T98/><D13/><U39/><E100/><V41/><F41/><W53/><G53/><T9/><D55/><N who="1" m="30175" /><E39/><V78/><F78/><W91/><G91/><T48/><D90/><U57/><E57/><V95/><F95/><W34/><G34/><T35/><D35/><U29/><E58/><V10/><F10/><W122/><G122/><RYUUKYOKU ba="2,1" sc="455,-15,235,-15,255,15,45,15" hai2="4,7,45,49,52,108,111" hai3="1,6,8,19,22,25,65,66,132,135" /><INIT seed="1,3,1,5,2,131" ten="440,220,270,60" oya="1" hai0="68,1,71,45,17,46,2,55,133,42,85,8,35" hai1="103,29,47,88,10,61,100,134,129,87,80,37,109" hai2="121,59,63,115,3,48,125,122,41,21,75,70,58" hai3="5,102,11,108,62,93,7,15,57,127,105,76,26"/><U73/><E129/><V25/><F3/><W83/><G108/><T38/><D35/><U114/><E114/><V117/><F117/><W123/><G123/><T43/><D133/><U97/><E109/><V32/><F32/><W20/><G127/><T51/><D85/><U22/><E73/><V49/><F75/><W31/><G105/><T118/><D118/><U110/><E110/><V119/><F119/><W4/><G93/><T72/><D72/><U132/><E61/><V98/><F125/><W90/><G90/><T116/><D116/><U107/><E10/><V84/><F98/><W89/><G89/><T66/><D43/><U126/><E103/><V113/><F84/><W34/><G102/><T81/><D81/><U53/><E126/><V52/><F70/><W64/><REACH who="3" step="1"/><G34/><REACH who="3" ten="440,220,270,50" step="2"/><T12/><D71/><U40/><REACH who="1" step="1"/><E53/><REACH who="1" ten="440,210,270,50" step="2"/><V86/><F121/><W69/><G69/><T27/><D68/><U56/><E56/><V30/><F122/><W60/><G60/><T130/><D130/><U67/><E67/><V65/><F113/><W91/><G91/><T135/><D66/><U128/><E128/><V0/><F115/><W44/><G44/><T96/><D46/><U18/><E18/><V6/><F63/><W50/><G50/><T78/><D51/><U13/><E13/><V33/><F48/><W14/><G14/><T101/><D12/><U23/><E23/><V106/><F49/><W124/><G124/><T19/><D55/><U24/><AGARI ba="3,3" hai="22,24,29,37,40,47,80,87,88,97,100,107,132,134" machi="24" ten="30,12000,1" yaku="1,1,0,1,52,2,54,1,53,0" doraHai="131" doraHaiUra="28" who="1" fromWho="1" sc="440,-43,210,159,270,-43,50,-43" /><INIT seed="1,4,0,0,1,52" ten="397,369,227,7" oya="1" hai0="11,32,26,44,21,131,8,22,66,25,105,3,57" hai1="53,127,37,90,16,59,81,43,42,74,135,10,106" hai2="14,58,9,39,64,79,24,116,85,62,46,121,103" hai3="119,1,115,54,129,28,109,56,49,108,5,40,111"/><U120/><E106/><V34/><F116/><W19/><G115/><T123/><D105/><U92/><E120/><V132/><F121/><W110/><N who="3" m="27648" /><DORA hai="117" /><W89/><G119/><T60/><D131/><U130/><E130/><V18/><F132/><W63/><G129/><T98/><D32/><U51/><E135/><V134/><F134/><W72/><G72/><T112/><D112/><U84/><E127/><V13/><F103/><W30/><G19/><N who="0" m="12479" /><D3/><U12/><E37/><V95/><F34/><W107/><G107/><T118/><D118/><U125/><E125/><V20/><F9/><N who="3" m="2223" /><G89/><T88/><D123/><U2/><E2/><V38/><F38/><W133/><G133/><T101/><D101/><U114/><E114/><V78/><F39/><W61/><G40/><N who="1" m="15402" /><E74/><V99/><F46/><N who="3" m="27959" /><G63/><T67/><D44/><U96/><E96/><V69/><F69/><W126/><G126/><T75/><D75/><U128/><E128/><V124/><F124/><W104/><G104/><T4/><D98/><U15/><E15/><N who="2" m="5643" /><F85/><W122/><G122/><T102/><D102/><U36/><E36/><V80/><F80/><AGARI ba="4,0" hai="10,12,16,51,53,59,80,81,84,90,92" m="15402" machi="80" ten="30,5800,0" yaku="8,1,52,1,54,1" doraHai="52,117" who="1" fromWho="2" sc="397,0,369,70,227,-70,7,0" /><INIT seed="1,5,0,3,3,110" ten="397,439,157,7" oya="1" hai0="86,99,69,100,103,76,47,31,93,36,62,16,107" hai1="38,18,95,39,87,85,96,119,32,121,132,45,14" hai2="58,88,78,128,118,94,68,21,26,67,52,135,46" hai3="57,127,59,55,23,115,82,113,20,61,124,66,133"/><U122/><E32/><V73/><F118/><W131/><G82/><T3/><D3/><U71/><E71/><V5/><F128/><W125/><G20/><T98/><D31/><U19/><E119/><V102/><F135/><W90/><G23/><T63/><D69/><U112/><E132/><V77/><F102/><W64/><G90/><T30/><D30/><U42/><E39/><V97/><F73/><W34/><G34/><T8/><D76/><U15/><E112/><N who="3" m="43082" /><G133/><T37/><D86/><U28/><E28/><V12/><F46/><W29/><G29/><T81/><D81/><U33/><E33/><V56/><F68/><W25/><G25/><T41/><REACH who="0" step="1"/><D37/><REACH who="0" ten="387,439,157,7" step="2"/><U11/><E87/><V120/><F78/><W117/><G117/><T60/><D60/><U89/><E85/><V129/><F77/><W22/><G22/><AGARI ba="5,1" hai="11,14,15,18,19,22,38,42,45,89,95,96,121,122" machi="22" ten="30,1500,0" yaku="7,1" doraHai="110" who="1" fromWho="3" sc="387,0,439,40,157,0,7,-30" owari="387,18.7,479,57.9,157,-24.3,-23,-52.3" /></mjloggm>