<mjloggm ver="2.3"><GO type="225" lobby="0"/><UN n0="%E3%81%A4%E3%81%A3%E3%81%B1%E3%82%8A%E3%83%9D%E3%83%BC%E3%83%AB" n1="%E5%91%A8%E6%9D%B1" n2="%E3%83%96%E3%83%83%E3%83%91%E3%82%AA%E3%83%96%E3%83%81%E3%82%AD%E3%83%B3" n3="%E5%82%8D%E8%8B%A5%E7%84%A1%E4%BA%BA%35%31" dan="17,16,17,16" rate="2205.55,2218.12,2160.50,2171.03" sx="M,M,M,M"/><TAIKYOKU oya="0"/><INIT seed="0,0,0,5,4,51" ten="250,250,250,250" oya="0" hai0="6,2,41,91,130,26,39,4,105,58,42,9,77" hai1="111,44,56,13,80,47,99,126,83,49,106,59,20" hai2="97,7,133,23,54,31,17,107,94,22,30,48,79" hai3="1,108,89,124,132,67,52,46,96,40,121,101,92"/><T102/><D130/><U36/><E111/><V110/><F110/><W60/><G108/><T95/><D77/><U118/><E118/><V8/><F133/><W104/><G1/><T37/><D6/><U72/><E126/><V69/><F69/><W74/><G74/><T50/><D26/><U120/><E120/><V129/><F107/><W64/><G132/><T21/><D21/><U112/><E112/><V38/><F38/><W11/><G124/><T3/><D3/><U82/><E72/><V115/><F115/><W61/><G11/><T123/><D123/><U131/><E131/><V66/><F66/><W113/><G121/><T116/><D116/><U18/><E106/><V114/><F79/><W25/><G25/><T135/><D135/><U84/><E99/><V127/><F127/><W100/><G113/><T109/><D109/><U34/><E34/><V87/><F87/><W78/><G78/><T55/><D102/><N who="3" m="39529" /><G40/><T0/><D0/><U28/><E28/><N who="2" m="10795" /><F7/><W88/><G89/><T43/><REACH who="0" step="1"/><D105/><REACH who="0" ten="240,250,250,250" step="2"/><U103/><E103/><N who="2" m="60855" /><F129/><W16/><G104/><T45/><D45/><U73/><E44/><N who="2" m="27911" /><F114/><W65/><G16/><T57/><D57/><U63/><E59/><V128/><F128/><W32/><G32/><T119/><D119/><U86/><E73/><V71/><F71/><W5/><G5/><T62/><D62/><U122/><E122/><V93/><F8/><W76/><G76/><T98/><AGARI ba="0,1" hai="2,4,9,37,39,41,42,43,50,55,58,91,95,98" machi="98" ten="30,6000,0" yaku="1,1,0,1,52,1,53,0" doraHai="51" doraHaiUra="19" who="0" fromWho="0" sc="240,70,250,-20,250,-20,250,-20" /><INIT seed="0,1,0,2,0,19" ten="310,230,230,230" oya="0" hai0="49,88,93,11,104,106,96,65,130,29,112,113,71" hai1="120,4,62,103,121,6,132,16,10,5,127,70,50" hai2="78,116,2,134,60,18,37,64,3,82,101,74,125" hai3="115,124,38,123,83,67,79,34,27,89,76,77,92"/><T55/><D130/><U108/><E103/><V36/><F125/><W117/><G38/><T20/><D11/><U7/><E127/><V30/><F134/><W28/><G124/><T47/><D65/><U1/><E70/><V126/><F126/><W98/><G117/><T63/><D63/><U110/><E50/><V102/><F116/><W31/><G115/><T111/><D71/><U80/><E80/><V81/><F30/><W54/><G123/><N who="1" m="47178" /><E62/><V14/><F81/><W0/><G0/><T48/><D111/><N who="1" m="42539" /><E132/><V73/><F37/><W100/><G31/><T52/><D113/><U40/><E40/><V131/><F36/><W12/><G12/><T118/><D118/><U86/><E86/><V9/><F74/><W68/><G54/><T72/><D72/><U122/><N who="1" m="47186" /><U61/><DORA hai="13" /><E61/><V35/><F102/><W91/><G67/><T17/><D112/><U39/><E39/><V99/><F101/><W43/><G43/><T25/><D29/><U15/><E6/><V107/><F73/><W44/><G68/><T41/><D41/><U128/><E128/><V24/><F131/><W97/><G44/><AGARI ba="1,0" hai="17,20,25,44,47,48,49,52,55,88,93,96,104,106" machi="44" ten="30,18000,2" yaku="7,1,9,1,52,2,54,2" doraHai="19,13" who="0" fromWho="3" sc="310,183,230,0,230,0,230,-183" /><INIT seed="0,2,0,5,5,128" ten="493,230,230,47" oya="0" hai0="5,86,38,8,21,88,98,64,110,62,123,56,18" hai1="113,13,93,120,126,105,37,133,112,55,26,79,50" hai2="73,71,83,131,46,78,75,17,22,102,20,95,121" hai3="0,4,97,24,134,92,6,70,69,91,30,11,107"/><T101/><D123/><U66/><E120/><V34/><F131/><W94/><G107/><T25/><D38/><U29/><E105/><V42/><F121/><W45/><G6/><T96/><D110/><U87/><E37/><V16/><F34/><W63/><G134/><T132/><D132/><U111/><E133/><V51/><F71/><W54/><G92/><T119/><D101/><U85/><E111/><V61/><F75/><W40/><G54/><T52/><D64/><U106/><E106/><V59/><F22/><W89/><G63/><T23/><D23/><U14/><E66/><V74/><F74/><W109/><G91/><T19/><D19/><U43/><E43/><V3/><F3/><W32/><REACH who="3" step="1"/><G109/><REACH who="3" ten="493,230,230,37" step="2"/><T15/><D119/><U135/><E135/><V117/><F117/><W33/><G33/><T65/><D65/><U60/><E60/><V68/><F95/><AGARI ba="2,1" hai="5,8,15,18,21,25,52,56,62,86,88,95,96,98" machi="95" ten="30,11600,0" yaku="7,1,8,1,54,2" doraHai="128" who="0" fromWho="2" sc="493,132,230,0,230,-122,37,0" /><INIT seed="0,3,0,3,0,14" ten="625,230,108,37" oya="0" hai0="54,66,47,78,87,63,46,45,42,56,16,20,112" hai1="53,58,40,38,30,22,114,135,134,2,81,130,18" hai2="123,3,91,35,94,62,79,60,44,83,73,11,8" hai3="75,68,108,129,59,101,76,36,115,6,23,1,37"/><T0/><D0/><U25/><E2/><V27/><F123/><W131/><G59/><T10/><D112/><U49/><E114/><V29/><F44/><W133/><G101/><T84/><D10/><U92/><E130/><N who="3" m="49674" /><G108/><T104/><D104/><U105/><E105/><V90/><F90/><W72/><G133/><N who="1" m="50698" /><E81/><V111/><F111/><W93/><G93/><T100/><D100/><U118/><E118/><V122/><F122/><W7/><G115/><T15/><D42/><U99/><E40/><V61/><REACH who="2" step="1"/><F3/><REACH who="2" ten="625,230,98,37" step="2"/><W106/><G1/><T64/><D78/><U88/><E38/><N who="3" m="14954" /><G76/><T127/><D127/><U32/><E32/><V5/><F5/><N who="3" m="1547" /><G106/><T109/><D109/><U89/><E89/><V69/><F69/><W120/><G68/><T128/><D128/><U65/><E65/><AGARI ba="3,1" hai="15,16,20,45,46,47,54,56,63,64,65,66,84,87" machi="65" ten="40,7700,0" yaku="8,1,52,1,54,1" doraHai="14" who="0" fromWho="1" sc="625,96,230,-86,98,0,37,0" /><INIT seed="0,4,0,2,2,66" ten="721,144,98,37" oya="0" hai0="102,98,18,91,31,69,19,6,36,9,122,107,39" hai1="57,42,61,92,7,126,84,113,16,8,90,106,23" hai2="74,47,121,27,81,114,108,111,28,103,15,117,104" hai3="49,70,1,86,95,94,37,119,99,59,110,88,34"/><T3/><D122/><U77/><E126/><V93/><F121/><W133/><G110/><N who="2" m="42025" /><F114/><W63/><G133/><T85/><D69/><U73/><E113/><V109/><N who="2" m="42033" /><V12/><DORA hai="52" /><F117/><W48/><G119/><T76/><D76/><U71/><E106/><V14/><F104/><W72/><G72/><T62/><D62/><U64/><E42/><V120/><F120/><W10/><G34/><T53/><D53/><U41/><E41/><V17/><F47/><W82/><G37/><T125/><D31/><U68/><E77/><N who="2" m="44215" /><F103/><W60/><G95/><T131/><D131/><U97/><E73/><V83/><F93/><W33/><G33/><T54/><D125/><U105/><E97/><V50/><F50/><W38/><G38/><T79/><D39/><U0/><E105/><V51/><F51/><W118/><G118/><T46/><D79/><U75/><E75/><V80/><F17/><W45/><G49/><T100/><D100/><U11/><E11/><V116/><F116/><W29/><G29/><T135/><D36/><U56/><E56/><V101/><F101/><W26/><G59/><T22/><D19/><U78/><E78/><V89/><F89/><W134/><G10/><T43/><D43/><U67/><E67/><V55/><F55/><W124/><G124/><T112/><D54/><U123/><E123/><V20/><AGARI ba="4,0" hai="12,14,15,20,27,28,80,83" m="44215,42033" machi="20" ten="50,1600,0" yaku="14,1" doraHai="66,52" who="2" fromWho="2" sc="721,-12,144,-8,98,28,37,-8" /><INIT seed="1,0,0,0,2,82" ten="709,136,126,29" oya="1" hai0="57,1,4,126,27,107,17,33,47,97,72,36,127" hai1="42,68,55,40,67,43,50,74,132,104,80,108,23" hai2="38,122,75,92,133,26,28,70,31,99,7,81,58" hai3="8,112,71,63,39,114,25,20,66,62,128,95,52"/><U37/><E104/><V103/><F122/><W60/><G128/><T90/><D72/><U131/><E131/><V102/><F70/><W41/><G8/><N who="0" m="2063" /><D57/><U117/><E117/><V56/><F38/><W106/><G106/><T116/><D90/><U98/><E132/><V0/><F133/><W77/><G77/><T88/><D88/><U96/><E108/><V121/><F121/><W49/><G95/><T9/><D9/><U6/><E6/><V94/><F0/><W91/><G91/><T64/><D64/><U30/><E37/><V119/><F7/><W69/><G20/><T78/><D78/><U113/><E113/><N who="3" m="43626" /><G25/><T85/><D27/><U111/><E74/><V93/><F119/><W101/><G101/><N who="0" m="62895" /><D17/><U129/><E129/><V35/><F75/><W13/><G13/><T16/><D16/><U51/><E23/><V12/><F103/><W123/><G123/><T79/><D33/><U73/><E73/><V120/><F120/><W5/><G5/><T89/><D79/><U3/><E3/><V125/><F12/><W61/><G41/><N who="0" m="22951" /><D116/><U53/><E42/><V115/><F115/><W134/><G39/><T19/><D19/><U44/><E40/><V48/><F102/><W14/><G14/><T83/><D89/><U105/><E43/><V76/><F76/><W124/><G134/><T29/><D29/><U87/><E30/><V10/><F31/><W110/><G110/><T11/><D11/><U45/><E111/><V34/><F28/><W22/><G22/><T46/><D46/><U100/><E105/><V21/><F21/><W54/><G66/><RYUUKYOKU ba="0,0" sc="709,30,136,-10,126,-10,29,-10" hai0="83,85,126,127" /><INIT seed="2,1,0,1,3,104" ten="739,126,116,19" oya="2" hai0="40,121,123,7,75,55,16,91,41,122,65,108,124" hai1="18,51,115,86,109,58,117,134,88,70,21,54,80" hai2="35,50,101,94,28,43,44,20,87,52,85,127,42" hai3="30,45,33,0,19,31,111,114,38,79,14,105,29"/><V93/><F35/><W90/><G111/><T71/><D7/><U72/><E115/><V96/><F127/><W64/><G114/><T126/><D75/><U59/><E117/><V48/><F94/><W68/><G105/><T76/><D76/><U61/><E109/><V15/><F43/><W128/><G128/><T107/><D107/><U82/><E134/><V135/><F135/><W5/><G79/><T13/><D108/><U100/><E70/><V17/><F28/><W37/><G64/><T112/><D91/><U113/><E113/><V9/><F9/><W11/><G68/><T60/><D55/><N who="1" m="34015" /><E72/><V130/><F130/><W97/><G45/><AGARI ba="1,0" hai="15,17,20,42,44,45,48,50,52,85,87,93,96,101" machi="45" ten="30,5800,0" yaku="7,1,8,1,54,1" doraHai="104" who="2" fromWho="3" sc="739,0,126,0,116,61,19,-61" owari="739,83.9,126,-27.4,177,-2.3,-42,-54.2" /></mjloggm>