<mjloggm ver="2.3"><GO type="225" lobby="0"/><UN n0="%E3%83%81%E3%83%83%E3%82%BF%E3%82%BD%E3%83%BC" n1="%E6%9D%B1%E9%A2%A8%E3%81%AE%E3%81%8D%E3%82%83%E3%81%B7%E3%81%95%E3%82%93" n2="%E6%A1%9C%E8%8A%B1%E9%96%83%E3%80%85" n3="%70%6F%69%73%6F%6E%30%32" dan="16,16,17,16" rate="2176.00,2183.16,2269.16,2069.82" sx="F,M,M,M"/><TAIKYOKU oya="0"/><INIT seed="0,0,0,0,4,83" ten="250,250,250,250" oya="0" hai0="10,129,60,7,65,42,99,130,126,17,80,84,113" hai1="33,36,127,135,76,91,24,59,111,34,117,78,46" hai2="64,20,25,27,101,51,123,86,70,43,54,81,11" hai3="97,2,23,45,19,3,108,95,1,121,5,35,14"/><T125/><D113/><U44/><E59/><V68/><F123/><W38/><G108/><T58/><D42/><U132/><E117/><V110/><F110/><W47/><G121/><T119/><D99/><U12/><E12/><V63/><F101/><W30/><G38/><T77/><D17/><U48/><E111/><V116/><F116/><W4/><G35/><T6/><D119/><U9/><E9/><V40/><F11/><W56/><G30/><T26/><D26/><U98/><E127/><N who="0" m="48649" /><D10/><U114/><E114/><V49/><F27/><W57/><G47/><N who="1" m="17962" /><E48/><V104/><F104/><W82/><G45/><T55/><D65/><U13/><E13/><V120/><F120/><W71/><G71/><T21/><D21/><U74/><E36/><V124/><F70/><W93/><G93/><T103/><D103/><U133/><E74/><V50/><F124/><W92/><G92/><T73/><D73/><U72/><E72/><V75/><F75/><W66/><G82/><T39/><D39/><U0/><E0/><V115/><F115/><W18/><G18/><T28/><D28/><N who="1" m="19591" /><E34/><V37/><F37/><W61/><REACH who="3" step="1"/><G57/><REACH who="3" ten="250,250,250,240" step="2"/><T89/><D77/><U102/><E91/><AGARI ba="0,1" hai="1,2,3,4,5,14,19,23,56,61,66,91,95,97" machi="91" ten="40,5200,0" yaku="1,1,2,1,53,1" doraHai="83" doraHaiUra="85" who="3" fromWho="1" sc="250,0,250,-52,250,0,240,62" /><INIT seed="1,0,0,1,0,13" ten="250,198,250,302" oya="1" hai0="88,127,19,12,11,55,115,125,101,82,113,100,17" hai1="103,44,99,28,16,57,20,62,65,54,134,61,107" hai2="35,85,43,119,120,9,78,41,8,89,23,123,121" hai3="111,0,131,48,106,37,46,116,72,124,71,24,70"/><U84/><E134/><V92/><F119/><W118/><RYUUKYOKU type="yao9" ba="0,0" sc="250,0,198,0,250,0,302,0" hai3="0,24,37,46,48,70,71,72,106,111,116,118,124,131" /><INIT seed="1,1,0,2,3,44" ten="250,198,250,302" oya="1" hai0="48,104,14,7,63,68,10,50,122,91,120,20,134" hai1="60,98,82,28,116,5,62,30,101,78,115,132,89" hai2="43,19,25,64,90,72,102,123,124,79,106,0,127" hai3="1,95,65,114,121,37,26,38,29,13,111,100,80"/><U81/><E115/><V51/><F123/><N who="0" m="47146" /><D104/><U77/><E116/><V131/><F0/><W35/><G111/><T3/><D134/><U16/><E132/><V109/><F64/><W105/><G1/><T33/><D33/><U34/><E34/><V21/><F109/><W119/><G114/><T117/><D117/><U56/><E5/><V18/><F131/><W85/><G119/><T55/><D91/><U46/><E46/><N who="2" m="26079" /><F90/><W61/><G95/><T118/><D118/><U58/><E89/><V41/><F41/><W9/><G100/><T74/><D74/><U24/><E101/><V59/><F59/><W73/><G105/><T133/><D133/><U94/><E94/><V93/><F106/><W47/><G73/><T2/><D2/><U40/><E40/><V87/><F72/><W12/><G47/><T125/><D125/><N who="2" m="48202" /><F79/><W52/><G121/><T49/><D68/><U92/><E92/><V23/><F87/><W113/><G113/><T75/><D75/><U8/><E98/><N who="2" m="59727" /><F23/><W45/><G38/><T126/><D126/><U69/><E69/><V108/><F108/><W83/><G37/><T32/><D32/><U76/><E76/><V128/><F128/><W6/><G65/><T66/><D66/><U135/><E135/><V27/><F27/><W129/><G129/><T107/><D107/><U31/><E24/><V130/><F130/><W39/><G39/><T36/><D36/><U70/><E70/><V84/><F84/><W11/><G85/><T53/><D63/><N who="1" m="24107" /><E77/><V4/><F4/><N who="3" m="3111" /><G61/><T15/><D3/><U67/><E67/><V17/><AGARI ba="1,0" hai="17,18,19,21,25" m="59727,48202,26079" machi="17" ten="30,4000,0" yaku="5,1,18,1,52,1" doraHai="44" who="2" fromWho="2" sc="250,-11,198,-21,250,43,302,-11" /><INIT seed="2,0,0,2,4,53" ten="239,177,293,291" oya="2" hai0="103,131,80,17,56,98,129,33,55,57,36,92,44" hai1="120,22,60,107,79,14,49,1,105,3,97,24,9" hai2="50,88,94,116,134,90,11,4,52,78,99,96,43" hai3="51,100,47,132,102,66,19,65,21,125,74,121,87"/><V118/><F134/><W32/><G74/><T5/><D33/><U114/><E114/><V124/><F124/><W34/><G121/><T89/><D5/><U58/><E120/><V63/><F78/><W27/><G34/><T70/><D70/><U117/><E117/><V35/><F35/><W12/><G132/><T109/><D109/><U29/><E79/><V128/><F128/><N who="0" m="49226" /><D17/><U75/><E75/><V123/><F123/><W59/><G125/><T106/><D80/><U108/><E108/><V64/><F43/><W10/><G87/><N who="0" m="52287" /><D55/><U61/><E61/><V83/><F83/><W82/><G82/><T30/><D30/><U71/><E49/><V127/><F127/><W93/><G32/><T69/><D69/><U7/><E71/><V101/><F116/><W15/><G15/><T37/><D37/><U81/><E81/><V18/><F18/><W31/><G93/><T73/><D73/><U76/><E76/><V85/><F99/><W91/><G91/><T48/><D48/><U45/><E45/><N who="2" m="27727" /><F85/><W126/><G66/><T8/><D8/><U112/><E112/><V6/><F118/><W68/><G68/><T40/><AGARI ba="0,0" hai="36,40,44,56,57,98,103,106" m="52287,49226" machi="40" ten="30,4000,0" yaku="19,1,52,2" doraHai="53" who="0" fromWho="0" sc="239,40,177,-10,293,-20,291,-10" /><INIT seed="3,0,0,2,4,88" ten="279,167,273,281" oya="3" hai0="126,34,33,109,105,124,108,131,69,76,7,133,61" hai1="58,93,2,36,1,94,59,130,3,66,123,30,83" hai2="43,56,112,55,89,26,82,54,19,70,74,106,47" hai3="80,102,119,39,29,100,35,28,72,24,22,13,95"/><W9/><G119/><T103/><D7/><U125/><E36/><V97/><F70/><W38/><G102/><T67/><D131/><U41/><E41/><V127/><F112/><W48/><G48/><T117/><D117/><U42/><E42/><V27/><F127/><N who="0" m="48682" /><D76/><U51/><E125/><V16/><F74/><W14/><G29/><T122/><D122/><U87/><E123/><V8/><F106/><W134/><G35/><N who="0" m="13323" /><D133/><U49/><E30/><V25/><F8/><W20/><G20/><T5/><D5/><U10/><E10/><V129/><F129/><W104/><G104/><T18/><D18/><N who="2" m="6698" /><F56/><W121/><G134/><T96/><AGARI ba="0,0" hai="61,67,69,96,103,105,108,109" m="13323,48682" machi="96" ten="40,2700,0" yaku="18,1,23,1" doraHai="88" who="0" fromWho="0" sc="279,27,167,-7,273,-7,281,-13" owari="306,40.6,160,-34.0,266,-13.4,268,6.8" /></mjloggm>