<mjloggm ver="2.3"><GO type="225" lobby="0"/><UN n0="%E6%81%A5%E6%99%92%E3%81%97" n1="%E5%91%A8%E6%9D%B1" n2="%47%48%4F%53%54" n3="%E3%83%94%E3%83%B3%E3%82%B5%E3%83%AD%E5%BA%97%E5%93%A1" dan="16,17,18,17" rate="2146.94,2151.85,2204.66,2175.19" sx="M,M,M,M"/><TAIKYOKU oya="0"/><INIT seed="0,0,0,3,0,55" ten="250,250,250,250" oya="0" hai0="48,20,53,79,43,7,126,121,116,107,110,133,120" hai1="75,45,73,54,69,34,3,37,93,82,12,25,38" hai2="5,60,80,18,15,19,87,85,35,62,128,41,51" hai3="72,95,26,134,2,96,115,78,124,88,64,32,119"/><T114/><D114/><U52/><BYE who="0" /><E3/><UN n0="%E6%81%A5%E6%99%92%E3%81%97" /><V67/><F128/><W123/><G2/><T113/><D113/><U84/><E69/><V56/><F35/><W111/><G115/><T44/><D116/><U132/><E132/><V4/><F85/><W57/><G119/><T99/><D133/><U23/><E93/><V58/><F51/><W127/><G134/><T108/><D79/><U49/><E34/><V29/><F29/><N who="3" m="19511" /><G78/><T16/><D7/><N who="2" m="2634" /><F15/><W11/><G11/><T6/><D6/><U70/><E70/><V97/><F97/><W31/><G31/><T71/><D71/><U42/><E12/><V94/><F94/><W65/><G72/><T50/><D126/><N who="3" m="48169" /><G111/><N who="0" m="42539" /><D99/><U10/><E10/><V100/><F100/><W83/><G83/><T36/><D107/><U47/><E38/><V106/><F41/><W8/><G8/><T105/><D105/><U46/><E46/><V125/><F106/><W98/><G98/><T39/><D39/><U102/><E102/><V104/><F104/><W17/><G17/><N who="2" m="6153" /><F125/><W30/><G30/><T112/><D112/><U122/><E75/><V135/><F135/><W59/><G123/><N who="0" m="47179" /><D53/><N who="1" m="29871" /><E73/><V68/><F68/><W109/><G109/><T33/><D33/><U1/><E122/><V90/><F67/><AGARI ba="0,0" hai="57,59,64,65,67,88,95,96" m="48169,19511" machi="67" ten="30,7700,0" yaku="18,1,52,2,54,1" doraHai="55" who="3" fromWho="2" sc="250,0,250,0,250,-77,250,77" /><INIT seed="1,0,0,4,5,108" ten="250,250,173,327" oya="1" hai0="30,4,127,84,120,21,17,96,6,107,28,41,32" hai1="66,89,54,29,26,58,16,102,111,134,46,100,91" hai2="121,112,20,0,110,1,2,116,7,36,39,63,35" hai3="113,77,44,75,93,81,13,27,119,38,50,74,31"/><U43/><E111/><V62/><F110/><W57/><G119/><T72/><D72/><U52/><E134/><V3/><F116/><W123/><G123/><T86/><D120/><U56/><E66/><V45/><F121/><W85/><G113/><T79/><D127/><U92/><E43/><V128/><F128/><W78/><G38/><T23/><D32/><U109/><E46/><V82/><F35/><W33/><G57/><T64/><D41/><U59/><E109/><V103/><F112/><W71/><G71/><T125/><D125/><U126/><E126/><V90/><F103/><N who="1" m="39465" /><E29/><V87/><N who="2" m="0" /><DORA hai="5" /><V80/><F7/><W37/><G37/><T129/><D64/><U69/><E69/><V131/><F131/><W53/><G93/><T94/><D107/><U101/><N who="1" m="39473" /><U122/><DORA hai="98" /><E122/><V24/><F82/><W105/><G105/><T15/><D30/><U25/><E91/><V42/><REACH who="2" step="1"/><F39/><REACH who="2" ten="250,250,163,327" step="2"/><W49/><G33/><T47/><D129/><U61/><E61/><V106/><F106/><W10/><G81/><T55/><D94/><U117/><E117/><V60/><F60/><W99/><G49/><T65/><D4/><U68/><E68/><V9/><F9/><W95/><G10/><T135/><D6/><U97/><E26/><V104/><F104/><W22/><G27/><T14/><D14/><U114/><E114/><V115/><F115/><W73/><G13/><T40/><D15/><U11/><E11/><V83/><F83/><W130/><G130/><T67/><D67/><U118/><E118/><V124/><F124/><W133/><G50/><RYUUKYOKU ba="0,1" sc="250,-15,250,15,163,15,327,-15" hai1="16,25,52,54,56,58,59,89,92,97" hai2="20,24,36,42,45,62,63,80,87,90" /><INIT seed="1,1,1,4,0,13" ten="235,265,178,312" oya="1" hai0="4,80,34,108,132,11,75,57,128,126,71,89,105" hai1="124,85,18,72,41,33,5,19,74,107,2,56,99" hai2="50,81,10,63,3,59,122,67,79,116,20,131,47" hai3="30,121,52,15,39,46,88,6,1,0,44,73,32"/><U48/><E33/><V43/><F116/><W103/><G121/><T93/><D71/><U77/><E124/><V118/><F118/><W60/><G73/><T21/><D34/><U16/><E5/><V115/><F122/><W104/><G104/><T129/><D126/><U38/><E2/><V49/><F131/><W76/><G76/><T9/><D108/><U14/><E14/><V62/><F115/><W112/><G103/><T8/><D105/><U28/><E28/><V45/><F63/><W53/><G112/><T134/><D57/><U94/><E38/><V97/><F97/><W100/><G100/><T40/><D40/><U12/><E12/><V78/><F20/><W127/><G127/><T7/><D80/><U55/><E41/><V65/><F65/><W119/><G119/><T37/><D75/><U90/><REACH who="1" step="1"/><E107/><REACH who="1" ten="235,255,178,312" step="2"/><V69/><F3/><W92/><G1/><T64/><D37/><U101/><E101/><V117/><F117/><W24/><G0/><T22/><D7/><U51/><E51/><V17/><F50/><W96/><G39/><T114/><D4/><U42/><E42/><V102/><F43/><W110/><G6/><T31/><D31/><U68/><E68/><V70/><F102/><W25/><G15/><T98/><D114/><U135/><E135/><N who="0" m="51753" /><D64/><U86/><E86/><V26/><F67/><W54/><G25/><T82/><D128/><U125/><E125/><V111/><F70/><W123/><G123/><T23/><D129/><U84/><E84/><N who="2" m="48183" /><F69/><W35/><G35/><T106/><D106/><U83/><AGARI ba="1,2" hai="16,18,19,48,55,56,72,74,77,83,85,90,94,99" machi="83" ten="30,18000,2" yaku="1,1,0,1,52,3,54,1,53,0" doraHai="13" doraHaiUra="36" who="1" fromWho="1" sc="235,-61,255,203,178,-61,312,-61" /><INIT seed="1,2,0,3,5,11" ten="174,458,117,251" oya="1" hai0="26,38,62,98,105,108,50,3,133,127,12,20,31" hai1="32,120,131,86,96,134,110,106,54,117,45,88,71" hai2="67,34,75,46,60,21,16,64,116,4,90,84,87" hai3="18,113,118,61,7,44,39,70,109,91,125,135,102"/><U30/><E120/><V56/><F116/><W35/><G35/><T27/><D38/><U63/><E117/><V80/><F34/><W103/><G113/><T49/><D3/><U2/><E2/><V29/><F75/><W55/><G118/><T9/><D108/><U74/><E74/><V76/><F4/><W111/><G7/><T28/><D127/><U41/><E110/><N who="3" m="41994" /><G135/><T124/><D124/><U83/><E134/><V129/><F129/><W93/><G125/><T68/><D133/><U24/><E131/><V17/><F64/><N who="3" m="41231" /><G18/><T36/><D36/><U1/><E1/><V99/><F99/><N who="3" m="57791" /><G55/><T66/><D27/><U100/><E54/><V97/><F97/><W59/><G59/><T130/><D31/><U101/><E101/><V121/><F121/><W57/><G57/><T19/><REACH who="0" step="1"/><D130/><REACH who="0" ten="164,458,117,251" step="2"/><U132/><E132/><V65/><F65/><W43/><AGARI ba="2,1" hai="39,43,44,102,103" m="57791,41231,41994" machi="43" ten="30,1100,0" yaku="14,1" doraHai="11" who="3" fromWho="3" sc="164,-5,458,-7,117,-5,251,27" /><INIT seed="2,0,0,4,5,14" ten="159,451,112,278" oya="2" hai0="7,74,111,25,10,89,110,69,87,95,45,38,59" hai1="99,68,66,121,134,42,35,19,64,20,49,75,61" hai2="100,9,37,115,41,76,77,53,101,83,104,58,36" hai3="12,132,105,23,127,130,79,103,30,88,81,94,50"/><V33/><F115/><W39/><G39/><T3/><D69/><U114/><E114/><V54/><F33/><W28/><G130/><T71/><D71/><U129/><E66/><V72/><F77/><W78/><G132/><T43/><D59/><U106/><E35/><V44/><F37/><W112/><G112/><T120/><D120/><U91/><E75/><V56/><F104/><W1/><G1/><T80/><REACH who="0" step="1"/><D25/><REACH who="0" ten="149,451,112,278" step="2"/><N who="1" m="14495" /><E68/><V135/><F135/><W65/><G127/><T102/><D102/><U5/><E121/><V21/><F21/><W55/><G103/><T22/><D22/><U40/><E134/><V86/><F72/><W4/><G23/><T29/><D29/><U48/><E129/><V0/><F9/><W51/><G28/><T117/><D117/><U18/><E106/><V32/><F32/><W125/><G30/><T92/><D92/><U73/><E73/><V26/><F26/><W84/><G94/><T128/><D128/><U93/><E93/><V90/><F0/><W60/><G125/><T131/><D131/><U34/><E34/><V82/><F58/><W63/><G105/><T67/><D67/><U109/><E64/><V15/><F15/><W118/><G65/><T107/><D107/><U62/><E62/><V31/><F31/><W123/><G60/><T108/><D108/><U8/><E61/><V27/><F27/><W57/><G118/><T113/><D113/><U6/><E109/><V85/><F56/><W2/><G123/><T126/><D126/><U24/><E24/><V17/><F17/><W119/><G119/><T122/><D122/><RYUUKYOKU ba="0,1" sc="149,15,451,-15,112,15,278,-15" hai0="3,7,10,38,43,45,74,80,87,89,95,110,111" hai2="36,41,44,53,54,76,82,83,85,86,90,100,101" /><INIT seed="2,1,1,0,3,64" ten="164,436,127,263" oya="2" hai0="61,99,21,111,19,132,2,128,77,36,42,109,28" hai1="0,87,76,43,84,105,34,54,102,22,26,86,18" hai2="89,8,65,62,94,68,10,78,125,112,118,123,4" hai3="45,69,23,56,116,32,59,15,30,121,83,107,135"/><V75/><F112/><W6/><G116/><T80/><D2/><U44/><E0/><V101/><F118/><W119/><G121/><T33/><D128/><U110/><E110/><N who="0" m="41993" /><D132/><U114/><E114/><V5/><F123/><W71/><G107/><T129/><D129/><U92/><E34/><V12/><F125/><W82/><G119/><T72/><D99/><N who="1" m="59751" /><E105/><V27/><F101/><W98/><G32/><T55/><D42/><U108/><E108/><V113/><F113/><W120/><G120/><T67/><D36/><U63/><E43/><V46/><F46/><W91/><G45/><T20/><D55/><U13/><E26/><V124/><F27/><W103/><G103/><T9/><D28/><U7/><E7/><V3/><F124/><W29/><G29/><T85/><D72/><U95/><E95/><V70/><F75/><W57/><G30/><T134/><D134/><U31/><E31/><V1/><F78/><W14/><G14/><N who="0" m="7631" /><D33/><U126/><E126/><V90/><F12/><W47/><G47/><T37/><D37/><U41/><E41/><V24/><F24/><W40/><G40/><T16/><D16/><U104/><E104/><V81/><F81/><W66/><G83/><T53/><D53/><U39/><E39/><V93/><F65/><W88/><G66/><T133/><D133/><U73/><E73/><V52/><F52/><W117/><G135/><T11/><D11/><U127/><E127/><V51/><F51/><W96/><G117/><T38/><D38/><U58/><E44/><V130/><F130/><W122/><G122/><T48/><D48/><RYUUKYOKU ba="1,1" sc="164,10,436,10,127,10,263,-30" hai0="20,21,61,67,77,80,85" hai1="13,18,22,54,58,63,76,84,86,87" hai2="1,3,4,5,8,10,62,68,70,89,90,93,94" /><INIT seed="2,2,1,4,3,22" ten="174,446,137,233" oya="2" hai0="78,111,95,63,37,124,125,13,89,102,73,101,10" hai1="59,54,31,118,19,131,34,112,51,87,93,94,53" hai2="75,44,113,24,123,15,134,42,129,122,135,108,62" hai3="38,18,27,55,9,109,41,49,106,79,115,82,47"/><V68/><F75/><W77/><G106/><T126/><D37/><U60/><E131/><V1/><F1/><W65/><G109/><T98/><D111/><U96/><E112/><V40/><F108/><W30/><G115/><T21/><D21/><U32/><E118/><V83/><F113/><W35/><G65/><T0/><D0/><U64/><E19/><V128/><F83/><W76/><G18/><N who="0" m="8503" /><D63/><U14/><E14/><V117/><F117/><W58/><REACH who="3" step="1"/><G9/><REACH who="3" ten="174,446,137,223" step="2"/><T119/><D119/><U26/><E64/><N who="2" m="40983" /><F15/><W66/><G66/><T71/><D71/><U120/><E120/><N who="2" m="46123" /><F24/><W28/><G28/><T92/><D92/><U33/><E93/><V105/><F105/><W57/><G57/><T80/><AGARI ba="2,2" hai="73,78,80,89,95,98,101,102,124,125,126" m="8503" machi="80" ten="40,1500,0" yaku="18,1" doraHai="22" who="0" fromWho="0" sc="174,41,446,-6,137,-9,223,-6" /><INIT seed="3,0,0,2,3,104" ten="215,440,128,217" oya="3" hai0="6,29,91,57,32,80,98,45,23,65,9,95,103" hai1="127,18,17,4,16,111,37,75,102,114,68,26,96" hai2="13,126,100,61,1,92,7,109,43,118,34,73,38" hai3="77,10,36,20,89,78,22,11,117,41,15,28,101"/><W76/><G117/><T132/><D132/><U27/><E37/><V12/><F118/><W115/><G115/><T42/><D32/><U0/><E68/><V133/><F109/><W69/><G69/><T64/><D57/><U33/><E75/><V122/><F133/><W97/><G36/><T46/><D29/><U70/><E70/><V58/><F34/><W106/><G41/><T49/><D46/><U72/><E72/><V125/><F122/><W121/><G121/><T35/><D35/><U14/><E96/><V54/><F1/><W52/><G89/><T128/><D128/><U3/><E102/><V56/><F38/><W110/><G110/><T99/><D23/><U108/><E114/><V82/><F43/><W105/><G105/><T51/><D51/><U107/><E107/><V116/><F116/><W21/><G28/><T79/><D79/><U113/><E113/><V40/><F40/><W86/><G86/><N who="0" m="50631" /><D99/><U19/><E33/><V47/><F47/><W74/><G74/><T71/><D71/><U53/><E108/><V5/><F100/><W123/><G123/><T2/><D2/><U112/><E0/><V135/><F135/><W124/><G124/><T24/><D24/><U31/><E127/><V93/><F73/><W130/><G130/><T44/><D45/><U66/><E112/><V119/><F119/><W85/><G85/><T63/><D63/><U131/><E27/><V50/><F61/><W83/><G83/><T30/><D30/><U129/><E111/><V62/><F62/><W67/><G101/><T120/><D120/><U134/><E129/><RYUUKYOKU ba="0,0" sc="215,30,440,-10,128,-10,217,-10" hai0="6,9,42,44,49,64,65,95,98,103" owari="245,4.5,430,53.0,118,-38.2,207,-19.3" /></mjloggm>