<mjloggm ver="2.3"><GO type="225" lobby="0"/><UN n0="%E8%A8%88%E7%AE%97%E6%A9%9F%E8%87%AA%E7%84%B6" n1="%E3%81%AD%E3%82%80%E3%81%84%40%E9%9B%80%E9%B3%B4%E4%BC%9A" n2="%E3%81%AF%E3%82%88%E3%81%8A%E3%81%98%E3%81%95%E3%82%93" n3="%6D%61%74%69%67%75%73%61" dan="17,16,17,17" rate="2174.78,2198.25,2161.59,2136.98" sx="M,F,M,M"/><TAIKYOKU oya="0"/><INIT seed="0,0,0,3,2,54" ten="250,250,250,250" oya="0" hai0="17,64,67,111,108,30,26,117,129,101,135,104,100" hai1="124,9,69,130,19,11,48,76,110,0,103,39,28" hai2="10,98,43,113,86,61,47,112,16,44,107,24,71" hai3="6,115,106,78,55,35,93,105,85,5,51,42,128"/><T12/><D117/><U72/><E39/><V73/><F73/><W68/><G35/><T80/><D80/><U97/><E69/><V116/><F116/><W49/><G68/><T84/><D84/><U13/><E28/><V82/><F47/><W87/><G128/><T91/><D91/><U125/><E110/><N who="0" m="42025" /><D129/><U63/><E63/><V40/><F40/><W59/><G115/><T79/><D79/><U53/><E130/><V127/><F127/><N who="1" m="48713" /><E76/><V81/><F82/><W32/><G32/><N who="0" m="20567" /><D135/><U90/><E90/><V52/><F81/><W88/><G78/><T99/><D100/><U66/><E66/><V23/><F86/><W27/><G85/><T131/><D131/><U70/><E70/><V102/><F71/><W89/><G89/><T126/><D126/><U21/><E0/><V92/><F112/><W60/><G88/><T75/><D75/><U33/><E33/><V38/><F113/><W2/><G87/><T122/><D122/><U8/><E72/><V94/><REACH who="2" step="1"/><F10/><AGARI ba="0,0" hai="10,12,17,64,67,99,101,104" m="20567,42025" machi="10" ten="30,2900,0" yaku="14,1,10,1" doraHai="54" who="0" fromWho="2" sc="250,29,250,0,250,-29,250,0" /><INIT seed="0,1,0,2,2,26" ten="279,250,221,250" oya="0" hai0="37,61,73,65,36,88,122,85,3,67,113,81,1" hai1="42,93,43,129,39,10,63,84,17,131,16,4,103" hai2="59,64,79,127,125,108,11,12,134,30,133,89,24" hai3="123,102,34,117,71,75,128,58,112,29,47,72,54"/><T121/><D113/><U32/><E32/><V46/><F79/><W87/><G71/><T57/><D65/><U66/><E39/><V86/><F108/><W14/><G117/><T83/><D36/><U96/><E84/><V77/><F77/><W120/><G128/><N who="1" m="49226" /><E43/><V62/><F46/><W9/><G102/><T52/><D37/><U132/><E42/><V33/><F125/><W8/><G47/><T98/><D73/><U44/><E44/><V107/><F107/><W90/><G8/><T15/><D81/><U119/><E132/><V45/><F45/><W76/><G76/><T74/><D74/><U115/><E119/><V60/><F62/><W91/><G91/><T116/><D116/><U99/><E96/><V49/><F49/><W18/><G112/><T135/><D135/><U97/><E99/><V105/><F105/><W20/><G34/><T82/><D82/><U56/><E115/><V50/><F50/><W69/><G75/><T22/><D98/><U23/><E23/><V25/><F127/><W70/><G20/><T78/><D78/><U104/><E104/><V2/><F2/><AGARI ba="1,0" hai="2,4,10,16,17,56,63,66,93,97,103" m="49226" machi="2" ten="30,2000,0" yaku="19,1,54,1" doraHai="26" who="1" fromWho="2" sc="279,0,250,23,221,-23,250,0" /><INIT seed="1,0,0,1,2,74" ten="279,273,198,250" oya="1" hai0="90,20,135,43,42,0,19,66,10,100,119,14,73" hai1="69,38,98,127,107,71,32,76,103,87,55,131,95" hai2="80,114,28,123,70,132,106,72,104,56,50,61,29" hai3="133,49,13,65,34,115,128,48,111,33,25,93,57"/><U24/><E38/><V8/><F123/><W79/><G115/><T78/><D119/><U64/><E127/><V60/><F114/><W77/><G111/><T2/><D135/><U108/><E108/><V112/><F112/><W125/><G128/><T18/><D100/><U51/><E131/><V58/><F132/><W11/><G125/><T5/><D66/><U47/><E64/><V23/><F50/><N who="3" m="19563" /><G25/><T40/><D90/><U122/><E122/><V53/><F70/><W84/><G33/><T75/><D18/><U91/><E32/><V130/><F130/><W21/><G21/><T52/><D52/><U83/><REACH who="1" step="1"/><E24/><REACH who="1" ten="279,263,198,250" step="2"/><V3/><F29/><W35/><G35/><T27/><REACH who="0" step="1"/><D73/><AGARI ba="0,1" hai="47,51,55,69,71,73,76,83,87,91,95,98,103,107" machi="73" ten="30,18000,2" yaku="1,1,2,1,7,1,24,2,52,1,53,1" doraHai="74" doraHaiUra="97" who="1" fromWho="0" sc="279,-180,263,190,198,0,250,0" /><INIT seed="1,1,0,5,2,110" ten="99,453,198,250" oya="1" hai0="86,15,61,109,107,36,88,97,77,66,132,130,33" hai1="76,62,134,43,23,46,95,87,53,122,50,11,123" hai2="124,6,41,103,99,79,30,67,121,91,42,63,126" hai3="78,72,84,12,82,35,27,57,22,119,133,71,2"/><U44/><E134/><V104/><F121/><W13/><G71/><T113/><D109/><U102/><E23/><V45/><F79/><W85/><G2/><T116/><D116/><U20/><E20/><V64/><F6/><W70/><G70/><T120/><D36/><U74/><E74/><V4/><F4/><W3/><G3/><T56/><D33/><U19/><E62/><V32/><F91/><W52/><G119/><T118/><D118/><U83/><E102/><V68/><F64/><W21/><G35/><T100/><D132/><U24/><E95/><V40/><F45/><W7/><G133/><T28/><D28/><U59/><E46/><V105/><F104/><W38/><G38/><T94/><D120/><U18/><E24/><AGARI ba="1,0" hai="24,30,32,40,41,42,63,67,68,99,103,105,124,126" machi="24" ten="40,2600,0" yaku="25,2" doraHai="110" who="2" fromWho="1" sc="99,0,453,-29,198,29,250,0" /><INIT seed="2,0,0,2,2,48" ten="99,424,227,250" oya="2" hai0="124,36,29,86,44,58,115,103,4,92,114,101,84" hai1="38,81,83,55,57,65,122,63,42,98,34,76,129" hai2="18,69,40,121,127,22,126,61,7,123,131,35,15" hai3="62,30,50,100,31,107,119,89,3,20,13,77,45"/><V70/><F35/><W85/><G3/><T96/><D4/><U128/><E34/><V113/><F113/><W95/><G119/><T125/><D29/><U82/><E122/><V99/><F131/><N who="1" m="50249" /><E98/><V71/><F40/><W47/><G107/><T17/><D58/><U88/><E88/><V6/><F99/><W132/><G132/><T104/><D17/><U108/><E108/><V117/><F117/><W5/><G77/><T90/><D44/><N who="1" m="23639" /><E65/><V49/><F61/><W19/><G47/><T87/><D36/><U56/><E56/><V80/><F80/><W60/><G5/><T28/><D28/><N who="3" m="10793" /><G100/><T67/><D67/><U78/><AGARI ba="0,0" hai="55,57,63,76,78,81,82,83" m="23639,50249" machi="78" ten="40,2700,0" yaku="19,1,52,1" doraHai="48" who="1" fromWho="1" sc="99,-7,424,27,227,-13,250,-7" /><INIT seed="3,0,0,2,4,50" ten="92,451,214,243" oya="3" hai0="3,97,101,17,85,10,61,40,58,51,121,113,57" hai1="124,69,100,33,44,110,80,115,34,6,91,125,79" hai2="12,35,1,18,55,116,88,5,131,120,118,30,45" hai3="31,9,36,24,64,130,32,49,38,134,99,93,114"/><W22/><G114/><T15/><D121/><U39/><E115/><V104/><F104/><W20/><G130/><T56/><D113/><U72/><E110/><V129/><F120/><W59/><G134/><T63/><D3/><U86/><E69/><V103/><F103/><W14/><G32/><T43/><D85/><U111/><E111/><V66/><F66/><W41/><G20/><T81/><D81/><N who="1" m="49615" /><E100/><V65/><F65/><W119/><G119/><T77/><D77/><U132/><E6/><V29/><F88/><W87/><G41/><T48/><D101/><U109/><E132/><V76/><F76/><W107/><G107/><T68/><D97/><U4/><E4/><V67/><F67/><W42/><G42/><N who="0" m="15915" /><D17/><U73/><E109/><V8/><F118/><W84/><G84/><T102/><D15/><U0/><E44/><V117/><F117/><W46/><G87/><T71/><D102/><U53/><E39/><V122/><F122/><W16/><G36/><T19/><D19/><U83/><E0/><V28/><F35/><W47/><G38/><T82/><D82/><U106/><E106/><V13/><F116/><W127/><G99/><T126/><D10/><U133/><E133/><V11/><F1/><W37/><G37/><T23/><D23/><U70/><E33/><V52/><F45/><W25/><G93/><T96/><D96/><U95/><E34/><V54/><AGARI ba="0,0" hai="5,8,11,12,13,18,28,29,30,52,54,55,129,131" machi="54" ten="40,8000,1" yaku="0,1,52,3,54,1" doraHai="50" who="2" fromWho="2" sc="92,-20,451,-20,214,80,243,-40" owari="72,-42.8,431,53.1,294,9.4,203,-19.7" /></mjloggm>