<mjloggm ver="2.3"><GO type="225" lobby="0"/><UN n0="%65%76%69%61%6E%36%31%39" n1="%E5%91%A8%E6%9D%B1" n2="%E3%83%A9%E3%82%B9%E7%8E%87%EF%BC%93%E5%89%B2" n3="%E3%83%A9%E3%82%A4%E3%83%B3%E3%81%AE%E8%99%8E" dan="16,17,17,16" rate="2090.37,2123.47,2203.36,2179.53" sx="M,M,F,M"/><TAIKYOKU oya="0"/><INIT seed="0,0,0,1,1,74" ten="250,250,250,250" oya="0" hai0="64,26,98,80,116,83,25,40,122,79,110,19,99" hai1="61,53,13,94,126,5,27,50,17,2,129,95,43" hai2="12,112,115,72,35,96,48,84,87,77,21,117,56" hai3="82,16,120,6,68,67,11,105,92,46,57,102,123"/><T49/><D122/><N who="3" m="46633" /><G46/><N who="0" m="25799" /><D116/><U121/><E121/><V125/><F35/><W1/><G68/><T85/><D110/><U66/><E129/><V106/><F125/><W100/><G105/><T118/><D118/><U41/><E126/><V52/><F117/><W7/><G7/><T51/><D83/><U111/><E27/><N who="0" m="10249" /><D64/><U108/><E5/><V90/><F115/><W60/><G92/><T134/><D134/><U34/><E34/><V42/><F42/><W3/><G3/><T127/><D127/><U33/><E33/><V9/><F21/><W22/><G82/><T91/><D91/><U113/><E113/><V54/><F112/><W130/><G130/><T109/><D109/><N who="1" m="42059" /><E2/><V14/><F106/><W8/><G8/><T36/><D36/><U70/><E43/><V124/><F124/><W86/><G86/><T44/><D19/><U131/><E41/><AGARI ba="0,0" hai="41,44,51,79,80,85,98,99" m="10249,25799" machi="41" ten="30,2900,0" yaku="8,1,52,1" doraHai="74" who="0" fromWho="1" sc="250,29,250,-29,250,0,250,0" /><INIT seed="0,1,0,2,3,48" ten="279,221,250,250" oya="0" hai0="135,54,128,61,73,69,89,129,120,133,87,119,22" hai1="6,12,13,32,65,108,84,91,97,58,5,26,9" hai2="96,30,47,112,122,101,39,56,36,10,76,37,52" hai3="102,40,77,117,100,64,81,34,38,50,85,104,93"/><T19/><D73/><U28/><E108/><V130/><F112/><W41/><G34/><T118/><D19/><U79/><E79/><V55/><F122/><W98/><G117/><N who="0" m="44555" /><D22/><U111/><E111/><V25/><F130/><N who="0" m="50282" /><D89/><U3/><E97/><V53/><F76/><W109/><G109/><T131/><D87/><U86/><E86/><V7/><F47/><W71/><G104/><T49/><D131/><U127/><E127/><V20/><F56/><W17/><G17/><T0/><D0/><U62/><REACH who="1" step="1"/><E6/><REACH who="1" ten="279,211,250,250" step="2"/><V29/><F29/><W80/><G85/><T70/><D120/><U103/><E103/><V16/><F30/><W106/><G102/><T23/><D135/><U1/><E1/><V75/><F75/><W95/><G100/><T124/><D133/><U90/><E90/><V105/><REACH who="2" step="1"/><F37/><REACH who="2" ten="279,211,240,250" step="2"/><W35/><G38/><T125/><D125/><U110/><E110/><V123/><F123/><W21/><G77/><T88/><D124/><U33/><E33/><V74/><F74/><W42/><G35/><T15/><D88/><U99/><E99/><V63/><F63/><W66/><G98/><T27/><D61/><U18/><E18/><V72/><F72/><W45/><G106/><T114/><D114/><U51/><E51/><V14/><AGARI ba="1,2" hai="7,10,14,16,20,25,36,39,52,53,55,96,101,105" machi="14" ten="30,12000,2" yaku="1,1,0,1,52,3,54,2,53,0" doraHai="48" doraHaiUra="31" who="2" fromWho="2" sc="279,-61,211,-31,240,143,250,-31" /><INIT seed="1,0,0,4,0,16" ten="218,180,383,219" oya="1" hai0="95,126,58,118,96,82,83,135,127,90,125,20,122" hai1="63,3,93,8,51,119,109,105,124,65,128,89,0" hai2="9,39,84,33,112,134,88,24,59,115,101,5,120" hai3="94,14,64,92,45,67,70,111,28,80,54,102,46"/><U99/><E119/><V35/><F120/><W31/><G111/><T32/><D32/><U19/><E109/><V74/><F74/><W130/><G70/><T133/><D118/><U107/><E128/><V61/><F39/><W77/><G130/><T106/><D122/><U121/><E121/><V66/><F101/><W53/><G14/><T116/><D116/><U71/><E124/><V132/><F24/><W21/><G102/><N who="0" m="62791" /><D20/><U57/><E0/><N who="2" m="167" /><F33/><W100/><G100/><T76/><D58/><U36/><E36/><V103/><F103/><W6/><G6/><T49/><D49/><U25/><E3/><V68/><F35/><W7/><G7/><T22/><D22/><U34/><E34/><V69/><F69/><W81/><REACH who="3" step="1"/><G21/><REACH who="3" ten="218,180,383,209" step="2"/><T11/><D11/><U98/><E8/><V97/><F68/><W38/><G38/><T41/><D135/><N who="2" m="51754" /><F97/><W26/><G26/><T29/><D133/><U117/><E99/><V62/><F62/><W108/><G108/><T42/><D127/><U91/><E117/><V23/><F23/><W131/><G131/><T56/><D126/><U15/><E25/><V55/><F66/><W86/><G86/><T129/><D129/><U27/><E27/><V13/><F13/><W30/><G30/><T78/><D29/><U37/><E37/><V17/><F17/><W72/><G72/><N who="0" m="43271" /><D125/><U113/><E107/><V87/><F87/><W43/><G43/><T114/><D41/><U79/><E105/><V123/><F123/><W52/><G52/><T75/><D42/><U47/><E71/><V40/><F40/><W10/><G10/><RYUUKYOKU ba="0,1" sc="218,-15,180,-15,383,15,209,15" hai2="55,59,61,84,88,112,115" hai3="28,31,45,46,53,54,64,67,77,80,81,92,94" /><INIT seed="2,1,1,0,3,114" ten="203,165,398,224" oya="2" hai0="55,130,98,122,39,79,129,8,100,45,54,32,118" hai1="124,103,87,41,102,81,6,62,108,50,78,53,65" hai2="23,134,14,85,77,51,2,135,25,132,56,26,42" hai3="95,28,84,5,73,43,119,10,121,52,123,70,0"/><V105/><F105/><W128/><G73/><T16/><D32/><U20/><E108/><V19/><F2/><W47/><G70/><T69/><D122/><U57/><E124/><V113/><F113/><W94/><G28/><T104/><D79/><U82/><E6/><V1/><F1/><W74/><G128/><N who="0" m="49259" /><D69/><U67/><E41/><V64/><F42/><W76/><G52/><N who="0" m="20011" /><D45/><U21/><E82/><N who="2" m="47311" /><F51/><W68/><G68/><T29/><D29/><U106/><E67/><V116/><F56/><W101/><G74/><T24/><D118/><U75/><E75/><V96/><F64/><W11/><G119/><T63/><D63/><U34/><E34/><V37/><F37/><W89/><G76/><T4/><D24/><N who="2" m="9322" /><F96/><W59/><G121/><T7/><D39/><U12/><E106/><V9/><F116/><W126/><G123/><T31/><D31/><U93/><E12/><AGARI ba="1,1" hai="4,7,8,12,16,98,100,104" m="20011,49259" machi="12" ten="30,3900,0" yaku="19,1,54,2" doraHai="114" who="0" fromWho="1" sc="203,52,165,-42,398,0,224,0" /><INIT seed="3,0,0,4,0,57" ten="255,123,398,224" oya="3" hai0="24,27,30,89,100,36,19,77,43,67,81,108,70" hai1="84,17,58,37,3,62,13,9,78,66,118,135,97" hai2="4,73,31,112,5,126,71,90,96,121,103,32,111" hai3="102,132,134,38,85,80,107,124,21,33,15,109,10"/><W35/><G38/><T20/><D100/><U95/><E135/><N who="3" m="51754" /><G124/><T7/><D108/><U125/><E125/><V76/><F111/><W42/><G42/><T60/><D89/><U0/><E37/><V12/><F112/><W98/><G21/><T52/><D7/><U87/><E118/><V61/><F32/><W11/><G109/><T113/><D43/><U51/><E0/><V16/><F31/><W46/><G46/><T120/><D36/><U88/><E3/><V25/><F25/><W63/><G63/><T74/><D52/><U127/><E127/><V49/><F49/><W133/><N who="3" m="51762" /><W115/><DORA hai="6" /><G115/><T40/><D40/><U119/><E119/><V91/><F61/><W47/><G47/><T29/><D113/><U53/><REACH who="1" step="1"/><E78/><REACH who="1" ten="255,113,398,224" step="2"/><V48/><F76/><N who="3" m="46215" /><G10/><T128/><D77/><U72/><E72/><V2/><F73/><W122/><G122/><T23/><D74/><U59/><AGARI ba="0,1" hai="9,13,17,51,53,58,59,62,66,84,87,88,95,97" machi="59" ten="20,12000,2" yaku="1,1,0,1,7,1,8,1,52,2,54,1,53,0" doraHai="57,6" doraHaiUra="65,104" who="1" fromWho="1" sc="255,-30,113,130,398,-30,224,-60" owari="225,-17.5,243,4.3,368,46.8,164,-33.6" /></mjloggm>