<mjloggm ver="2.3"><GO type="225" lobby="0"/><UN n0="%E3%83%9D%E3%83%B3%E3%83%9D%E3%82%B3%E5%95%86%E4%BA%8B" n1="%E4%BF%BA%E3%81%A8%E5%A6%96%E5%A4%A2" n2="%E3%81%A8%E3%81%92" n3="%E7%B4%94%E6%BD%94%E3%83%94%E3%83%A9%E3%83%8B%E3%82%A2" dan="16,16,16,17" rate="2200.49,2147.06,2084.61,2224.12" sx="M,F,M,M"/><TAIKYOKU oya="0"/><INIT seed="0,0,0,0,1,3" ten="250,250,250,250" oya="0" hai0="108,41,67,63,126,84,97,100,44,4,132,92,28" hai1="36,65,127,25,37,12,80,60,10,85,87,107,99" hai2="111,32,122,55,88,76,58,56,106,70,19,14,129" hai3="82,133,89,46,75,52,91,119,11,71,42,98,34"/><T0/><D132/><U51/><E127/><V26/><F122/><W33/><G119/><T73/><D73/><U8/><E51/><V134/><F70/><W59/><G71/><T5/><D0/><U17/><E25/><V61/><F106/><W95/><G133/><T18/><D126/><U130/><E130/><V121/><F134/><W131/><G131/><T83/><D28/><U54/><E54/><V7/><F121/><W103/><G11/><T48/><D18/><U64/><E8/><N who="2" m="4383" /><F111/><W22/><G22/><T128/><D128/><U40/><E40/><V20/><F32/><W96/><G75/><T77/><REACH who="0" step="1"/><D108/><REACH who="0" ten="240,250,250,250" step="2"/><U29/><E29/><V57/><F129/><W118/><G118/><T105/><D105/><U13/><E107/><V113/><F113/><W115/><G115/><T101/><D101/><U21/><E17/><V72/><F72/><W15/><G103/><T68/><AGARI ba="0,1" hai="4,5,41,44,48,63,67,68,77,83,84,92,97,100" machi="68" ten="20,12000,1" yaku="1,1,0,1,7,1,52,2,53,0" doraHai="3" doraHaiUra="114" who="0" fromWho="0" sc="240,130,250,-40,250,-40,250,-40" /><INIT seed="0,1,0,2,5,7" ten="370,210,210,210" oya="0" hai0="87,72,26,120,102,38,56,109,103,43,61,62,104" hai1="121,28,128,106,67,113,63,117,69,3,107,101,20" hai2="94,60,33,27,16,86,40,66,45,132,59,11,49" hai3="50,134,15,70,93,123,9,12,77,95,105,122,75"/><T22/><D120/><N who="3" m="46121" /><G70/><T37/><D72/><U64/><E121/><V10/><F132/><W57/><G105/><T114/><D114/><U78/><E117/><V129/><F129/><W47/><G57/><T126/><D126/><U85/><E128/><V92/><F33/><W88/><G93/><N who="2" m="35945" /><F86/><N who="3" m="52631" /><G134/><T74/><D74/><U0/><E113/><V98/><F98/><W23/><G23/><AGARI ba="1,0" hai="10,11,16,23,27,40,45,49,59,60,66" m="35945" machi="23" ten="30,7700,0" yaku="8,1,52,2,54,1" doraHai="7" who="2" fromWho="3" sc="370,0,210,0,210,80,210,-80" /><INIT seed="1,0,0,0,2,127" ten="370,210,290,130" oya="1" hai0="65,102,135,44,81,131,42,54,10,1,134,34,94" hai1="87,13,21,133,75,56,33,14,24,104,39,73,74" hai2="29,36,27,31,129,128,122,113,3,70,60,121,0" hai3="66,63,5,64,62,92,38,12,69,71,123,132,118"/><U114/><E114/><V107/><F36/><W55/><G38/><T83/><D34/><U67/><E33/><N who="2" m="20671" /><F31/><W53/><G5/><N who="0" m="1327" /><D54/><U85/><E39/><V18/><F107/><W49/><G12/><T125/><D65/><U93/><E104/><V106/><F106/><W109/><G92/><T30/><D30/><U115/><E115/><V52/><F52/><W6/><G6/><T101/><D101/><U41/><E41/><V7/><F113/><W46/><G109/><T78/><D78/><U8/><E133/><N who="0" m="50697" /><D125/><U47/><E47/><V43/><F43/><W25/><G25/><T59/><D59/><U58/><E67/><N who="2" m="41319" /><F18/><W100/><G100/><T108/><D108/><U89/><E87/><V50/><F50/><W51/><G132/><T32/><D32/><U97/><E14/><V72/><F72/><W90/><G90/><T4/><D4/><U99/><E13/><V84/><F84/><W79/><G79/><T124/><D124/><U45/><E45/><V22/><F22/><W57/><G118/><T20/><D20/><U68/><E8/><N who="2" m="2151" /><F3/><W91/><G91/><T130/><D83/><U37/><E37/><V9/><F9/><W76/><G76/><T82/><D82/><U110/><E110/><V17/><F17/><W111/><G111/><T28/><D28/><N who="1" m="17423" /><E68/><V40/><F40/><W116/><G116/><T15/><D15/><U117/><E117/><V88/><F88/><W86/><G86/><T103/><D44/><U112/><E112/><V126/><F126/><W96/><G96/><N who="1" m="36938" /><E73/><V98/><F98/><W120/><AGARI ba="0,0" hai="46,49,51,53,55,57,62,63,64,66,69,71,120,123" machi="120" ten="30,8000,1" yaku="0,1,9,1,34,3" doraHai="127" who="3" fromWho="3" sc="370,-20,210,-40,290,-20,130,80" /><INIT seed="2,0,0,5,2,122" ten="350,170,270,210" oya="2" hai0="50,42,48,118,91,53,19,107,97,49,43,10,15" hai1="24,26,68,71,131,66,14,2,128,8,105,69,75" hai2="82,80,113,18,126,129,34,100,121,127,92,60,23" hai3="27,70,124,87,28,55,57,85,29,3,40,72,95"/><V62/><F121/><W35/><G70/><T73/><D73/><U90/><E75/><V116/><F113/><W32/><G3/><T93/><D107/><U106/><E2/><V39/><F34/><W133/><G133/><T37/><D37/><U41/><E66/><V59/><F116/><W58/><G72/><T20/><D118/><U96/><E41/><N who="0" m="15369" /><D10/><U45/><E45/><AGARI ba="0,0" hai="15,19,20,45,48,49,50,53,91,93,97" m="15369" machi="45" ten="30,1000,0" yaku="8,1" doraHai="122" who="0" fromWho="1" sc="350,10,170,-10,270,0,210,0" /><INIT seed="3,0,0,2,2,107" ten="360,160,270,210" oya="3" hai0="67,89,54,45,21,88,87,73,65,3,96,101,51" hai1="56,15,124,112,34,66,77,23,57,46,49,7,6" hai2="80,93,131,2,64,35,75,29,37,61,38,127,36" hai3="19,16,105,92,90,122,48,8,98,53,82,130,121"/><W104/><G130/><T118/><D73/><U28/><E112/><V13/><F2/><W103/><G104/><T100/><D3/><U135/><E124/><V84/><F75/><W40/><G40/><T20/><D89/><U32/><E135/><V95/><F127/><W17/><G8/><T83/><D118/><U126/><E126/><V125/><F125/><W52/><G82/><T58/><D67/><U43/><E34/><V85/><F85/><W4/><G4/><T128/><D128/><U129/><E129/><V11/><F29/><W42/><G42/><T133/><D133/><U91/><E32/><V10/><F35/><W62/><G62/><N who="0" m="36183" /><D96/><U116/><E116/><V22/><F22/><N who="0" m="8810" /><D65/><U81/><E66/><V27/><F27/><W9/><G9/><T111/><D111/><U76/><E91/><V33/><F33/><W106/><G106/><T109/><D109/><U120/><E120/><V110/><F10/><W71/><G71/><T59/><D59/><U115/><E115/><V18/><F110/><W117/><G117/><T30/><D30/><U68/><E68/><V78/><F131/><W97/><REACH who="3" step="1"/><G53/><AGARI ba="0,0" hai="45,51,53,83,87,88,100,101" m="8810,36183" machi="53" ten="30,2000,0" yaku="8,1,54,1" doraHai="107" who="0" fromWho="3" sc="360,20,160,0,270,0,210,-20" owari="380,48.0,160,-34.0,270,7.0,190,-21.0" /></mjloggm>