<mjloggm ver="2.3"><GO type="225" lobby="0"/><UN n0="%EF%BC%AE%EF%BC%A1%EF%BC%AF%33%33%39" n1="%E7%99%BD%E5%80%89%E5%AF%9B%E4%B9%8B" n2="%E3%81%BF%E3%81%BF%E3%81%9A" n3="%E5%A4%8F%E9%88%B4%E9%88%B4%E5%A4%8F" dan="16,16,17,16" rate="2189.78,2163.78,2200.95,2092.83" sx="M,M,M,M"/><TAIKYOKU oya="0"/><INIT seed="0,0,0,4,3,95" ten="250,250,250,250" oya="0" hai0="63,43,98,84,28,131,82,117,113,11,19,21,35" hai1="49,103,14,7,135,124,89,111,85,96,58,6,56" hai2="120,115,15,79,101,47,74,108,46,121,64,66,5" hai3="134,20,13,31,71,102,99,57,80,92,61,27,81"/><T50/><D113/><U4/><E111/><V105/><F115/><W77/><G134/><T54/><D117/><U97/><E135/><V29/><F29/><W125/><G125/><T33/><D28/><U23/><E124/><V37/><F108/><W73/><G81/><T60/><D43/><U32/><E32/><V34/><F34/><W48/><G48/><T129/><D11/><U9/><E103/><V72/><F15/><W30/><G30/><T119/><D119/><U0/><E23/><V127/><F127/><W70/><REACH who="3" step="1"/><G13/><REACH who="3" ten="250,250,250,240" step="2"/><T39/><D50/><U83/><E0/><V38/><F120/><W41/><G41/><T90/><D82/><U52/><E58/><V16/><F121/><W104/><G104/><T22/><D39/><U26/><E26/><V45/><F37/><W107/><G107/><T2/><D2/><U112/><E112/><V110/><F38/><W65/><AGARI ba="0,1" hai="20,27,31,57,61,65,70,71,73,77,80,92,99,102" machi="65" ten="20,16000,3" yaku="1,1,0,1,7,1,25,2,52,1,53,2" doraHai="95" doraHaiUra="67" who="3" fromWho="3" sc="250,-80,250,-40,250,-40,240,170" /><INIT seed="1,0,0,0,4,118" ten="170,210,210,410" oya="1" hai0="130,59,50,15,108,46,57,40,132,83,97,134,114" hai1="125,22,12,76,58,78,89,7,62,122,4,65,44" hai2="77,102,37,27,79,38,29,105,111,19,104,28,10" hai3="75,95,68,133,20,17,72,101,2,33,5,90,96"/><U121/><E125/><V18/><F27/><W70/><G33/><T127/><D97/><U66/><E44/><V115/><F10/><W14/><G5/><T84/><D15/><U35/><E35/><V100/><REACH who="2" step="1"/><F111/><REACH who="2" ten="170,210,200,410" step="2"/><W113/><G113/><AGARI ba="0,1" hai="18,19,28,29,37,38,77,79,100,102,104,105,113,115" machi="113" ten="25,6400,0" yaku="1,1,2,1,22,2,53,0" doraHai="118" doraHaiUra="56" who="2" fromWho="3" sc="170,0,210,0,200,74,410,-64" /><INIT seed="2,0,0,2,0,25" ten="170,210,274,346" oya="2" hai0="47,102,73,56,39,91,89,26,134,110,83,13,104" hai1="111,48,128,116,120,30,125,29,69,98,8,71,95" hai2="35,80,54,121,1,99,59,63,23,9,0,37,85" hai3="61,36,12,107,76,124,81,109,20,15,41,40,45"/><V77/><F121/><W113/><G107/><T55/><D110/><U64/><E116/><V126/><F35/><W2/><G2/><T93/><D104/><U90/><E111/><V65/><F126/><W33/><G33/><T19/><D134/><U68/><E125/><V117/><F117/><W75/><G124/><T46/><D39/><U18/><E120/><V7/><F37/><W82/><G109/><T11/><D73/><U114/><E114/><V22/><F0/><W84/><G41/><T28/><D102/><U87/><E128/><V103/><REACH who="2" step="1"/><F65/><REACH who="2" ten="170,210,264,346" step="2"/><W10/><G113/><T32/><D83/><U88/><E64/><V97/><F97/><W119/><G82/><T52/><D55/><U34/><E34/><V133/><F133/><W50/><G81/><T4/><D4/><U79/><E79/><V105/><AGARI ba="0,1" hai="1,7,9,22,23,54,59,63,77,80,85,99,103,105" machi="105" ten="20,7800,0" yaku="1,1,0,1,7,1,53,1" doraHai="25" doraHaiUra="78" who="2" fromWho="2" sc="170,-26,210,-26,264,88,346,-26" /><INIT seed="2,1,0,2,5,16" ten="144,184,352,320" oya="2" hai0="82,53,73,4,48,47,46,35,18,50,30,34,15" hai1="114,106,104,119,65,133,21,26,105,27,134,41,125" hai2="1,49,101,123,36,0,56,103,93,8,89,76,37" hai3="70,94,113,52,85,12,6,55,69,135,63,81,19"/><V83/><F123/><W124/><G135/><N who="1" m="51722" /><E114/><V122/><F122/><W109/><G124/><T118/><D118/><U59/><E119/><V117/><F117/><W45/><G109/><T91/><D4/><U20/><E125/><V67/><F36/><W96/><G113/><T132/><D30/><N who="1" m="17735" /><E41/><V14/><F37/><W92/><G6/><T100/><D100/><U22/><E27/><V79/><F0/><W2/><G2/><T95/><D132/><U74/><E74/><V58/><F1/><W116/><G116/><T57/><D73/><U32/><E32/><V43/><F67/><W23/><G45/><T64/><D64/><U86/><E86/><N who="2" m="48487" /><F79/><N who="3" m="46271" /><G70/><T31/><D82/><U110/><E110/><V120/><F120/><W98/><G63/><AGARI ba="1,0" hai="21,22,59,63,65,104,105,106" m="17735,51722" machi="63" ten="40,8000,1" yaku="20,1,52,3" doraHai="16" who="1" fromWho="3" sc="144,0,184,83,352,0,320,-83" /><INIT seed="3,0,0,4,2,41" ten="144,267,352,237" oya="3" hai0="83,107,38,26,42,66,31,45,98,55,21,62,80" hai1="81,58,85,87,49,60,103,97,12,130,73,36,52" hai2="68,70,99,6,106,116,84,93,77,76,102,53,112" hai3="117,131,128,111,9,56,22,35,94,135,82,109,51"/><W86/><G35/><T122/><D122/><U108/><E36/><V11/><F112/><W105/><G105/><T129/><D129/><N who="3" m="49737" /><G117/><T100/><D55/><U24/><E130/><V14/><F116/><W0/><G135/><T69/><REACH who="0" step="1"/><D21/><REACH who="0" ten="134,267,352,237" step="2"/><U61/><E52/><V110/><F53/><N who="3" m="31807" /><G22/><T20/><AGARI ba="0,1" hai="20,26,31,38,42,45,62,66,69,80,83,98,100,107" machi="20" ten="20,8000,1" yaku="1,1,0,1,7,1,52,1,53,1" doraHai="41" doraHaiUra="57" who="0" fromWho="0" sc="134,90,267,-20,352,-20,237,-40" owari="224,-17.6,247,4.7,332,43.2,197,-30.3" /></mjloggm>