<mjloggm ver="2.3"><GO type="225" lobby="0"/><UN n0="%E5%91%A8%E6%9D%B1" n1="%E7%AB%8B%E8%8A%B1%E9%9F%BF" n2="%E6%80%AA%E3%81%97%E3%81%99%E3%81%8E%E3%82%8B%E3%83%81%E3%83%BC" n3="%E6%A1%9C%E8%8A%B1%E9%96%83%E3%80%85" dan="16,17,16,17" rate="2200.47,2187.54,2048.39,2238.00" sx="M,F,M,M"/><TAIKYOKU oya="0"/><INIT seed="0,0,0,1,5,100" ten="250,250,250,250" oya="0" hai0="98,77,86,31,131,103,66,63,65,60,6,91,78" hai1="36,10,130,15,79,106,59,74,40,14,34,71,52" hai2="122,107,121,123,102,114,24,135,94,64,67,132,46" hai3="11,92,133,119,4,42,38,12,126,21,111,84,44"/><T127/><D131/><U22/><E71/><V1/><F114/><W43/><G119/><T82/><D127/><U99/><E34/><V93/><F1/><W120/><G126/><T96/><D6/><U76/><E130/><V128/><F128/><W28/><G111/><T73/><D31/><U0/><E0/><V17/><F46/><W90/><G133/><N who="2" m="51273" /><F17/><W81/><G120/><T49/><D49/><U53/><E22/><V129/><F24/><N who="3" m="16399" /><G38/><T19/><D19/><U25/><E25/><V56/><F129/><W70/><G70/><T32/><D32/><U85/><E74/><V104/><F102/><W101/><G44/><T20/><D20/><U72/><E72/><V13/><F13/><W97/><AGARI ba="0,0" hai="4,11,12,42,43,81,84,90,92,97,101" m="16399" machi="97" ten="30,1100,0" yaku="8,1" doraHai="100" who="3" fromWho="3" sc="250,-5,250,-3,250,-3,250,11" /><INIT seed="1,0,0,0,0,77" ten="245,247,247,261" oya="1" hai0="46,135,58,32,115,130,129,84,102,61,12,59,111" hai1="48,98,127,122,43,80,64,6,82,67,113,4,45" hai2="55,92,126,112,123,5,79,86,131,73,38,19,8" hai3="47,96,101,89,1,21,54,121,20,100,36,53,93"/><U124/><E113/><V104/><F112/><W120/><G1/><T119/><D115/><U63/><E122/><V66/><F123/><W70/><G70/><T132/><D32/><U31/><E31/><V97/><F38/><W107/><G100/><T68/><D102/><U40/><E98/><V34/><F131/><N who="0" m="50186" /><D12/><U26/><E26/><V65/><F34/><W78/><G54/><T125/><D84/><U134/><E134/><N who="0" m="51241" /><D119/><U116/><E116/><V85/><F126/><N who="1" m="48169" /><E40/><V7/><F73/><W17/><G120/><T88/><D125/><U52/><E43/><V76/><F104/><W99/><G101/><T91/><D111/><U103/><E103/><N who="2" m="60839" /><F55/><W133/><G53/><N who="0" m="33999" /><D68/><N who="1" m="42015" /><E67/><N who="2" m="25611" /><F19/><W105/><G17/><T71/><D71/><U56/><E56/><V10/><F7/><AGARI ba="0,0" hai="4,6,7,45,48,52,80,82" m="42015,48169" machi="7" ten="30,11600,0" yaku="18,1,52,2,54,1" doraHai="77" who="1" fromWho="2" sc="245,0,247,116,247,-116,261,0" /><INIT seed="1,1,0,5,4,110" ten="245,363,131,261" oya="1" hai0="118,129,55,105,98,121,72,133,40,20,15,50,106" hai1="11,44,2,39,16,114,135,27,66,7,34,33,95" hai2="117,48,23,65,47,29,119,12,36,100,51,21,112" hai3="10,63,28,42,77,84,26,113,109,111,30,79,57"/><U18/><E66/><V32/><F100/><W59/><G42/><T90/><D118/><U107/><E107/><V45/><F65/><W87/><G10/><T52/><D72/><U61/><E61/><V74/><F74/><W120/><G26/><T94/><D129/><U8/><E95/><V132/><F132/><W126/><G63/><T14/><D133/><U9/><E44/><V130/><F130/><W38/><G126/><T103/><D121/><U53/><E53/><V17/><F32/><N who="1" m="12393" /><E39/><V0/><F0/><W96/><G38/><T46/><D106/><U81/><E81/><V78/><F78/><W86/><G86/><T64/><D64/><U13/><E135/><V83/><F83/><W70/><G96/><T124/><D124/><U123/><E123/><V19/><F29/><W104/><G104/><T108/><D55/><U76/><E76/><V127/><F36/><W3/><G3/><T85/><D108/><U75/><E75/><V58/><F12/><W116/><G120/><T5/><D5/><N who="1" m="1079" /><E114/><V125/><F58/><W89/><G89/><T122/><D122/><U97/><E97/><V6/><F6/><W88/><G88/><T92/><D105/><U82/><E82/><V93/><F93/><W101/><G101/><T99/><D99/><U67/><E67/><V128/><F128/><W37/><G37/><T35/><D94/><U41/><E41/><V80/><F80/><W68/><G113/><AGARI ba="1,0" hai="17,19,21,23,45,47,48,51,112,113,117,119,125,127" machi="113" ten="25,6400,0" yaku="22,2,52,2" doraHai="110" who="2" fromWho="3" sc="245,0,363,0,131,67,261,-67" /><INIT seed="2,0,0,0,2,15" ten="245,363,198,194" oya="2" hai0="111,26,79,89,13,36,123,75,130,61,114,115,72" hai1="58,10,69,4,83,126,30,33,14,93,84,106,42" hai2="50,99,78,74,102,112,7,16,116,46,0,12,94" hai3="68,95,18,108,118,129,37,96,67,8,125,20,49"/><V34/><F116/><W92/><G118/><T105/><D36/><U28/><E106/><V70/><F112/><W56/><G37/><T110/><D61/><U81/><E69/><V107/><F70/><W66/><G108/><T39/><D39/><U48/><E126/><V113/><F113/><W38/><G38/><T63/><D63/><U85/><E93/><V44/><F34/><W6/><G129/><T5/><D26/><U119/><E33/><V57/><F107/><W120/><G120/><T3/><D3/><U134/><E134/><V17/><F0/><W73/><G73/><T104/><D5/><U122/><E122/><V9/><F78/><W41/><G95/><T22/><D79/><N who="1" m="46143" /><E119/><V1/><F74/><W64/><G125/><T86/><D123/><U127/><E127/><V52/><F17/><W71/><G41/><T90/><D130/><U65/><E65/><V11/><AGARI ba="0,0" hai="1,7,9,11,12,16,44,46,50,52,57,94,99,102" machi="11" ten="20,12000,1" yaku="0,1,7,1,52,1,54,2" doraHai="15" who="2" fromWho="2" sc="245,-40,363,-40,198,120,194,-40" /><INIT seed="2,1,0,1,1,122" ten="205,323,318,154" oya="2" hai0="101,128,108,64,1,57,40,18,52,47,56,3,83" hai1="7,35,71,26,95,41,120,70,21,73,81,30,100" hai2="75,106,50,119,42,4,93,104,54,29,15,5,12" hai3="6,13,36,132,112,48,97,87,80,124,55,28,27"/><V61/><F119/><W103/><G124/><T0/><D128/><U45/><E120/><V37/><F75/><W14/><G132/><T62/><D108/><U77/><E35/><V131/><F131/><W60/><G36/><T91/><D101/><U134/><E134/><V51/><F29/><W65/><G112/><T32/><D32/><U127/><E127/><V121/><F121/><W8/><G13/><T82/><D18/><U111/><E111/><V67/><F93/><W11/><G11/><T116/><D91/><U110/><E110/><V76/><F76/><W102/><G97/><T49/><REACH who="0" step="1"/><D116/><REACH who="0" ten="195,323,318,154" step="2"/><U17/><E17/><V130/><F130/><W92/><G28/><T69/><D69/><U58/><E7/><V133/><F5/><W39/><G27/><T113/><D113/><U53/><E100/><V23/><F4/><W19/><G6/><T129/><D129/><U85/><E71/><V125/><F133/><W33/><G33/><T24/><D24/><U89/><E70/><V78/><F125/><W59/><G92/><T99/><D99/><U46/><E95/><V25/><F25/><W38/><G103/><T94/><D94/><U90/><E89/><V105/><F104/><W118/><G102/><T16/><D16/><U79/><E90/><V2/><F105/><W43/><G118/><T114/><D114/><U84/><E26/><V74/><F106/><W31/><G31/><T115/><D115/><U68/><E30/><V107/><F107/><W117/><G117/><T86/><D86/><U44/><E85/><V98/><F98/><W135/><G87/><RYUUKYOKU ba="1,1" sc="195,30,323,-10,318,-10,154,-10" hai0="0,1,3,40,47,49,52,56,57,62,64,82,83" /><INIT seed="3,2,1,5,0,31" ten="225,313,308,144" oya="3" hai0="93,5,86,54,17,115,15,29,133,101,24,118,91" hai1="47,48,62,104,25,10,61,59,125,27,96,2,50" hai2="122,119,43,45,85,18,41,81,19,16,8,90,33" hai3="13,108,58,80,65,36,56,7,87,92,132,39,99"/><W20/><G132/><T127/><D127/><U78/><E125/><V67/><F33/><W76/><G108/><T72/><D133/><U73/><E73/><V135/><F119/><W121/><G121/><T126/><D126/><U83/><E104/><V98/><F122/><W102/><G7/><T23/><D72/><U129/><E129/><V44/><F67/><W82/><G82/><T37/><D37/><U84/><E96/><V123/><F123/><W14/><G58/><T6/><D118/><U103/><E103/><V66/><F66/><W46/><G46/><N who="2" m="18025" /><F135/><W60/><REACH who="3" step="1"/><G20/><REACH who="3" ten="225,313,308,134" step="2"/><N who="0" m="15495" /><D115/><U131/><E83/><V94/><F8/><W9/><G9/><T49/><D101/><AGARI ba="2,2" hai="16,18,19,41,43,81,85,90,94,98,101" m="18025" machi="101" ten="30,2000,0" yaku="8,1,54,1" doraHai="31" who="2" fromWho="0" sc="225,-26,313,0,308,46,134,0" owari="199,-20.1,313,11.3,354,45.4,134,-36.6" /></mjloggm>