<mjloggm ver="2.3"><GO type="225" lobby="0"/><UN n0="%E7%89%B9%E6%9D%B1%E5%96%B0%E8%B5%A4%E9%80%9F" n1="%E6%81%A5%E6%99%92%E3%81%97" n2="%74%61%6B%65%2D%79%6F%75" n3="%E5%B8%86%E7%AB%8B%E5%A4%8F%E8%A1%A3" dan="16,16,16,17" rate="2035.28,2153.07,2123.83,2188.20" sx="M,M,M,M"/><TAIKYOKU oya="0"/><INIT seed="0,0,0,0,0,89" ten="250,250,250,250" oya="0" hai0="66,109,105,5,104,113,96,121,54,94,1,126,103" hai1="53,28,50,129,41,78,40,63,81,38,72,32,73" hai2="114,35,117,23,102,85,22,128,132,87,99,133,17" hai3="86,33,20,68,6,93,62,13,115,27,131,95,118"/><T79/><D113/><U9/><E129/><V123/><F114/><W122/><G115/><T34/><D121/><U30/><E73/><V77/><F123/><W124/><G122/><T58/><D34/><U19/><E63/><V47/><F128/><W120/><G131/><T36/><D126/><U119/><E119/><V16/><F35/><W2/><G120/><T24/><D36/><U116/><E116/><V59/><F117/><W82/><G118/><T69/><D79/><U45/><E32/><V39/><F59/><W55/><G124/><T57/><D24/><U70/><E41/><V26/><F39/><W18/><G2/><T90/><D109/><U64/><E64/><V111/><F47/><W83/><G83/><T11/><D54/><U65/><E65/><V84/><F77/><N who="3" m="46415" /><G68/><T75/><D75/><U135/><E70/><V61/><F61/><W7/><G33/><T8/><D69/><U46/><E135/><V37/><F37/><W43/><G43/><T134/><D66/><U56/><E56/><V10/><F10/><N who="3" m="4311" /><G7/><T97/><D134/><N who="2" m="51818" /><F111/><W127/><G127/><T112/><D112/><U71/><E71/><V92/><F23/><W91/><G62/><T52/><D8/><U29/><E9/><V130/><F130/><W44/><G44/><T12/><D1/><U49/><E38/><V98/><F98/><N who="3" m="57663" /><G55/><T74/><D74/><U80/><E72/><V3/><F3/><W76/><G76/><T14/><D14/><U48/><E78/><V107/><F107/><N who="0" m="41034" /><D52/><N who="1" m="29711" /><E19/><AGARI ba="0,0" hai="16,17,19,22,26,84,85,87,92,99,102" m="51818" machi="19" ten="30,3900,0" yaku="20,1,52,1,54,1" doraHai="89" who="2" fromWho="1" sc="250,0,250,-39,250,39,250,0" /><INIT seed="1,0,0,3,1,48" ten="250,211,289,250" oya="1" hai0="1,129,45,107,16,132,73,11,102,58,37,55,126" hai1="104,12,18,40,131,65,127,121,96,41,51,6,103" hai2="34,128,27,90,91,114,67,43,113,124,66,13,22" hai3="125,84,100,24,134,31,5,9,76,38,115,44,97"/><U133/><E121/><V52/><F128/><W28/><G115/><N who="2" m="44041" /><F124/><W92/><G134/><T60/><D73/><U116/><E116/><V42/><F34/><W119/><G119/><T68/><D129/><U2/><E127/><V117/><F13/><W93/><G125/><T122/><D126/><U88/><E131/><V15/><F15/><W89/><G76/><T50/><D132/><U64/><E133/><V61/><F117/><W94/><G38/><T118/><D118/><U62/><E2/><V87/><F42/><N who="1" m="16489" /><E104/><V135/><F43/><W111/><G44/><T86/><D37/><U29/><E103/><V8/><F8/><W32/><G31/><T81/><D102/><U106/><E106/><V110/><F110/><W72/><G111/><T101/><D101/><U85/><E96/><V130/><F130/><W120/><G120/><T99/><D99/><U59/><E29/><N who="2" m="17655" /><F135/><W23/><G32/><T75/><D107/><U25/><E6/><V109/><F109/><W47/><G9/><T56/><D1/><U35/><E35/><V95/><F90/><W14/><G5/><T79/><D11/><N who="1" m="6431" /><E51/><V53/><F67/><W7/><G7/><T57/><D122/><U108/><E108/><V54/><F66/><W77/><G100/><T123/><D123/><U19/><E65/><V4/><F4/><W26/><G89/><T70/><D60/><AGARI ba="0,0" hai="52,53,54,60,61,87,91,95" m="17655,44041" machi="60" ten="30,8000,1" yaku="11,1,52,3,54,1" doraHai="48" who="2" fromWho="0" sc="250,-80,211,0,289,80,250,0" /><INIT seed="2,0,0,3,5,60" ten="170,211,369,250" oya="2" hai0="109,125,120,31,135,87,129,46,39,72,108,123,63" hai1="29,13,0,95,49,28,33,15,43,99,111,132,8" hai2="4,101,7,67,103,51,21,61,121,133,127,19,79" hai3="90,106,34,77,1,83,52,81,5,44,18,113,78"/><V114/><F114/><W93/><G106/><T68/><D72/><U105/><E105/><V96/><F121/><N who="0" m="46666" /><D31/><U122/><E122/><V91/><F133/><W70/><G70/><T57/><D87/><U94/><E111/><N who="0" m="42569" /><D129/><U16/><E132/><V23/><F127/><W53/><G34/><T36/><D135/><U74/><E0/><V104/><F96/><W37/><G113/><T12/><D12/><U24/><E74/><V14/><F14/><W11/><G18/><T102/><D102/><U2/><E2/><V65/><F19/><W98/><G81/><T71/><D125/><U45/><E29/><V130/><F103/><W48/><G78/><T62/><D62/><U32/><E32/><V54/><F61/><W25/><G25/><T80/><D80/><U124/><E124/><V118/><F101/><W47/><G83/><T35/><D35/><U3/><E3/><V42/><F79/><W55/><G77/><T107/><D107/><U38/><E99/><V117/><F104/><W126/><G126/><T40/><D36/><U30/><E30/><V119/><F130/><W134/><G134/><T100/><D100/><U97/><E97/><V6/><F91/><W112/><G112/><T84/><D84/><U41/><E15/><V116/><F116/><W56/><G37/><T10/><D10/><U58/><E38/><V75/><F75/><W69/><G69/><T92/><D92/><U26/><E26/><V27/><F27/><W59/><G48/><T73/><D73/><U66/><E94/><V20/><F118/><W17/><G17/><T115/><D115/><RYUUKYOKU ba="0,0" sc="170,15,211,-15,369,-15,250,15" hai0="39,40,46,57,63,68,71" hai3="1,5,11,44,47,52,53,55,56,59,90,93,98" /><INIT seed="3,1,0,1,3,64" ten="185,196,354,265" oya="3" hai0="129,88,39,31,45,48,3,49,33,121,61,102,32" hai1="27,20,119,1,17,104,24,9,70,34,51,40,72" hai2="126,90,26,52,62,6,54,46,55,68,75,8,44" hai3="28,80,12,56,100,99,71,60,101,59,135,47,5"/><W14/><G135/><T81/><D121/><U43/><E72/><V131/><F131/><W23/><G71/><T103/><D3/><U123/><E123/><V65/><F126/><W42/><G80/><T122/><D122/><U109/><E104/><V125/><F125/><W128/><G59/><T15/><D129/><U85/><E70/><V63/><F75/><W53/><G128/><T67/><D39/><U130/><E130/><V0/><F63/><W10/><G99/><T18/><D31/><U94/><E109/><V22/><REACH who="2" step="1"/><F90/><REACH who="2" ten="185,196,344,265" step="2"/><W91/><G91/><T69/><D32/><U133/><E34/><V73/><F73/><W115/><G115/><T13/><D33/><U113/><E113/><V7/><F7/><W105/><G105/><T127/><D127/><U11/><E119/><V16/><AGARI ba="1,1" hai="0,6,8,16,22,26,44,46,52,54,55,62,65,68" machi="16" ten="30,8000,1" yaku="1,1,0,1,52,1,54,2,53,0" doraHai="64" doraHaiUra="84" who="2" fromWho="2" sc="185,-21,196,-21,344,93,265,-41" owari="164,-33.6,175,-22.5,437,53.7,224,2.4" /></mjloggm>