<mjloggm ver="2.3"><GO type="225" lobby="0"/><UN n0="%E3%82%BC%E3%83%AB%E3%83%80%E3%81%AE%E4%BC%9D%E8%AA%AC" n1="%E8%A8%88%E7%AE%97%E6%A9%9F%E8%87%AA%E7%84%B6" n2="%E3%83%B4%E3%83%A0%EF%BC%99%E3%81%A6" n3="%E7%9A%AE%E3%80%85" dan="17,17,17,16" rate="2135.88,2143.55,2150.35,2175.53" sx="M,M,M,F"/><TAIKYOKU oya="0"/><INIT seed="0,0,0,4,2,135" ten="250,250,250,250" oya="0" hai0="69,47,51,106,60,125,8,85,132,97,114,119,57" hai1="65,76,32,96,41,64,108,120,40,34,18,93,7" hai2="22,82,5,121,42,112,95,73,6,48,128,46,102" hai3="44,33,9,1,72,89,13,16,54,87,103,2,58"/><T113/><D119/><U115/><E120/><V70/><F121/><W11/><G72/><T19/><D69/><U75/><E7/><V117/><F112/><W77/><G77/><T129/><D132/><U45/><E108/><V123/><F123/><W38/><G103/><T109/><D129/><U28/><E40/><V17/><F70/><W20/><G33/><T99/><D109/><U67/><E28/><V74/><F128/><W21/><G38/><T100/><D99/><U110/><E18/><V37/><F117/><W84/><G84/><T36/><D36/><U98/><E98/><N who="2" m="59743" /><F73/><W62/><G44/><T50/><D50/><U14/><E14/><N who="2" m="9527" /><F74/><W127/><G127/><T61/><D125/><U78/><E115/><V24/><F37/><W0/><REACH who="3" step="1"/><G11/><REACH who="3" ten="250,250,250,240" step="2"/><T30/><D85/><U118/><E110/><V83/><F24/><W53/><G53/><T111/><D111/><U3/><E32/><V27/><F27/><W43/><G43/><T31/><D114/><U86/><E34/><V55/><F42/><W91/><G91/><T26/><D113/><U101/><E75/><V49/><F46/><W25/><G25/><T79/><D79/><N who="1" m="30251" /><E118/><V71/><F55/><W35/><G35/><N who="0" m="20951" /><D31/><U92/><E41/><V10/><F10/><W80/><AGARI ba="0,1" hai="0,1,2,9,13,16,20,21,54,58,62,80,87,89" machi="80" ten="30,4000,0" yaku="1,1,0,1,54,1,53,0" doraHai="135" doraHaiUra="133" who="3" fromWho="3" sc="250,-20,250,-10,250,-10,240,50" /><INIT seed="1,0,0,1,5,95" ten="230,240,240,290" oya="1" hai0="114,127,17,27,80,13,6,45,15,83,62,52,65" hai1="25,129,108,7,28,39,14,118,5,102,9,79,64" hai2="29,123,124,92,84,67,77,90,78,1,66,82,96" hai3="105,109,128,40,111,37,74,130,75,134,85,103,126"/><U117/><E39/><V32/><F123/><W10/><G134/><T51/><D114/><U54/><E64/><V98/><F1/><W46/><G10/><T100/><D127/><U101/><E79/><N who="2" m="30219" /><F32/><W30/><G85/><T20/><D100/><U4/><E54/><V94/><F124/><W0/><G30/><T18/><D6/><N who="1" m="2667" /><E101/><N who="2" m="60551" /><F29/><W36/><G0/><T58/><REACH who="0" step="1"/><D27/><REACH who="0" ten="220,240,240,290" step="2"/><U68/><E102/><AGARI ba="0,1" hai="66,67,82,84,90,94,98,102" m="60551,30219" machi="102" ten="30,3900,0" yaku="8,1,52,2" doraHai="95" who="2" fromWho="1" sc="220,0,240,-39,240,49,290,0" /><INIT seed="2,0,0,5,4,16" ten="220,201,289,290" oya="2" hai0="50,15,27,94,105,56,119,98,5,48,24,116,53" hai1="102,39,2,109,43,65,71,66,73,32,82,99,34" hai2="108,31,7,69,40,95,1,61,125,8,101,6,33" hai3="26,28,41,44,52,83,45,100,0,12,75,89,47"/><V46/><F125/><W123/><G0/><T117/><D105/><N who="1" m="63711" /><E65/><V131/><F131/><W81/><G123/><T30/><D48/><U9/><E109/><V55/><F108/><W115/><G115/><T124/><D124/><U23/><E23/><V37/><F7/><W49/><G75/><T118/><N who="0" m="29696" /><DORA hai="67" /><T19/><D5/><N who="1" m="1207" /><E66/><V29/><F33/><W129/><G129/><T126/><D30/><U22/><E22/><V112/><F112/><W60/><G100/><N who="0" m="60503" /><D126/><U51/><E51/><V91/><F101/><W68/><G12/><T86/><D86/><U104/><E71/><V133/><F69/><W35/><G68/><T114/><D114/><U10/><E10/><AGARI ba="0,0" hai="10,15,19,24,27,50,53,56" m="60503,29696" machi="10" ten="60,2000,0" yaku="12,1" doraHai="16,67" who="0" fromWho="1" sc="220,20,201,-20,289,0,290,0" /><INIT seed="3,0,0,0,2,39" ten="240,181,289,290" oya="3" hai0="110,69,62,12,87,94,24,67,56,132,88,80,46" hai1="113,48,41,117,47,82,29,104,55,73,23,35,36" hai2="51,28,13,112,58,66,85,127,98,75,115,108,4" hai3="65,119,107,57,134,79,17,25,122,106,92,1,121"/><W118/><G17/><T49/><D110/><U5/><E113/><V27/><F75/><W111/><G57/><T93/><D132/><U10/><E117/><N who="3" m="44554" /><G92/><T3/><D3/><U33/><E104/><N who="3" m="39978" /><G25/><T116/><D116/><U131/><E131/><V133/><F108/><W76/><G76/><T71/><D24/><U99/><E99/><V72/><F72/><W123/><G79/><T97/><D12/><U52/><E55/><V38/><F38/><W42/><G42/><T68/><REACH who="0" step="1"/><D97/><REACH who="0" ten="230,181,289,290" step="2"/><U129/><E129/><V9/><F133/><W86/><G111/><T11/><D11/><U44/><E23/><N who="2" m="15487" /><F112/><W37/><G134/><T19/><D19/><U22/><E22/><V60/><F115/><W105/><G105/><T34/><D34/><U26/><E33/><V70/><F98/><W103/><G103/><T20/><D20/><U31/><E31/><V8/><F8/><W63/><G86/><T128/><D128/><U59/><E73/><V45/><F85/><W18/><G18/><T2/><D2/><U53/><E82/><V14/><F9/><W15/><G15/><T54/><AGARI ba="0,1" hai="46,49,54,56,62,67,68,69,71,80,87,88,93,94" machi="54" ten="30,7900,0" yaku="1,1,0,1,54,1,53,1" doraHai="39" doraHaiUra="78" who="0" fromWho="0" sc="230,89,181,-20,289,-20,290,-39" owari="319,41.9,161,-33.9,269,6.9,251,-14.9" /></mjloggm>