<mjloggm ver="2.3"><GO type="225" lobby="0"/><UN n0="%E6%9C%88%E5%B3%B6%E5%9F%BA" n1="%41%6F%54" n2="%28%EF%BF%A3%E2%96%BD%EF%BF%A3%29%CE%B4%E2%8C%92%E3%83%BB" n3="%E6%B7%91%E5%A5%B3%E3%81%AE%E5%97%9C%E3%81%BF" dan="16,16,17,16" rate="2031.56,2071.20,2275.02,2131.72" sx="M,M,M,M"/><TAIKYOKU oya="0"/><INIT seed="0,0,0,2,2,6" ten="250,250,250,250" oya="0" hai0="5,131,41,11,17,72,40,64,102,108,23,50,127" hai1="71,89,93,77,27,70,78,45,0,31,62,73,16" hai2="39,56,35,85,129,115,114,80,2,58,4,98,67" hai3="12,26,34,36,9,14,38,74,49,107,101,90,96"/><T128/><D72/><U86/><E0/><V76/><F35/><W95/><G74/><T97/><D64/><U57/><E45/><V48/><F39/><W15/><G49/><T43/><D127/><U134/><E134/><V53/><F129/><N who="0" m="49738" /><D108/><U116/><E116/><V100/><F67/><W29/><G38/><T60/><D60/><U113/><E113/><V59/><F115/><W126/><G36/><T124/><D124/><U92/><E73/><V61/><F114/><W10/><REACH who="3" step="1"/><G126/><REACH who="3" ten="250,250,250,240" step="2"/><T75/><D75/><U3/><E70/><V33/><F48/><W30/><G30/><T18/><D50/><U119/><E71/><V83/><F61/><W111/><G111/><T79/><D41/><U117/><E117/><V65/><F59/><W125/><G125/><T55/><D43/><U112/><E119/><V47/><F58/><W103/><G103/><T25/><D40/><U54/><E112/><V42/><F56/><W130/><G130/><T88/><D102/><U69/><E69/><V32/><F100/><W84/><AGARI ba="0,1" hai="9,10,12,14,15,26,29,34,84,90,95,96,101,107" machi="84" ten="30,7900,0" yaku="1,1,0,1,52,2,53,0" doraHai="6" doraHaiUra="13" who="3" fromWho="3" sc="250,-39,250,-20,250,-20,240,89" /><INIT seed="1,0,0,4,4,134" ten="211,230,230,329" oya="1" hai0="75,124,22,110,99,38,81,121,0,80,51,119,70" hai1="31,63,98,19,102,103,112,10,107,86,106,73,116" hai2="42,46,11,1,72,50,71,129,45,65,122,59,105" hai3="14,15,8,34,6,111,113,126,48,82,21,108,85"/><U54/><E112/><V76/><F105/><W4/><G34/><T117/><D38/><U95/><E116/><V13/><F122/><W69/><G69/><T67/><D0/><U114/><E114/><V41/><F129/><W57/><G113/><T78/><D121/><U118/><E118/><V100/><F100/><W30/><G126/><T25/><D110/><N who="3" m="42025" /><G30/><T23/><D23/><U131/><E131/><V20/><F71/><W36/><G36/><T68/><D68/><U132/><E132/><V47/><F1/><W35/><G35/><T40/><D124/><U52/><E73/><V2/><F2/><N who="3" m="23" /><G6/><T133/><D133/><U93/><E31/><V39/><F42/><W109/><G21/><T44/><D117/><U94/><E102/><V84/><F20/><W77/><G109/><T89/><D119/><U135/><E135/><V27/><F39/><W64/><G48/><T3/><D3/><U26/><E106/><V53/><F41/><W29/><G29/><T79/><D22/><U33/><E33/><V55/><F50/><W60/><AGARI ba="0,0" hai="14,15,57,60,64,77,82,85" m="23,42025" machi="60" ten="30,1100,0" yaku="14,1" doraHai="134" who="3" fromWho="3" sc="211,-3,230,-5,230,-3,329,11" /><INIT seed="2,0,0,3,1,96" ten="208,225,227,340" oya="2" hai0="16,60,86,26,71,108,73,72,113,84,135,18,25" hai1="38,103,5,22,130,0,62,1,128,77,93,19,127" hai2="92,133,51,37,110,82,134,61,100,53,6,102,87" hai3="55,75,115,116,58,70,120,2,50,8,107,125,123"/><V20/><F37/><W54/><G116/><T3/><D113/><U41/><E77/><N who="2" m="46543" /><F110/><W59/><G115/><T31/><D3/><U114/><E114/><V44/><F6/><W14/><G75/><T35/><D108/><U105/><E105/><V46/><F92/><W11/><G70/><T15/><D135/><N who="2" m="51722" /><F46/><W78/><G107/><T74/><D26/><U69/><E5/><V40/><F20/><W24/><G2/><T124/><D124/><U117/><E22/><V45/><F45/><W48/><G125/><T111/><D111/><U28/><E93/><V106/><F106/><W91/><G123/><T99/><D99/><U13/><E38/><V126/><F126/><W4/><G120/><T129/><D129/><U47/><E47/><V52/><F40/><W121/><G121/><T109/><D109/><U64/><E41/><V122/><F122/><W9/><G4/><T94/><D94/><U36/><E36/><V81/><F81/><W104/><G104/><T132/><D132/><U83/><E83/><V97/><F97/><W63/><G8/><T32/><D32/><U101/><E127/><V34/><F34/><W12/><G9/><T79/><D79/><U68/><E0/><V30/><F30/><W89/><G78/><T17/><REACH who="0" step="1"/><D15/><REACH who="0" ten="198,225,227,340" step="2"/><U49/><E1/><V56/><AGARI ba="0,1" hai="44,51,52,53,56,61,100,102" m="51722,46543" machi="56" ten="30,11700,0" yaku="20,1,52,2,54,1" doraHai="96" who="2" fromWho="2" sc="198,-39,225,-39,227,127,340,-39" /><INIT seed="2,1,0,4,1,132" ten="159,186,354,301" oya="2" hai0="93,24,84,119,77,87,70,63,12,102,0,80,43" hai1="113,76,68,11,120,107,95,29,105,126,8,46,73" hai2="57,134,82,69,21,3,1,106,125,19,53,58,32" hai3="26,47,104,128,135,23,17,20,122,64,50,55,103"/><V72/><F106/><W92/><G122/><T54/><D0/><U27/><E113/><V94/><F69/><W66/><G135/><T67/><D119/><U91/><E68/><V7/><F32/><W51/><G104/><T114/><D114/><U45/><E120/><V5/><F58/><W100/><G128/><T34/><D43/><U60/><E60/><V61/><F134/><W74/><G74/><T31/><D54/><U109/><E109/><V124/><F94/><W131/><G131/><T16/><D102/><N who="3" m="38953" /><G92/><T44/><D44/><U99/><E107/><V13/><F82/><W86/><G86/><T121/><D121/><U25/><E25/><V88/><F88/><W123/><G123/><T37/><D37/><U49/><E46/><V112/><F72/><W52/><G23/><T97/><D97/><U117/><E105/><V59/><F59/><AGARI ba="1,0" hai="17,20,26,47,50,51,52,55,59,64,66" m="38953" machi="59" ten="30,2000,0" yaku="8,1,54,1" doraHai="132" who="3" fromWho="2" sc="159,0,186,0,354,-23,301,23" /><INIT seed="3,0,0,4,4,34" ten="159,186,331,324" oya="3" hai0="134,135,73,19,95,132,27,37,38,87,61,7,110" hai1="45,84,122,96,109,28,129,72,100,0,102,6,75" hai2="30,17,16,36,46,94,56,13,11,89,58,97,93" hai3="123,81,51,117,64,2,66,68,35,101,18,127,25"/><W130/><G117/><T59/><D73/><U91/><E28/><V49/><F36/><W67/><G123/><T112/><D110/><U119/><E122/><V116/><F116/><W105/><G127/><T106/><D106/><U83/><E119/><V85/><F30/><N who="3" m="19919" /><G130/><T62/><D112/><U78/><E109/><V131/><F17/><W63/><G2/><T48/><D48/><U70/><E70/><V99/><F131/><W23/><G51/><T104/><D104/><U33/><E33/><V92/><F97/><N who="3" m="61615" /><G81/><T42/><D7/><U22/><E22/><V4/><F4/><W86/><G86/><T39/><D42/><U98/><E45/><V53/><F94/><W71/><G71/><T88/><D59/><U29/><E29/><V80/><F93/><W74/><G74/><N who="1" m="28202" /><E0/><V43/><F53/><W128/><G128/><T54/><D54/><U120/><E6/><V57/><F57/><W14/><AGARI ba="0,0" hai="14,18,23,63,64,66,67,68" m="61615,19919" machi="14" ten="30,1500,0" yaku="25,1" doraHai="34" who="3" fromWho="3" sc="159,-5,186,-5,331,-5,324,15" owari="154,-34.6,181,-21.9,326,12.6,339,43.9" /></mjloggm>