<mjloggm ver="2.3"><GO type="225" lobby="0"/><UN n0="%E3%81%BF%E3%81%BF%E3%81%9A" n1="%77%72%77%72%77%72%77%72" n2="%E5%91%A8%E6%9D%B1" n3="%E3%82%A4%E3%83%BC%E3%82%B1%E3%83%97%E3%83%A9" dan="18,17,16,17" rate="2212.33,2158.43,2132.96,2214.02" sx="M,M,M,M"/><TAIKYOKU oya="0"/><INIT seed="0,0,0,5,5,98" ten="250,250,250,250" oya="0" hai0="27,64,67,25,18,135,26,11,68,42,33,5,8" hai1="70,74,115,10,22,103,7,123,14,122,78,48,43" hai2="52,102,125,93,105,57,41,79,130,40,86,128,96" hai3="120,107,129,84,88,30,87,59,108,31,20,19,2"/><T1/><D42/><U72/><E70/><V101/><F125/><W73/><G73/><T54/><D135/><U15/><E115/><V112/><F112/><W12/><G2/><T106/><D106/><U17/><E72/><V36/><F36/><W121/><G107/><T51/><D33/><U3/><E3/><V113/><F113/><W55/><G108/><T95/><D68/><U90/><E90/><N who="2" m="53463" /><F79/><W76/><G87/><T37/><D37/><U38/><E38/><V75/><F75/><W82/><G129/><N who="2" m="49769" /><F102/><W23/><G76/><T34/><D34/><U44/><REACH who="1" step="1"/><E103/><REACH who="1" ten="250,240,250,250" step="2"/><V60/><AGARI ba="0,1" hai="40,41,52,57,60,96,101,105" m="49769,53463" machi="60" ten="30,4000,0" yaku="19,1,52,1,54,1" doraHai="98" who="2" fromWho="2" sc="250,-20,240,-10,250,50,250,-10" /><INIT seed="1,0,0,4,3,22" ten="230,230,300,240" oya="1" hai0="79,56,86,24,132,10,69,29,11,45,9,119,112" hai1="28,13,98,96,4,39,1,68,66,35,108,12,25" hai2="88,113,120,125,15,48,81,72,127,44,18,77,55" hai3="118,37,80,27,14,95,123,109,93,43,46,57,61"/><U131/><E39/><V31/><F120/><W0/><G0/><T102/><D69/><U30/><E131/><V74/><F113/><W92/><G123/><T20/><D112/><U26/><E108/><V58/><F31/><W115/><G115/><T52/><D119/><U53/><E53/><V34/><F34/><W124/><G109/><T51/><D132/><U49/><E49/><V36/><F74/><W97/><G124/><N who="2" m="47689" /><F88/><W38/><G38/><T130/><D130/><U16/><E1/><V126/><F126/><W54/><G118/><T73/><D73/><U64/><E4/><V41/><F15/><W129/><G129/><T128/><D128/><U100/><E68/><V85/><F72/><W17/><G80/><N who="0" m="47391" /><D102/><U111/><E111/><V84/><F84/><W83/><G83/><T63/><D9/><U7/><E7/><V135/><F18/><W70/><G70/><T99/><D99/><U105/><E98/><V62/><F135/><W104/><G104/><T2/><D2/><U82/><E82/><V67/><F36/><W87/><G87/><T32/><D32/><U78/><E78/><V133/><F133/><W110/><G110/><T60/><D60/><U40/><E12/><V90/><F77/><W106/><G106/><T121/><D121/><U101/><E101/><V117/><F117/><W116/><G116/><T76/><D76/><U8/><E40/><AGARI ba="0,0" hai="40,41,44,48,55,58,62,67,81,85,90" m="47689" machi="40" ten="30,1000,0" yaku="18,1" doraHai="22" who="2" fromWho="1" sc="230,0,230,-10,300,10,240,0" /><AGARI ba="0,0" hai="10,11,20,24,29,40,45,51,52,56,63" m="47391" machi="40" ten="30,3900,0" yaku="8,1,52,1,54,1" doraHai="22" who="0" fromWho="1" sc="230,39,220,-39,310,0,240,0" /><INIT seed="2,0,0,3,3,111" ten="269,181,310,240" oya="2" hai0="40,4,34,55,7,82,75,79,110,27,118,9,68" hai1="52,23,45,130,78,53,39,58,121,74,36,120,63" hai2="131,98,127,72,77,20,103,10,56,38,41,5,100" hai3="114,71,90,126,13,99,51,57,107,66,6,73,26"/><V16/><F127/><W128/><G73/><T28/><D110/><U69/><E23/><V101/><F131/><W15/><G71/><T108/><D108/><U32/><E32/><V129/><F129/><W44/><G126/><T123/><D123/><N who="1" m="47179" /><E78/><V93/><F77/><W115/><G128/><T95/><D118/><U81/><E81/><V50/><F38/><N who="1" m="14377" /><E74/><V1/><F72/><W21/><G57/><T60/><D40/><U47/><E130/><V102/><F56/><W116/><G66/><T83/><D83/><U92/><E92/><V18/><REACH who="2" step="1"/><F20/><REACH who="2" ten="269,181,300,240" step="2"/><W35/><G21/><T30/><D79/><U46/><E69/><V87/><F87/><W124/><G124/><T80/><D75/><U33/><E33/><V11/><F11/><W94/><G35/><T49/><D9/><U70/><E70/><V117/><F117/><W134/><G116/><T84/><D68/><U59/><E58/><V113/><F113/><W122/><G115/><T19/><D34/><U76/><E76/><V85/><F85/><W31/><G114/><T125/><D84/><U91/><E91/><V132/><F132/><W96/><G90/><T119/><D125/><U61/><E61/><V106/><F106/><W64/><G107/><T48/><D119/><U54/><AGARI ba="0,1" hai="45,46,47,52,53,54,59,63" m="14377,47179" machi="54" ten="40,8000,1" yaku="13,1,34,2,54,1" doraHai="111" who="1" fromWho="1" sc="269,-20,181,90,300,-40,240,-20" /><INIT seed="3,0,0,3,5,7" ten="249,271,260,220" oya="3" hai0="70,127,56,57,125,63,113,65,0,1,106,124,44" hai1="80,79,38,58,25,11,49,96,85,84,102,75,134" hai2="16,88,89,115,131,48,81,53,108,92,12,52,116" hai3="133,4,21,27,5,62,132,45,17,109,37,68,90"/><W83/><G109/><T126/><N who="0" m="31744" /><DORA hai="41" /><T64/><D106/><U71/><E38/><V74/><F108/><W91/><G68/><T128/><D128/><U8/><E71/><V24/><F131/><W110/><G110/><T6/><D113/><U40/><E134/><N who="3" m="51818" /><G62/><N who="0" m="37959" /><D6/><N who="3" m="2665" /><G83/><T18/><D18/><U59/><E25/><V121/><F115/><W101/><G101/><T69/><D69/><U60/><E84/><N who="2" m="52231" /><F74/><W103/><G103/><T9/><D9/><N who="1" m="3659" /><E75/><V3/><F3/><N who="0" m="1098" /><D70/><U31/><E31/><V72/><F72/><W130/><G130/><T13/><D13/><U54/><E40/><AGARI ba="0,0" hai="17,21,27,37,40,45,90,91" m="2665,51818" machi="40" ten="30,2900,0" yaku="20,1,52,1" doraHai="7,41" who="3" fromWho="1" sc="249,0,271,-29,260,0,220,29" /><INIT seed="3,1,0,3,2,36" ten="249,242,260,249" oya="3" hai0="92,87,128,95,3,62,117,61,81,71,67,5,114" hai1="19,0,88,113,23,20,80,98,131,89,124,46,25" hai2="37,127,129,59,45,11,58,118,132,1,82,109,69" hai3="112,6,28,135,53,108,76,66,134,79,27,133,33"/><W52/><G112/><T94/><D117/><U73/><E113/><V78/><F118/><W85/><G66/><T47/><D114/><U83/><E0/><V93/><F69/><W106/><G106/><T12/><D128/><U48/><E131/><V31/><F129/><W18/><G6/><T111/><D62/><U110/><E110/><V101/><F31/><W68/><G68/><T55/><D111/><U77/><E124/><V24/><F24/><W41/><G108/><T104/><D104/><U43/><E98/><V17/><F127/><W90/><G18/><T130/><D3/><U4/><E4/><V26/><F1/><W30/><G30/><T50/><D130/><U13/><REACH who="1" step="1"/><E80/><REACH who="1" ten="249,232,260,249" step="2"/><V39/><F82/><N who="3" m="49463" /><G41/><T44/><D5/><U70/><E70/><V54/><F109/><W126/><G126/><T96/><D96/><U125/><E125/><V14/><F132/><W102/><G102/><T103/><D103/><U63/><E63/><V16/><F101/><W105/><G105/><T116/><D116/><U10/><E10/><V57/><F11/><W35/><G35/><T60/><D60/><U91/><E91/><V122/><F122/><W107/><G107/><T29/><D61/><U65/><E65/><V121/><F121/><W7/><G7/><T34/><D67/><U42/><E42/><V56/><F93/><N who="0" m="35946" /><D71/><U2/><E2/><V8/><F8/><W84/><G84/><T99/><D99/><U115/><E115/><V123/><F123/><W120/><G120/><T72/><D87/><U22/><E22/><V9/><N who="2" m="14336" /><DORA hai="49" /><V38/><F9/><RYUUKYOKU ba="1,1" sc="249,-15,232,15,260,-15,249,15" hai1="13,19,20,23,25,43,46,48,73,77,83,88,89" hai3="27,28,33,52,53,76,79,133,134,135" /><INIT seed="3,2,1,3,4,106" ten="234,247,245,264" oya="3" hai0="51,30,29,11,15,6,66,12,103,86,41,126,43" hai1="22,89,79,57,87,119,32,90,98,128,71,16,44" hai2="73,49,72,23,1,25,31,135,34,110,54,53,122" hai3="92,123,129,115,113,88,48,81,94,76,121,120,47"/><W124/><G124/><T60/><D126/><U101/><E71/><V0/><F110/><W100/><G129/><T18/><D103/><U38/><E32/><V107/><F107/><W36/><G36/><T109/><D109/><U112/><E128/><V35/><F135/><W116/><G116/><T58/><D86/><U104/><E112/><N who="3" m="43082" /><G48/><T61/><D61/><U105/><E105/><V10/><F122/><W95/><G47/><N who="0" m="26095" /><D43/><U97/><E119/><V131/><F131/><W65/><G65/><T24/><D24/><U133/><E133/><V78/><F78/><W117/><G117/><T40/><D40/><U33/><E33/><V132/><F132/><W59/><G59/><T64/><D64/><U77/><E57/><V127/><F127/><W5/><G5/><T50/><D50/><U52/><E38/><V27/><F49/><W114/><N who="3" m="43090" /><W20/><DORA hai="19" /><G20/><AGARI ba="2,1" hai="6,11,12,15,18,20,29,30,58,60,66" m="26095" machi="20" ten="30,2000,0" yaku="8,1,52,1" doraHai="106,19" who="0" fromWho="3" sc="234,36,247,0,245,0,264,-26" /><INIT seed="4,0,0,3,4,41" ten="270,247,245,238" oya="0" hai0="110,85,54,37,35,69,49,14,24,72,1,76,127" hai1="122,48,94,74,111,84,118,83,79,115,19,101,23" hai2="38,126,27,63,39,17,75,131,31,78,107,6,90" hai3="117,81,112,105,89,102,121,120,12,32,61,88,34"/><T29/><D1/><U2/><E111/><V9/><F126/><W95/><G117/><T28/><D37/><U58/><E118/><V25/><F131/><W134/><G112/><T103/><D69/><U93/><E2/><V56/><F107/><W22/><G134/><T45/><D127/><U7/><E122/><N who="3" m="47210" /><G105/><T53/><D72/><U119/><E119/><V91/><F78/><W96/><G61/><T99/><D110/><U21/><E115/><V59/><F75/><W73/><G102/><T92/><D14/><U98/><E7/><V60/><F6/><W3/><G3/><T71/><D71/><U97/><E74/><V33/><F9/><W8/><G22/><T135/><D135/><U42/><E19/><V52/><F39/><W13/><G89/><T87/><D29/><U15/><E15/><N who="3" m="5706" /><G8/><T26/><D26/><U40/><E21/><V65/><REACH who="2" step="1"/><F38/><REACH who="2" ten="270,247,235,238" step="2"/><W116/><G116/><T130/><D130/><U4/><E4/><V20/><AGARI ba="0,1" hai="17,20,25,27,31,33,52,56,59,60,63,65,90,91" machi="20" ten="30,7900,0" yaku="1,1,2,1,0,1,54,1,53,0" doraHai="41" doraHaiUra="70" who="2" fromWho="2" sc="270,-39,247,-20,235,89,238,-20" owari="231,3.1,227,-17.3,324,42.4,218,-28.2" /></mjloggm>