<mjloggm ver="2.3"><GO type="225" lobby="0"/><UN n0="%E6%97%A5%E6%9B%9C%E6%97%A5%E3%82%88%E3%82%8A%E3%81%AE%E4%BD%BF%E8%80%85" n1="%E7%B4%94%E6%BD%94%E3%83%94%E3%83%A9%E3%83%8B%E3%82%A2" n2="%4B%2E%32%2E%4B%2E" n3="%E3%81%82%E3%81%97%E3%82%85%E3%82%8A%E3%82%93" dan="17,17,17,16" rate="2205.49,2229.76,2177.91,2097.47" sx="M,M,M,M"/><TAIKYOKU oya="0"/><INIT seed="0,0,0,1,4,123" ten="250,250,250,250" oya="0" hai0="66,125,32,5,103,29,26,37,134,108,135,114,52" hai1="60,102,112,122,45,110,129,115,99,35,36,82,80" hai2="74,22,116,79,40,25,44,91,105,72,90,9,89" hai3="63,83,117,69,124,10,2,16,78,0,18,13,97"/><T33/><D114/><N who="1" m="43563" /><E35/><V21/><F105/><W128/><G117/><T6/><D37/><U43/><E122/><V95/><F116/><W132/><G124/><T28/><D66/><U46/><E129/><V86/><F9/><W23/><G128/><T106/><D106/><N who="1" m="63839" /><E46/><V57/><F57/><W130/><G130/><T111/><D103/><U53/><E110/><N who="0" m="42025" /><D125/><U58/><AGARI ba="0,0" hai="36,43,45,53,58,60,80,82" m="63839,43563" machi="58" ten="30,1100,0" yaku="11,1" doraHai="123" who="1" fromWho="1" sc="250,-5,250,11,250,-3,250,-3" /><INIT seed="1,0,0,2,5,11" ten="245,261,247,247" oya="1" hai0="115,124,135,5,81,12,22,21,1,99,41,61,36" hai1="127,54,125,13,56,92,96,0,131,105,70,4,9" hai2="30,40,57,17,45,59,119,133,118,75,31,46,108" hai3="89,87,48,86,51,35,64,16,103,122,28,83,42"/><U106/><E70/><V20/><F75/><W109/><G122/><T78/><D115/><U100/><E131/><V116/><F108/><W65/><G109/><T37/><D37/><U98/><E0/><V25/><F133/><W34/><G103/><T76/><D76/><U71/><E71/><V107/><F107/><W130/><G130/><T111/><D61/><U53/><E53/><V69/><F69/><W15/><G34/><T110/><D99/><U19/><E4/><V121/><F121/><W113/><G28/><T123/><D123/><U50/><REACH who="1" step="1"/><E96/><REACH who="1" ten="245,251,247,247" step="2"/><V132/><F132/><W7/><G7/><T85/><D1/><U77/><E77/><V134/><F134/><W6/><G6/><T44/><D135/><U101/><E101/><V129/><F129/><W33/><G113/><T39/><D111/><U52/><E52/><V90/><F90/><N who="3" m="51551" /><G35/><T97/><D97/><U47/><E47/><V38/><F46/><N who="3" m="25687" /><G33/><T91/><D110/><U94/><E94/><V74/><F119/><W79/><G79/><T73/><D44/><U102/><E102/><V29/><F118/><W80/><G51/><T95/><D39/><U55/><E55/><V32/><F116/><W58/><G58/><T23/><D36/><U66/><E66/><V43/><F32/><W63/><G63/><T60/><D60/><U10/><E10/><AGARI ba="0,1" hai="10,15,16,64,65,80,87,89" m="25687,51551" machi="10" ten="30,3900,0" yaku="8,1,52,1,54,1" doraHai="11" who="3" fromWho="1" sc="245,0,251,-39,247,0,247,49" /><INIT seed="2,0,0,3,2,113" ten="245,212,247,296" oya="2" hai0="15,103,7,84,110,58,35,48,132,101,99,45,75" hai1="44,39,14,59,77,16,37,123,67,10,87,21,34" hai2="23,133,2,62,86,36,80,52,129,108,5,70,9" hai3="42,106,64,124,111,109,25,8,121,66,11,85,117"/><V127/><F36/><W46/><G121/><T91/><D75/><U71/><E34/><V47/><F127/><W72/><G72/><T81/><D35/><U105/><E105/><V60/><F129/><W43/><G106/><T119/><D110/><N who="3" m="41993" /><G124/><T4/><D132/><U1/><E71/><V107/><F108/><W31/><G85/><T24/><D119/><U27/><E1/><V56/><F133/><W73/><G73/><T125/><D125/><U130/><E130/><V94/><F107/><W128/><G117/><T116/><D116/><U33/><E33/><V104/><F104/><W6/><G43/><T26/><D58/><U134/><E123/><V76/><F47/><W30/><G8/><N who="0" m="4487" /><D7/><U102/><E102/><N who="0" m="38921" /><D99/><U12/><E12/><V131/><F131/><W118/><G118/><T61/><D61/><U74/><E74/><V79/><F94/><W120/><G120/><T122/><D122/><U49/><E134/><V90/><REACH who="2" step="1"/><F23/><REACH who="2" ten="245,212,237,296" step="2"/><N who="3" m="15679" /><G128/><T112/><D112/><U17/><E37/><V22/><F22/><W19/><G46/><T126/><D126/><U65/><E39/><V29/><F29/><W50/><G31/><T0/><D0/><U13/><E44/><V96/><F96/><W82/><G82/><T100/><N who="0" m="38929" /><T28/><DORA hai="51" /><D28/><U97/><E97/><V68/><F68/><W95/><G95/><T3/><D3/><U98/><E98/><V88/><F88/><W54/><G42/><AGARI ba="0,1" hai="24,26,42,45,48,81,84,91" m="38929,4487" machi="42" ten="30,1000,0" yaku="8,1" doraHai="113,51" who="0" fromWho="3" sc="245,20,212,0,237,0,296,-10" /><INIT seed="3,0,0,3,1,0" ten="265,212,237,286" oya="3" hai0="86,27,117,133,103,23,115,5,101,56,49,7,20" hai1="10,89,26,39,87,3,62,112,32,90,126,4,55" hai2="40,16,130,92,53,33,41,75,95,54,73,34,9" hai3="88,111,124,91,120,99,11,79,102,110,134,78,1"/><W64/><G124/><T69/><D69/><U83/><E126/><V106/><F106/><W63/><G134/><T96/><D117/><U44/><E112/><V14/><F130/><W48/><G48/><T12/><D133/><U38/><E89/><N who="3" m="34378" /><G1/><T125/><D125/><U8/><E8/><V80/><F80/><W31/><G11/><T132/><D132/><U121/><E121/><V127/><F127/><W51/><G51/><T128/><D128/><U108/><E108/><N who="3" m="41514" /><G31/><T18/><D115/><U43/><E38/><V57/><F9/><W15/><G15/><T60/><D49/><U25/><REACH who="1" step="1"/><E32/><REACH who="1" ten="265,202,237,286" step="2"/><V45/><F34/><W61/><G120/><T93/><D103/><U85/><E85/><V47/><F33/><W114/><G114/><T28/><D86/><U24/><E24/><V50/><F75/><W135/><G135/><T81/><D81/><U123/><E123/><V42/><F73/><W65/><G102/><T116/><D116/><U17/><E17/><V58/><F16/><W72/><G72/><T119/><D119/><U129/><E129/><V76/><F76/><W52/><G99/><T109/><D109/><U84/><E84/><V104/><F42/><W77/><G77/><T13/><D13/><U66/><E66/><AGARI ba="0,1" hai="5,7,12,18,20,23,27,28,56,60,66,93,96,101" machi="66" ten="30,12000,2" yaku="7,1,25,2,8,1,52,2" doraHai="0" who="0" fromWho="1" sc="265,130,202,-120,237,0,286,0" owari="395,49.5,82,-41.8,237,-16.3,286,8.6" /></mjloggm>