<mjloggm ver="2.3"><GO type="225" lobby="0"/><UN n0="%E9%A6%AC%E5%BC%95%E7%81%AB%33" n1="%E5%B8%86%E7%AB%8B%E5%A4%8F%E8%A1%A3" n2="%6D%61%74%69%67%75%73%61" n3="%E3%81%95%E3%81%8D%E3%81%9F%E3%81%BE%E6%9E%97%E6%AA%8E" dan="16,17,17,16" rate="2064.58,2271.43,2110.06,2157.85" sx="M,M,M,M"/><TAIKYOKU oya="0"/><INIT seed="0,0,0,3,4,30" ten="250,250,250,250" oya="0" hai0="56,102,128,119,21,29,113,97,134,61,79,70,28" hai1="55,2,98,0,43,91,68,104,12,20,6,94,120" hai2="41,31,115,51,133,9,34,62,36,99,69,58,96" hai3="84,8,32,125,77,38,76,131,110,129,60,19,103"/><T40/><D113/><U10/><E120/><V16/><F115/><W7/><G38/><T26/><D119/><U127/><E127/><V63/><F36/><W53/><G125/><T64/><D128/><N who="3" m="49225" /><G103/><T71/><D134/><U117/><E117/><V14/><F69/><W95/><G110/><T44/><D29/><U130/><E68/><V89/><F133/><W5/><G95/><T93/><REACH who="0" step="1"/><D79/><REACH who="0" ten="240,250,250,250" step="2"/><U90/><E130/><V33/><F31/><W111/><G77/><T132/><D132/><U39/><E0/><V101/><F89/><W78/><G78/><T107/><D107/><U88/><E104/><V22/><F101/><W87/><G76/><T116/><D116/><U81/><E81/><V72/><F34/><W82/><G111/><T100/><D100/><U25/><E2/><V11/><F33/><W52/><G82/><T54/><D54/><U57/><E43/><V114/><F41/><W106/><G106/><T105/><D105/><U123/><E123/><V83/><F114/><W112/><G52/><T126/><D126/><U27/><E90/><V42/><F83/><W18/><G53/><T121/><D121/><U135/><E91/><V108/><F42/><W74/><G112/><T73/><D73/><U66/><E135/><V45/><F72/><W80/><G74/><T124/><D124/><U23/><E55/><V65/><F108/><W59/><G80/><T118/><D118/><U46/><E88/><V49/><F45/><W47/><G47/><T50/><AGARI ba="0,1" hai="21,26,28,40,44,50,56,61,64,70,71,93,97,102" machi="50" ten="20,12000,1" yaku="1,1,0,1,7,1,25,2,53,0" doraHai="30" doraHaiUra="109" who="0" fromWho="0" sc="240,130,250,-40,250,-40,250,-40" /><INIT seed="0,1,0,4,2,90" ten="370,210,210,210" oya="0" hai0="74,38,105,2,67,118,56,57,110,120,94,89,107" hai1="49,44,32,92,80,73,4,16,48,97,81,99,43" hai2="21,98,46,106,42,54,124,41,77,126,17,123,61" hai3="87,14,113,117,33,114,47,36,39,6,125,60,75"/><T5/><D118/><U65/><E32/><V45/><F77/><W0/><G117/><T64/><D120/><U119/><E119/><V91/><F106/><W68/><G75/><T101/><D38/><U59/><E73/><V10/><F10/><W71/><G0/><T95/><D74/><U23/><E4/><V51/><F123/><W78/><G33/><T127/><D127/><U128/><E99/><V76/><F76/><W63/><G125/><T104/><D110/><U102/><E128/><V31/><F31/><W96/><G96/><T62/><D101/><U26/><E49/><V93/><F126/><W12/><G87/><T55/><D89/><U112/><E112/><V37/><F124/><W72/><G72/><T84/><D84/><U53/><E43/><V20/><F17/><W100/><G78/><T129/><D129/><U58/><E58/><V27/><F27/><W9/><G100/><T108/><D108/><U122/><E122/><V82/><F82/><W85/><G85/><T25/><D25/><U133/><E133/><V35/><F35/><W50/><G50/><T8/><D55/><U13/><E26/><V40/><F40/><W15/><G15/><T79/><D79/><U88/><E102/><V69/><F37/><W29/><G29/><T131/><D131/><U103/><E103/><V7/><F42/><W19/><G19/><T11/><D11/><U66/><E59/><V109/><F109/><W121/><G121/><T86/><D86/><U111/><E111/><V3/><F41/><W52/><G39/><T134/><D134/><U83/><AGARI ba="1,0" hai="13,16,23,44,48,53,65,66,80,81,83,88,92,97" machi="83" ten="30,12000,2" yaku="5,1,0,1,8,1,52,1,54,2" doraHai="90" who="1" fromWho="1" sc="370,-61,210,123,210,-31,210,-31" /><INIT seed="1,0,0,5,5,19" ten="309,333,179,179" oya="1" hai0="37,129,35,28,63,40,110,106,30,95,83,96,31" hai1="120,109,101,97,32,91,65,103,62,76,26,4,115" hai2="3,92,61,104,20,52,55,45,93,22,15,21,60" hai3="117,86,81,17,132,102,127,105,69,27,70,42,98"/><U34/><E115/><V111/><F104/><W18/><G132/><T10/><D106/><U66/><E120/><V43/><F3/><W5/><G42/><T88/><D110/><U0/><E109/><V64/><F111/><W75/><G75/><T36/><D35/><U89/><E76/><V131/><F131/><W11/><G127/><T44/><D129/><U94/><E66/><V135/><F15/><W74/><G74/><T29/><N who="0" m="7168" /><DORA hai="12" /><T121/><D121/><U56/><E26/><V99/><F135/><W77/><G117/><T82/><D36/><U71/><E71/><V114/><F114/><W107/><G107/><T125/><D125/><U118/><E118/><V6/><F6/><W133/><G133/><T23/><D10/><U123/><E123/><V113/><F92/><W124/><G124/><T112/><D112/><U59/><E59/><V68/><F61/><W41/><G41/><T14/><REACH who="0" step="1"/><D63/><REACH who="0" ten="299,333,179,179" step="2"/><U9/><E34/><V122/><F122/><W38/><G38/><T47/><D47/><U49/><E32/><V16/><F113/><W84/><G105/><T72/><D72/><U39/><E39/><V50/><REACH who="2" step="1"/><F16/><AGARI ba="0,1" hai="14,16,23,37,40,44,82,83,88,95,96" m="7168" machi="16" ten="50,12000,2" yaku="1,1,52,2,54,2,53,1" doraHai="19,12" doraHaiUra="90,1" who="0" fromWho="2" sc="299,130,333,0,179,-120,179,0" /><INIT seed="2,0,0,5,0,0" ten="429,333,59,179" oya="2" hai0="111,23,63,5,46,99,71,83,47,38,70,3,97" hai1="49,32,115,6,134,15,132,61,78,60,20,57,55" hai2="58,67,128,95,73,42,11,94,22,119,41,126,114" hai3="52,29,39,122,21,117,100,120,113,105,14,79,112"/><V88/><F114/><N who="3" m="44139" /><G39/><T81/><D23/><U1/><E115/><V103/><F119/><W86/><G117/><T127/><D3/><U107/><E107/><V77/><F73/><W85/><G105/><T64/><D38/><U69/><E32/><V82/><F128/><W54/><G100/><T118/><D118/><U124/><E124/><V33/><F33/><W90/><G79/><T110/><D63/><U101/><E101/><V87/><F126/><W56/><G54/><T65/><D127/><U37/><E37/><V59/><F22/><W66/><G66/><T48/><D48/><U104/><E104/><V106/><F106/><W34/><G34/><T26/><D26/><U9/><E78/><V74/><F11/><W93/><G86/><T68/><D71/><U31/><E69/><V80/><F67/><W135/><G135/><N who="1" m="51754" /><E31/><V109/><F109/><W98/><G98/><T12/><D12/><U28/><E28/><V40/><REACH who="2" step="1"/><F103/><REACH who="2" ten="429,333,49,179" step="2"/><W91/><G122/><T108/><D111/><U13/><E20/><V96/><F96/><W45/><G120/><T43/><D64/><U130/><E130/><V30/><F30/><W4/><G29/><T129/><D129/><U16/><E9/><V84/><F84/><W76/><G21/><T123/><D65/><U36/><E1/><V24/><F24/><W35/><G35/><T75/><D110/><U121/><E121/><V19/><F19/><W27/><G27/><T25/><D108/><U116/><E116/><V133/><F133/><W51/><G85/><T2/><D123/><U89/><E16/><V10/><F10/><RYUUKYOKU ba="0,1" sc="429,-10,333,-10,49,30,179,-10" hai2="40,41,42,58,59,74,77,80,82,87,88,94,95" /><INIT seed="2,1,1,5,0,129" ten="419,323,79,169" oya="2" hai0="83,97,135,86,120,109,50,71,134,74,25,29,81" hai1="75,79,88,112,117,51,40,125,7,9,104,68,26" hai2="0,107,33,85,90,78,61,1,17,16,91,44,37" hai3="99,130,84,127,39,115,124,54,64,11,60,58,102"/><V36/><F107/><W105/><G130/><T8/><D109/><U100/><E68/><V77/><F44/><W89/><G115/><T21/><D120/><U82/><E117/><V41/><F85/><W95/><G39/><T32/><D71/><U70/><E70/><V23/><F23/><W49/><REACH who="3" step="1"/><G11/><REACH who="3" ten="419,323,79,159" step="2"/><T114/><D8/><U119/><E112/><V14/><F33/><W27/><G27/><T34/><D25/><U10/><E26/><V59/><F41/><W96/><G96/><T19/><D97/><U46/><E10/><V66/><F14/><W118/><G118/><T22/><D32/><U87/><E119/><V48/><F48/><W113/><G113/><T56/><D50/><U106/><E125/><V15/><F15/><W13/><G13/><T69/><D34/><U35/><E35/><V55/><F61/><W110/><G110/><T80/><D114/><U38/><E51/><V133/><F133/><W108/><G108/><T20/><D135/><U43/><E43/><V76/><F76/><W31/><G31/><T63/><D29/><U128/><E128/><V4/><F4/><W92/><G92/><T5/><D5/><U30/><E30/><V121/><F121/><W94/><G94/><T93/><D93/><N who="1" m="54431" /><E106/><V6/><F6/><W132/><G132/><T62/><D62/><U45/><E40/><V53/><REACH who="2" step="1"/><F66/><REACH who="2" ten="419,323,69,159" step="2"/><W98/><G98/><T12/><D63/><U2/><E38/><V123/><F123/><W52/><G52/><T111/><D134/><U28/><E28/><V103/><F103/><W116/><G116/><T67/><D111/><RYUUKYOKU ba="1,3" sc="419,-30,323,10,69,10,159,10" hai1="2,7,9,45,46,75,79,82,100,104" hai2="0,1,16,17,36,37,53,55,59,77,78,90,91" hai3="49,54,58,60,64,84,89,95,99,102,105,124,127" /><INIT seed="2,2,3,1,4,63" ten="389,333,79,169" oya="2" hai0="47,35,70,50,66,68,76,20,102,107,110,10,61" hai1="3,99,0,134,72,131,2,18,60,82,106,34,6" hai2="73,108,113,127,97,84,67,115,87,55,89,96,9" hai3="100,126,123,77,37,128,92,58,121,28,122,105,125"/><V71/><F55/><W124/><G37/><T74/><D35/><U45/><E18/><V65/><F71/><W117/><G28/><T54/><D110/><U91/><E91/><V95/><F73/><W39/><G39/><T86/><D74/><U130/><E134/><V12/><F127/><W111/><G58/><T62/><D10/><U41/><E60/><V109/><F9/><W80/><G117/><T78/><D86/><U103/><E34/><V16/><F12/><W1/><G1/><T19/><D102/><U31/><E31/><V104/><F16/><W79/><G105/><T85/><D85/><U14/><E14/><V118/><F118/><W42/><G42/><T75/><D107/><U93/><E93/><V32/><F32/><W44/><G44/><T7/><D75/><U48/><E6/><V129/><F129/><N who="1" m="49161" /><E3/><V40/><F89/><W133/><G133/><T51/><D50/><U22/><E22/><V21/><F21/><W27/><G27/><T120/><D7/><U90/><E90/><V56/><F95/><W26/><G26/><T57/><D70/><U83/><E83/><V52/><F104/><W69/><G69/><T25/><D120/><U5/><E5/><V15/><F15/><W119/><G119/><T43/><AGARI ba="2,3" hai="19,20,25,43,47,51,54,57,61,62,66,68,76,78" machi="43" ten="20,2700,0" yaku="0,1,7,1,52,1" doraHai="63" who="0" fromWho="0" sc="389,63,333,-9,79,-15,169,-9" /><INIT seed="3,0,0,5,0,5" ten="452,324,64,160" oya="3" hai0="106,39,91,86,112,66,45,81,126,60,11,105,31" hai1="71,8,40,15,17,97,90,4,67,100,82,125,118" hai2="54,36,124,68,70,10,103,111,72,1,48,26,92" hai3="43,88,83,84,133,13,9,109,57,101,79,130,104"/><W65/><G130/><T32/><D126/><U120/><E120/><V29/><F72/><W51/><G133/><T37/><D31/><U94/><E125/><V131/><F36/><W95/><G65/><T132/><D32/><U25/><E118/><V117/><F117/><W93/><G109/><T44/><D37/><U12/><E71/><V123/><F124/><W87/><G104/><T19/><D132/><U63/><E40/><V28/><F131/><W20/><G20/><T74/><D74/><U24/><E82/><V58/><F123/><W61/><G61/><T14/><D112/><U127/><E127/><V6/><F29/><W113/><G113/><T78/><D78/><U116/><E116/><V119/><F111/><W22/><G22/><T7/><D7/><U108/><E100/><V21/><F119/><W55/><G43/><T107/><REACH who="0" step="1"/><D39/><REACH who="0" ten="442,324,64,160" step="2"/><U35/><E35/><V121/><F121/><W50/><G50/><T46/><D46/><U85/><E97/><V114/><F114/><W3/><G3/><T135/><D135/><U52/><E108/><V69/><F69/><AGARI ba="0,1" hai="11,14,19,44,45,60,66,69,81,86,91,105,106,107" machi="69" ten="40,5200,0" yaku="1,1,52,1,53,1" doraHai="5" doraHaiUra="56" who="0" fromWho="2" sc="442,62,324,0,64,-52,160,0" owari="504,60.4,324,12.4,12,-48.8,160,-24.0" /></mjloggm>