<mjloggm ver="2.3"><GO type="225" lobby="0"/><UN n0="%E9%B3%B3%E6%9D%B1%E3%81%AE%E3%81%BF%E3%81%91%E3%81%AB%E3%82%83%E3%82%93" n1="%E7%9A%AE%E3%80%85" n2="%E6%98%93%E5%88%A9%E8%96%A9%E4%BC%AF" n3="%E3%83%81%E3%83%AF%E3%83%AF%E9%9A%8A%E9%95%B7" dan="17,16,17,16" rate="2165.91,2068.53,2192.62,2088.69" sx="F,M,F,M"/><TAIKYOKU oya="0"/><INIT seed="0,0,0,1,4,89" ten="250,250,250,250" oya="0" hai0="103,101,120,45,76,111,43,0,1,96,17,54,131" hai1="55,66,31,121,35,98,62,92,8,93,52,21,115" hai2="102,16,29,5,78,26,49,24,64,95,87,134,34" hai3="107,119,58,69,105,41,72,68,100,46,14,60,36"/><T44/><D120/><U118/><E118/><V86/><F134/><W80/><G119/><T83/><D131/><U130/><E130/><V99/><F5/><W128/><G128/><T81/><D17/><U126/><E121/><V74/><F64/><W38/><G38/><T6/><D111/><U135/><E135/><V40/><F74/><W59/><G14/><T37/><D81/><U61/><E35/><V110/><F110/><W106/><G100/><T20/><D20/><U47/><E126/><V108/><F108/><W32/><G32/><T73/><D6/><U88/><E115/><V22/><REACH who="2" step="1"/><F78/><REACH who="2" ten="250,250,240,250" step="2"/><W112/><G112/><T129/><D129/><U19/><E66/><V82/><F82/><W42/><G80/><T77/><D77/><U123/><E123/><V30/><F30/><W13/><G72/><T57/><D1/><U133/><E133/><V113/><F113/><W48/><G68/><T4/><D0/><U94/><E31/><V63/><F63/><W9/><G60/><T18/><D4/><U79/><E79/><V125/><F125/><W10/><G69/><T67/><D67/><U91/><E62/><V109/><F109/><W90/><G105/><T70/><D70/><U56/><E98/><V2/><F2/><W15/><G107/><T65/><D96/><U27/><E8/><V3/><F3/><W51/><G9/><T7/><D7/><U114/><E114/><V39/><F39/><W23/><G36/><T33/><D37/><U28/><E28/><V116/><F116/><W11/><G10/><T53/><D76/><U84/><E84/><RYUUKYOKU ba="0,1" sc="250,-15,250,15,240,15,250,-15" hai1="19,21,27,47,52,55,56,61,88,91,92,93,94" hai2="16,22,24,26,29,34,40,49,86,87,95,99,102" /><INIT seed="1,1,1,2,2,81" ten="235,265,255,235" oya="1" hai0="72,37,9,106,35,42,114,103,93,95,8,38,64" hai1="89,69,19,100,14,126,84,63,132,118,29,10,104" hai2="12,7,105,98,113,128,78,102,74,77,32,123,60" hai3="3,31,43,68,56,45,73,55,76,94,44,6,17"/><U62/><E118/><V52/><F123/><W82/><G68/><T134/><D114/><U58/><E132/><V23/><F32/><W36/><G31/><T112/><D112/><U70/><E126/><V121/><F121/><W109/><G109/><T83/><D35/><U110/><E110/><V119/><F119/><W2/><G44/><T129/><D134/><U66/><E29/><V99/><F128/><W22/><G94/><T4/><D64/><U27/><E27/><V92/><F74/><W15/><REACH who="3" step="1"/><G6/><REACH who="3" ten="235,265,255,225" step="2"/><T53/><D4/><U51/><E70/><V125/><F113/><W120/><G120/><T107/><D129/><U30/><E30/><V67/><F7/><W34/><G34/><T57/><D93/><U61/><E69/><V111/><F111/><W96/><G96/><T0/><D95/><U26/><E104/><V88/><F125/><W130/><G130/><T124/><D124/><U127/><E127/><V5/><F5/><W54/><G54/><T97/><D106/><U11/><E66/><V25/><F67/><W90/><G90/><T18/><D42/><U122/><E122/><V46/><F46/><W101/><G101/><T86/><D107/><U75/><E75/><V131/><F131/><W24/><G24/><T117/><D103/><U91/><E100/><V47/><F25/><W49/><AGARI ba="1,2" hai="2,3,15,17,22,36,43,45,49,55,56,73,76,82" machi="49" ten="20,2700,0" yaku="1,1,0,1,7,1,53,0" doraHai="81" doraHaiUra="85" who="3" fromWho="3" sc="235,-8,265,-14,255,-8,225,50" /><INIT seed="2,0,0,4,3,46" ten="227,251,247,275" oya="2" hai0="2,18,93,131,61,82,41,79,74,69,125,120,63" hai1="62,100,22,130,86,113,15,88,101,110,53,97,124" hai2="33,108,14,75,31,109,21,32,0,85,49,25,44" hai3="26,13,64,96,94,116,3,103,55,19,17,78,43"/><V81/><F0/><W52/><G116/><T10/><D120/><U20/><E113/><V77/><F75/><W107/><G3/><T50/><D131/><U24/><E130/><V6/><F6/><W56/><G78/><T29/><D125/><U23/><E124/><V122/><F122/><W127/><G127/><T133/><D133/><U4/><E110/><N who="2" m="42603" /><F14/><W83/><G83/><T16/><D29/><U60/><E24/><V57/><F57/><W65/><G43/><AGARI ba="0,0" hai="21,25,31,32,33,43,44,49,77,81,85" m="42603" machi="43" ten="30,5800,0" yaku="14,1,10,1,52,1" doraHai="46" who="2" fromWho="3" sc="227,0,251,0,247,58,275,-58" /><INIT seed="2,1,0,5,5,125" ten="227,251,305,217" oya="2" hai0="0,78,111,102,53,45,58,108,115,14,38,29,67" hai1="81,4,99,118,17,103,79,69,130,109,82,96,32" hai2="10,61,48,87,124,12,68,9,31,66,43,19,21" hai3="122,25,2,20,7,22,40,28,74,51,95,5,107"/><V84/><F124/><W62/><G107/><T77/><D115/><U39/><E39/><V116/><F116/><W100/><G122/><T59/><D0/><U33/><E69/><V135/><F135/><W75/><G75/><T1/><D1/><U93/><E118/><V15/><F31/><W112/><G74/><T23/><D102/><U60/><E109/><N who="0" m="42057" /><D67/><U11/><E17/><V70/><F70/><W55/><G112/><T30/><D45/><U35/><E96/><V8/><F15/><W119/><G119/><T88/><D38/><U3/><E60/><V126/><F126/><W86/><G2/><T41/><D41/><U98/><E98/><V63/><F63/><W104/><G104/><T120/><D120/><U72/><REACH who="1" step="1"/><E82/><REACH who="1" ten="227,241,305,217" step="2"/><V123/><F123/><W64/><G62/><N who="0" m="36175" /><D30/><U57/><E57/><V24/><F68/><W42/><G28/><T13/><D59/><U90/><E90/><V54/><F66/><W65/><G64/><T50/><D50/><U36/><E36/><V101/><F48/><W76/><G65/><T27/><D88/><U16/><E16/><V117/><F19/><W26/><G51/><T121/><D121/><U44/><E44/><V85/><F61/><W83/><G83/><T49/><D49/><U114/><E114/><V110/><F117/><W131/><G40/><T106/><D106/><U113/><E113/><V129/><F43/><W37/><G42/><T132/><D132/><U52/><E52/><V133/><F54/><W56/><G55/><T92/><D92/><U134/><E134/><V105/><F110/><W73/><G37/><RYUUKYOKU ba="1,1" sc="227,15,241,15,305,-15,217,-15" hai0="13,14,23,27,29,77,78" hai1="3,4,11,32,33,35,72,79,81,93,99,103,130" /><INIT seed="3,2,1,3,5,44" ten="242,256,290,202" oya="3" hai0="69,102,60,30,25,56,68,112,127,134,10,27,37" hai1="83,38,71,53,119,55,113,99,93,118,2,65,45" hai2="67,128,64,78,14,26,16,42,0,89,123,87,129" hai3="39,51,88,131,58,84,97,80,57,101,104,70,43"/><W4/><G70/><T132/><D37/><U11/><E113/><V1/><F26/><W120/><G120/><T98/><D10/><U90/><E83/><N who="2" m="47607" /><F42/><W18/><G39/><T100/><D127/><U22/><E22/><N who="2" m="11543" /><F89/><W31/><G131/><N who="2" m="50249" /><F123/><W13/><G31/><T40/><D40/><N who="1" m="22679" /><E11/><V29/><F29/><W61/><G4/><T47/><D25/><U7/><E7/><V95/><F95/><W46/><G61/><T28/><D27/><U17/><E17/><V105/><F105/><W54/><G43/><T15/><D28/><U107/><E107/><V24/><F24/><W106/><G106/><T76/><D30/><U21/><E90/><V23/><F23/><AGARI ba="2,1" hai="13,18,23,46,51,54,57,58,80,84,88,97,101,104" machi="23" ten="30,5800,0" yaku="7,1,52,1,54,1" doraHai="44" who="3" fromWho="2" sc="242,0,256,0,290,-64,202,74" /><INIT seed="3,3,0,3,2,8" ten="242,256,226,276" oya="3" hai0="12,113,67,77,38,103,76,92,19,5,69,55,127" hai1="100,93,28,53,43,51,131,115,0,129,132,17,122" hai2="36,105,2,98,47,56,39,83,99,52,108,79,29" hai3="16,3,91,14,119,44,80,124,134,95,114,87,60"/><W117/><G114/><T59/><D38/><U9/><E115/><V96/><F105/><W84/><G3/><T85/><D113/><U49/><E28/><V42/><F108/><W66/><G124/><T72/><D127/><U10/><E122/><V120/><F120/><W61/><G134/><T41/><D41/><U126/><E126/><V89/><F2/><W107/><G107/><T11/><D72/><U102/><E132/><V128/><F128/><N who="1" m="49225" /><E43/><V125/><F125/><W133/><G44/><T123/><D123/><U58/><E51/><V94/><F29/><W45/><G45/><T68/><D68/><U62/><E93/><V26/><F26/><W13/><G133/><T4/><D67/><N who="1" m="39383" /><E9/><V35/><F35/><W31/><G31/><T97/><D69/><U20/><E10/><V50/><REACH who="2" step="1"/><F39/><REACH who="2" ten="242,256,216,276" step="2"/><W46/><G119/><T15/><D85/><AGARI ba="3,1" hai="36,42,47,50,52,56,79,83,85,89,94,96,98,99" machi="85" ten="30,7700,0" yaku="1,1,2,1,7,1,54,1,53,0" doraHai="8" doraHaiUra="21" who="2" fromWho="0" sc="242,-86,256,0,216,96,276,0" owari="156,-34.4,256,-14.4,312,41.2,276,7.6" /></mjloggm>