<mjloggm ver="2.3"><GO type="225" lobby="0"/><UN n0="%E6%81%A5%E6%99%92%E3%81%97" n1="%E3%83%94%E3%83%B3%E3%82%B5%E3%83%AD%E5%BA%97%E5%93%A1" n2="%E4%BF%BA%E3%81%A8%E5%A6%96%E5%A4%A2" n3="%E3%80%90%E3%83%88%E3%83%AA%E3%83%A5%E3%83%95%E3%80%91" dan="16,16,16,16" rate="2167.37,2147.03,2126.58,2116.51" sx="M,M,F,M"/><TAIKYOKU oya="0"/><INIT seed="0,0,0,4,4,62" ten="250,250,250,250" oya="0" hai0="58,35,4,77,125,8,20,129,109,61,51,65,76" hai1="102,7,82,90,88,16,60,39,40,83,118,23,74" hai2="15,11,0,47,96,133,18,24,127,120,49,121,116" hai3="104,68,3,80,46,111,117,81,43,50,57,84,131"/><T28/><D125/><U6/><E118/><V97/><F127/><W85/><G117/><T73/><D129/><U72/><E102/><V21/><F133/><W45/><G111/><T31/><D109/><U53/><E39/><V93/><F116/><W13/><G68/><T78/><D73/><U48/><E40/><V19/><F0/><W33/><G33/><T5/><D35/><U54/><E60/><V89/><REACH who="2" step="1"/><F97/><REACH who="2" ten="250,250,240,250" step="2"/><W98/><G3/><T36/><D36/><U122/><E122/><V134/><F134/><W128/><G98/><T110/><D110/><U38/><E38/><V41/><AGARI ba="0,1" hai="11,15,18,19,21,24,41,47,49,89,93,96,120,121" machi="41" ten="20,5200,0" yaku="1,1,0,1,7,1,53,1" doraHai="62" doraHaiUra="91" who="2" fromWho="2" sc="250,-26,250,-13,240,62,250,-13" /><INIT seed="1,0,0,1,4,32" ten="224,237,302,237" oya="1" hai0="45,35,15,33,114,105,61,34,72,41,107,93,74" hai1="20,9,92,95,118,63,51,38,135,52,81,1,112" hai2="13,115,19,55,16,49,37,111,14,43,3,46,40" hai3="86,12,0,29,133,7,48,44,59,6,39,68,21"/><U64/><E112/><V90/><F115/><W30/><G68/><T91/><D114/><U97/><E118/><V36/><F111/><W109/><G109/><T42/><D15/><U76/><E38/><V129/><F129/><W127/><G133/><T26/><D26/><U17/><E135/><V117/><F117/><W73/><G73/><T5/><D61/><U120/><E120/><V83/><F3/><W71/><G71/><T122/><D122/><U28/><E28/><V88/><F37/><W89/><G127/><T128/><D128/><U99/><E95/><V10/><F83/><W78/><G78/><T56/><D56/><N who="1" m="36967" /><E1/><V54/><F54/><W110/><G110/><T104/><D5/><U98/><E9/><V121/><F121/><W103/><G103/><T25/><D25/><N who="1" m="14479" /><E81/><V8/><F40/><N who="3" m="24583" /><G39/><T124/><D124/><U70/><E70/><V119/><F119/><W134/><G134/><T108/><D108/><U130/><E76/><V31/><F31/><N who="3" m="11787" /><G59/><AGARI ba="0,0" hai="8,10,13,14,16,19,36,43,46,49,55,59,88,90" machi="59" ten="30,7700,0" yaku="7,1,9,1,54,2" doraHai="32" who="2" fromWho="3" sc="224,0,237,0,302,77,237,-77" /><INIT seed="2,0,0,2,3,73" ten="224,237,379,160" oya="2" hai0="59,56,127,13,66,99,19,87,117,124,77,95,16" hai1="54,96,78,1,33,6,103,133,112,101,0,92,119" hai2="67,69,70,52,51,38,21,74,107,108,24,89,129" hai3="93,43,105,15,132,104,63,81,31,68,39,30,82"/><V18/><F38/><W71/><G39/><T94/><D117/><U113/><E119/><V135/><F107/><W60/><G15/><T75/><D75/><U126/><E33/><V2/><F2/><W80/><G93/><T9/><D19/><U102/><E133/><V49/><F135/><W26/><G132/><T22/><D9/><U65/><E126/><N who="0" m="48169" /><D66/><U97/><E65/><V47/><F129/><W91/><G26/><T34/><D34/><U128/><E128/><V88/><F74/><W50/><G50/><T100/><D94/><U7/><E92/><V123/><F123/><W58/><G58/><T55/><D55/><U118/><E54/><V44/><F108/><W98/><G98/><T72/><D72/><U84/><E118/><V41/><REACH who="2" step="1"/><F67/><REACH who="2" ten="224,237,369,160" step="2"/><W106/><G91/><AGARI ba="0,1" hai="18,21,24,41,44,47,49,51,52,69,70,88,89,91" machi="91" ten="40,12000,1" yaku="1,1,2,1,54,2,53,0" doraHai="73" doraHaiUra="115" who="2" fromWho="3" sc="224,0,237,0,369,130,160,-120" /><INIT seed="2,1,0,4,1,101" ten="224,237,499,40" oya="2" hai0="42,1,33,66,109,85,108,47,34,23,31,68,82" hai1="53,124,129,79,113,4,127,87,64,36,9,5,16" hai2="105,121,12,63,119,134,59,125,30,25,107,73,83" hai3="20,37,72,58,98,8,84,3,135,106,75,60,49"/><V100/><F119/><W70/><G37/><T118/><D118/><U0/><E113/><V52/><F121/><W131/><G131/><T35/><D1/><U65/><E36/><V76/><F134/><W62/><G135/><T132/><D132/><U92/><E5/><V11/><F125/><N who="1" m="48201" /><E129/><V130/><F130/><W13/><G84/><T39/><D66/><U123/><E123/><V55/><F55/><W94/><G3/><T89/><D68/><U21/><E53/><V93/><F93/><W27/><G49/><T17/><D31/><U95/><E95/><V88/><F88/><W115/><G115/><T102/><D102/><U26/><E92/><V29/><F100/><W19/><G106/><T6/><D6/><U86/><E86/><V43/><F43/><W50/><G50/><T91/><D89/><U67/><E87/><V133/><F133/><W22/><G70/><T45/><D47/><U10/><E10/><V128/><F128/><W120/><G120/><T80/><D80/><U112/><E112/><V69/><F30/><W38/><G38/><T116/><D116/><U48/><E48/><V14/><F14/><W122/><G122/><T54/><D54/><U56/><E79/><V97/><F97/><W96/><G96/><T32/><N who="0" m="8192" /><DORA hai="114" /><T104/><D104/><U103/><E103/><V18/><F69/><W44/><G72/><T28/><D28/><U78/><E78/><V117/><F117/><W57/><G75/><T74/><D74/><U24/><E24/><V41/><F73/><W81/><G27/><N who="0" m="14831" /><D82/><U61/><AGARI ba="1,0" hai="0,4,9,16,21,26,56,61,64,65,67" m="48201" machi="61" ten="30,2000,0" yaku="18,1,54,1" doraHai="101,114" who="1" fromWho="1" sc="224,-6,237,23,499,-11,40,-6" /><INIT seed="3,0,0,1,1,121" ten="218,260,488,34" oya="3" hai0="50,55,90,99,3,128,120,97,6,93,103,81,68" hai1="70,131,12,45,56,43,116,33,132,24,57,40,18" hai2="32,63,49,101,1,107,108,39,124,113,54,47,106" hai3="26,94,122,118,52,17,126,8,112,61,14,29,119"/><W80/><G80/><T92/><D68/><U48/><E70/><V87/><F113/><W35/><G122/><T102/><D120/><U10/><E131/><V114/><F114/><W134/><G112/><T127/><D127/><U135/><E116/><V28/><F1/><W69/><G126/><T86/><D128/><U83/><E43/><V42/><F124/><W133/><G94/><T88/><D3/><U125/><E125/><V66/><F101/><W2/><G69/><T25/><D6/><U46/><E46/><V74/><F74/><W79/><G79/><T111/><D111/><U16/><E83/><V0/><F0/><W95/><G95/><T31/><D90/><U19/><E33/><V15/><F15/><W21/><G52/><T59/><D25/><U64/><E24/><V5/><F108/><W65/><G65/><T91/><D31/><U76/><E76/><V78/><F5/><W71/><G61/><T109/><D109/><U130/><E130/><V51/><F51/><W7/><REACH who="3" step="1"/><G71/><REACH who="3" ten="218,260,488,24" step="2"/><T104/><D104/><U36/><E64/><V58/><F78/><W27/><G27/><T22/><D91/><U82/><E82/><V123/><F123/><W60/><G60/><T77/><D77/><U37/><E57/><V20/><F107/><W89/><G89/><T34/><D34/><U129/><E129/><V30/><F106/><W11/><G11/><T73/><D73/><U75/><E75/><V62/><F66/><W9/><G9/><T53/><D55/><U96/><E56/><V13/><F63/><W85/><G85/><T23/><AGARI ba="0,1" hai="22,23,50,53,59,81,86,88,92,93,97,99,102,103" machi="23" ten="30,8000,1" yaku="5,1,0,1,9,1,8,1,54,1" doraHai="121" who="0" fromWho="0" sc="218,90,260,-20,488,-20,24,-40" owari="308,10.8,240,-16.0,468,56.8,-16,-51.6" /></mjloggm>