<mjloggm ver="2.3"><GO type="225" lobby="0"/><UN n0="%E3%83%96%E3%83%83%E3%83%91%E3%82%AA%E3%83%96%E3%83%81%E3%82%AD%E3%83%B3" n1="%E7%99%BD%E9%B9%BF%E6%84%9B%E8%8E%89" n2="%E3%83%A9%E3%83%BC%E3%83%A1%E3%83%B3%E4%BA%94%E9%83%8E" n3="%4B%2E%32%2E%4B%2E" dan="16,17,16,17" rate="2189.91,2132.82,2083.72,2202.02" sx="M,F,M,M"/><TAIKYOKU oya="0"/><INIT seed="0,0,0,2,4,30" ten="250,250,250,250" oya="0" hai0="52,22,10,44,123,82,41,4,87,84,105,14,29" hai1="101,56,127,70,45,20,39,51,132,19,80,90,32" hai2="125,1,58,3,7,25,66,77,8,120,129,64,16" hai3="108,71,119,23,74,93,68,17,79,24,34,97,53"/><T47/><D123/><U131/><E70/><V134/><F120/><W21/><G119/><T78/><D105/><U133/><E101/><V6/><F125/><W33/><G108/><T118/><D118/><U48/><E127/><V42/><F129/><W126/><G126/><T60/><D87/><N who="1" m="50535" /><E32/><V122/><F122/><W92/><G53/><T124/><D124/><U107/><E107/><V43/><F134/><N who="1" m="51817" /><E131/><V103/><F103/><W81/><G92/><T11/><D11/><U75/><E75/><V69/><F69/><W9/><G9/><T27/><REACH who="0" step="1"/><D41/><REACH who="0" ten="240,250,250,250" step="2"/><N who="1" m="22719" /><E56/><AGARI ba="0,1" hai="4,10,14,22,27,29,44,47,52,56,60,78,82,84" machi="56" ten="40,7700,0" yaku="1,1,8,1,54,1,53,0" doraHai="30" doraHaiUra="88" who="0" fromWho="1" sc="240,87,250,-77,250,0,250,0" /><INIT seed="0,1,0,0,1,54" ten="327,173,250,250" oya="0" hai0="2,50,36,127,40,71,52,77,94,13,90,37,110" hai1="132,100,105,25,118,86,4,73,15,21,56,120,14" hai2="129,23,46,42,44,32,102,76,51,33,7,11,78" hai3="93,113,38,5,114,3,47,72,27,75,96,17,61"/><T70/><D2/><U8/><E73/><V48/><F129/><W117/><G117/><T49/><D77/><U88/><E118/><V65/><F102/><W82/><G27/><T30/><D30/><U89/><E120/><V104/><F104/><W45/><G17/><T91/><D127/><U55/><E132/><V20/><F65/><W83/><G5/><T81/><D110/><U1/><E105/><V126/><F126/><W69/><G3/><T106/><D106/><U79/><E100/><V18/><F33/><W135/><G135/><T22/><D81/><U87/><E15/><N who="2" m="5631" /><F32/><W9/><G9/><T26/><D13/><U80/><E86/><V66/><F66/><W130/><G130/><T115/><D49/><N who="1" m="30831" /><E1/><V98/><F98/><W0/><G0/><T10/><D91/><U53/><E53/><N who="2" m="29831" /><F23/><W39/><G61/><T43/><D36/><U119/><E119/><V116/><F116/><W85/><G85/><T34/><D37/><U19/><AGARI ba="1,0" hai="4,8,14,19,21,25,79,80,87,88,89" m="30831" machi="19" ten="30,4000,0" yaku="8,1,52,1,54,1" doraHai="54" who="1" fromWho="1" sc="327,-21,173,43,250,-11,250,-11" /><INIT seed="1,0,0,1,5,26" ten="306,216,239,239" oya="1" hai0="116,68,47,92,40,52,27,77,134,90,80,74,46" hai1="82,81,0,69,106,65,24,99,119,103,19,112,8" hai2="56,35,133,39,49,108,21,33,70,50,85,130,13" hai3="34,102,20,37,127,38,132,10,28,109,6,95,111"/><U59/><E119/><V32/><F70/><W12/><G34/><T129/><D116/><U2/><E59/><V86/><F39/><W7/><G127/><T18/><D134/><U42/><E112/><V43/><F133/><W17/><G132/><T15/><D129/><U61/><E42/><V72/><F72/><W89/><G102/><T121/><D121/><U83/><REACH who="1" step="1"/><E24/><REACH who="1" ten="306,206,239,239" step="2"/><V14/><F43/><W29/><G38/><T9/><D68/><U36/><E36/><V125/><F56/><W117/><G37/><T62/><D40/><U73/><E73/><V93/><F130/><W115/><G117/><T101/><D27/><U98/><E98/><V84/><F85/><N who="3" m="52655" /><G115/><T66/><D74/><U41/><E41/><V114/><F114/><W4/><G111/><T55/><D47/><U94/><E94/><V5/><F93/><W75/><G75/><T126/><D46/><U113/><E113/><V58/><F108/><W124/><G109/><T67/><D92/><U135/><E135/><V25/><F86/><W87/><G124/><T104/><D126/><U30/><E30/><N who="3" m="11882" /><G87/><T44/><D104/><U120/><E120/><V31/><F125/><W11/><AGARI ba="0,1" hai="4,6,7,10,11,12,17,20" m="11882,52655" machi="11" ten="30,7900,0" yaku="8,1,52,3" doraHai="26" who="3" fromWho="3" sc="306,-20,206,-39,239,-20,239,89" /><INIT seed="2,0,0,1,0,109" ten="286,167,219,328" oya="2" hai0="69,11,102,1,30,131,64,40,99,87,70,122,6" hai1="96,125,7,65,37,132,134,62,44,104,63,119,76" hai2="54,112,118,22,126,111,5,20,53,66,79,35,17" hai3="90,68,31,28,9,57,45,18,8,84,74,129,116"/><V117/><F35/><W27/><G68/><T12/><D122/><U51/><E76/><V39/><F39/><W93/><G116/><T123/><D123/><U83/><E83/><V133/><F111/><W15/><G74/><T135/><D131/><U81/><E81/><V124/><F5/><W0/><G129/><T71/><D135/><N who="1" m="51755" /><E96/><V29/><F133/><W23/><G45/><T10/><D40/><N who="1" m="22543" /><E104/><V42/><F79/><W67/><G0/><T26/><D87/><U73/><E7/><V108/><F108/><W3/><G3/><T47/><D47/><U36/><E36/><V46/><F29/><N who="3" m="17663" /><G8/><T106/><D11/><U89/><E89/><V78/><F78/><W50/><G28/><T115/><D12/><U33/><E33/><V114/><F17/><W60/><G31/><T82/><D82/><U100/><E73/><V14/><F14/><W86/><G50/><T48/><D48/><U19/><E119/><V105/><F105/><W130/><G130/><T85/><D85/><AGARI ba="0,0" hai="9,15,18,57,60,67,84,85,86,90,93" m="17663" machi="85" ten="30,1000,0" yaku="8,1" doraHai="109" who="3" fromWho="0" sc="286,-10,167,0,219,0,328,10" /><INIT seed="3,0,0,1,4,83" ten="276,167,219,338" oya="3" hai0="65,25,134,72,131,102,100,24,12,67,10,19,103" hai1="109,81,33,98,75,9,7,23,55,29,36,53,56" hai2="6,126,114,15,18,31,116,14,22,101,1,16,97" hai3="58,69,123,77,8,89,117,107,20,94,95,21,2"/><W118/><G123/><T127/><D72/><U51/><E109/><V39/><F114/><W27/><G69/><T99/><D127/><U40/><E33/><V92/><F116/><W86/><G107/><T93/><D134/><U71/><E71/><V87/><F39/><W45/><G77/><T63/><D131/><U112/><E112/><V106/><F126/><W3/><G21/><T88/><REACH who="0" step="1"/><D65/><REACH who="0" ten="266,167,219,338" step="2"/><U105/><E105/><V124/><F124/><W104/><G104/><T62/><D62/><U38/><E98/><V50/><F106/><W74/><G74/><T13/><D13/><U79/><E55/><V110/><F1/><W57/><G2/><T0/><D0/><U34/><E34/><V37/><F15/><W122/><G117/><T41/><D41/><U76/><E76/><V44/><F14/><W132/><G132/><T32/><D32/><U64/><E64/><V128/><F128/><W47/><G3/><T82/><D82/><U121/><E121/><V96/><F96/><W43/><G43/><T80/><D80/><U59/><E40/><V85/><F110/><W17/><G118/><T130/><D130/><U119/><E119/><V5/><F97/><W35/><G35/><T49/><D49/><U26/><REACH who="1" step="1"/><E59/><AGARI ba="0,1" hai="10,12,19,24,25,59,63,67,88,93,99,100,102,103" machi="59" ten="40,5200,0" yaku="1,1,8,1,54,1,53,0" doraHai="83" doraHaiUra="46" who="0" fromWho="1" sc="266,62,167,-52,219,0,338,0" owari="328,12.8,115,-38.5,219,-18.1,338,43.8" /></mjloggm>