<mjloggm ver="2.3"><GO type="225" lobby="0"/><UN n0="%E6%9C%88%E5%B3%B6%E5%9F%BA" n1="%E3%83%96%E3%83%83%E3%83%91%E3%82%AA%E3%83%96%E3%83%81%E3%82%AD%E3%83%B3" n2="%E3%81%A4%E3%81%A3%E3%81%B1%E3%82%8A%E3%83%9D%E3%83%BC%E3%83%AB" n3="%65%78%69%73%74%2D%79" dan="17,16,17,16" rate="2184.49,2174.27,2160.13,2092.60" sx="M,M,M,M"/><TAIKYOKU oya="0"/><INIT seed="0,0,0,5,3,31" ten="250,250,250,250" oya="0" hai0="68,27,17,28,10,76,86,25,2,84,9,52,35" hai1="87,5,118,13,39,122,42,33,108,116,60,75,14" hai2="19,82,125,55,101,115,12,89,41,130,53,47,129" hai3="106,132,40,121,51,105,70,50,114,3,43,81,88"/><T11/><D68/><U127/><E75/><V113/><F125/><W46/><G114/><N who="2" m="43529" /><F101/><W8/><G70/><T112/><D112/><U110/><E60/><V99/><F99/><W21/><G132/><T36/><D36/><U58/><E58/><V72/><F89/><W100/><G21/><T111/><D111/><N who="1" m="42539" /><E122/><V98/><F98/><W15/><G3/><T133/><D133/><U20/><E87/><V24/><F24/><W23/><G23/><T91/><D76/><U30/><E127/><V90/><F90/><W65/><G100/><T49/><D27/><N who="1" m="18655" /><E42/><V104/><F82/><W32/><G32/><T117/><D117/><N who="1" m="45163" /><E39/><N who="2" m="21951" /><F72/><W67/><G121/><T16/><D2/><U85/><E85/><V103/><F55/><W7/><G81/><T123/><D123/><U0/><E20/><V95/><F53/><W135/><G135/><T97/><D97/><U6/><E6/><V34/><F34/><W48/><G88/><T64/><D86/><U44/><E44/><V26/><F103/><W131/><G46/><T71/><D64/><U18/><E18/><V128/><F128/><W69/><G131/><T29/><D84/><U79/><E79/><V56/><F56/><W1/><G67/><T94/><D91/><U62/><E62/><V78/><F78/><W120/><G120/><T37/><D94/><U63/><E63/><V83/><F95/><W107/><G43/><T61/><D17/><U4/><E4/><V93/><F93/><W134/><G40/><T54/><D16/><U77/><E77/><V124/><F124/><W73/><G134/><T38/><D35/><RYUUKYOKU ba="0,0" sc="250,-10,250,30,250,-10,250,-10" hai1="0,5,13,14" /><INIT seed="1,1,0,1,4,113" ten="240,280,240,240" oya="1" hai0="10,131,9,125,90,58,2,21,49,65,93,45,94" hai1="48,56,116,3,77,59,66,24,61,52,89,63,134" hai2="28,97,120,109,53,11,72,124,41,18,84,92,4" hai3="83,100,0,23,31,19,35,69,111,13,22,44,104"/><U39/><E134/><V26/><F72/><W40/><G69/><T78/><D125/><U122/><E122/><V130/><F120/><W27/><G111/><T37/><D37/><U75/><E3/><V57/><F109/><W115/><G115/><T119/><D119/><U105/><E39/><V30/><F124/><W126/><G126/><T38/><D38/><U85/><E105/><V106/><F106/><W7/><G83/><T108/><D108/><U8/><E8/><N who="0" m="3177" /><D2/><U99/><E75/><V87/><F41/><W60/><G60/><N who="0" m="38039" /><D131/><U127/><E127/><V47/><F47/><W67/><G67/><T68/><D68/><U73/><E73/><V1/><F130/><W80/><G80/><T132/><D132/><U17/><E77/><V98/><F18/><W129/><G129/><T133/><D78/><U33/><E33/><V5/><F5/><W135/><G135/><T15/><D133/><U88/><E116/><V102/><F97/><W51/><G7/><T64/><D64/><U62/><E99/><V36/><F36/><W118/><G118/><T29/><D90/><N who="1" m="34923" /><E85/><V54/><F54/><W117/><G117/><T74/><D74/><U110/><E110/><V107/><F107/><W20/><G0/><T71/><D71/><U16/><E17/><V91/><F91/><W25/><REACH who="3" step="1"/><G13/><REACH who="3" ten="240,280,240,230" step="2"/><T86/><D15/><U50/><E48/><N who="2" m="30887" /><F30/><W42/><G42/><N who="0" m="24759" /><D86/><U82/><E82/><V121/><F121/><W32/><G32/><T14/><D29/><U76/><E76/><V128/><F128/><W103/><G103/><T95/><D14/><U101/><E101/><RYUUKYOKU ba="1,1" sc="240,0,280,0,240,0,230,0" hai0="21,93,94,95" hai1="16,24,50,52,56,59,61,62,63,66" hai2="1,4,11,26,28,84,87,92,98,102" hai3="19,20,22,23,25,27,31,35,40,44,51,100,104" /><INIT seed="1,2,1,0,2,7" ten="240,280,240,230" oya="1" hai0="29,100,89,58,15,1,35,11,110,69,116,21,4" hai1="12,17,97,120,85,91,19,33,72,38,107,76,66" hai2="98,133,75,81,55,93,70,23,62,26,42,59,24" hai3="114,122,95,132,125,134,121,63,108,22,96,123,16"/><U128/><E120/><V88/><F133/><N who="3" m="51307" /><G114/><T99/><D69/><U101/><E38/><V71/><F42/><W117/><G117/><T82/><D116/><U54/><E128/><V50/><F50/><W102/><G108/><T14/><D110/><U129/><E129/><V87/><F75/><W44/><G44/><T65/><D35/><U37/><E37/><V115/><F115/><W2/><G2/><T53/><D65/><U84/><E33/><V77/><REACH who="2" step="1"/><F26/><REACH who="2" ten="240,280,230,230" step="2"/><N who="3" m="14663" /><G125/><T49/><D1/><U39/><E39/><V131/><F131/><W41/><G41/><T25/><D15/><U126/><E12/><V135/><F135/><W32/><G32/><T3/><D3/><U56/><E126/><V113/><F113/><W127/><G127/><T27/><D27/><U94/><E66/><V111/><F111/><W30/><G30/><AGARI ba="2,2" hai="23,24,30,55,59,62,70,71,77,81,87,88,93,98" machi="30" ten="30,8000,1" yaku="1,1,7,1,54,1,53,2" doraHai="7" doraHaiUra="64" who="2" fromWho="3" sc="240,0,280,0,230,106,230,-86" /><INIT seed="2,0,0,2,0,67" ten="240,280,336,144" oya="2" hai0="126,72,61,124,55,120,42,78,16,27,1,57,84" hai1="11,36,43,85,75,38,109,81,41,127,56,8,23" hai2="98,79,76,121,101,110,111,107,7,4,95,9,30" hai3="119,104,50,88,128,0,31,135,19,39,45,62,73"/><V83/><F121/><W33/><G119/><T35/><D120/><U22/><E75/><V46/><F30/><W86/><G73/><T125/><D1/><U115/><E115/><V99/><F46/><W6/><G104/><T12/><D42/><N who="1" m="15883" /><E38/><V113/><F113/><W133/><G128/><T34/><D72/><U29/><E109/><N who="2" m="41483" /><F83/><N who="3" m="49247" /><G39/><T91/><D27/><N who="1" m="16631" /><E127/><V117/><F117/><W89/><G89/><T102/><D102/><U25/><E56/><V20/><F20/><W2/><G19/><T58/><D58/><U18/><E36/><V106/><F7/><W92/><G92/><N who="0" m="54375" /><D78/><AGARI ba="0,0" hai="8,11,18,23,25,78,81,85" m="16631,15883" machi="78" ten="30,1000,0" yaku="8,1" doraHai="67" who="1" fromWho="0" sc="240,-10,280,10,336,0,144,0" /><INIT seed="3,0,0,2,5,4" ten="230,290,336,144" oya="3" hai0="43,73,98,17,11,83,131,41,110,22,49,90,86" hai1="48,75,106,127,23,42,91,92,122,3,104,5,16" hai2="118,1,130,128,79,132,63,116,71,88,119,14,60" hai3="65,64,123,109,129,102,81,26,84,74,57,113,24"/><W121/><G113/><T21/><D73/><U115/><E122/><V7/><F1/><W46/><G74/><T15/><D110/><U103/><E115/><V0/><F0/><W93/><G109/><T76/><D131/><N who="2" m="50218" /><F132/><W53/><G129/><T18/><D49/><U10/><E75/><V45/><F79/><N who="3" m="46143" /><G123/><T62/><D62/><N who="2" m="23594" /><F71/><W47/><G121/><T135/><D135/><U66/><E127/><V94/><F45/><N who="3" m="16907" /><G53/><T28/><D28/><U78/><E78/><V54/><F54/><W51/><G51/><T8/><D43/><U77/><E66/><N who="3" m="25706" /><G57/><T133/><D41/><U31/><E77/><V25/><F119/><W52/><G52/><T124/><D124/><U19/><E48/><V36/><F36/><W134/><G134/><T61/><D61/><U56/><E42/><V39/><F39/><W72/><G72/><T89/><D133/><U69/><E56/><V29/><F118/><W2/><G2/><T13/><D76/><U32/><E69/><V9/><F116/><W105/><G105/><T27/><D27/><N who="1" m="16895" /><E32/><V95/><F25/><W97/><AGARI ba="0,0" hai="24,26,93,97,102" m="25706,16907,46143" machi="97" ten="30,1500,0" yaku="8,1" doraHai="4" who="3" fromWho="3" sc="230,-5,290,-5,336,-5,144,15" /><INIT seed="3,1,0,2,4,114" ten="225,285,331,159" oya="3" hai0="110,116,89,16,39,63,79,9,62,2,41,94,43" hai1="40,78,72,115,76,81,7,61,132,92,23,33,118" hai2="82,131,0,58,21,25,50,106,65,100,15,60,90" hai3="11,47,111,75,57,3,101,95,53,133,31,104,77"/><W84/><G133/><T102/><D116/><U120/><E115/><V109/><F0/><W14/><G3/><T46/><D110/><U83/><E120/><V126/><F109/><W4/><G111/><T127/><D127/><U48/><E33/><V134/><F126/><W135/><G135/><T91/><D79/><U67/><E132/><V32/><F32/><W8/><G31/><T44/><D102/><U51/><E7/><V29/><F134/><W130/><G130/><T99/><D89/><U26/><E40/><V71/><F100/><W88/><G47/><T12/><REACH who="0" step="1"/><D2/><REACH who="0" ten="215,285,331,159" step="2"/><U98/><E118/><V17/><F90/><W128/><G128/><T45/><D45/><U112/><E112/><V123/><F131/><W121/><G121/><T20/><D20/><U108/><E108/><V80/><F123/><W42/><G42/><T1/><D1/><U28/><E78/><V85/><F21/><W37/><G37/><AGARI ba="1,1" hai="9,12,16,37,39,41,43,44,46,62,63,91,94,99" machi="37" ten="30,7700,0" yaku="1,1,7,1,9,1,54,1,53,0" doraHai="114" doraHaiUra="35" who="0" fromWho="3" sc="215,90,285,0,331,0,159,-80" owari="305,10.5,285,-11.5,331,43.1,79,-42.1" /></mjloggm>