<mjloggm ver="2.3"><GO type="225" lobby="0"/><UN n0="%E3%83%B4%E3%83%A0%EF%BC%99%E3%81%A6" n1="%E6%A1%9C%E8%8A%B1%E9%96%83%E3%80%85" n2="%E7%B4%94%E6%BD%94%E3%83%94%E3%83%A9%E3%83%8B%E3%82%A2" n3="%E9%BB%99%E8%81%B4%E3%81%AE%E3%81%99%E3%82%9D%E3%82%81" dan="16,16,16,16" rate="2152.44,2127.48,2127.24,2099.94" sx="M,M,M,M"/><TAIKYOKU oya="0"/><INIT seed="0,0,0,0,2,56" ten="250,250,250,250" oya="0" hai0="65,34,85,35,11,41,14,44,37,52,130,98,4" hai1="49,134,103,100,64,16,90,50,15,124,135,131,0" hai2="94,106,21,73,76,18,62,22,111,132,1,95,25" hai3="60,48,30,97,96,19,122,81,77,115,42,119,91"/><T40/><D130/><U120/><E120/><V92/><F106/><W55/><G115/><T79/><D65/><U113/><E0/><V59/><F111/><W114/><G114/><T126/><D126/><U72/><E113/><V45/><F1/><W117/><G122/><T83/><D41/><U47/><E124/><V116/><F116/><W24/><G19/><T43/><D43/><N who="1" m="24831" /><E131/><V69/><F69/><W36/><G36/><T88/><REACH who="0" step="1"/><D52/><REACH who="0" ten="240,250,250,250" step="2"/><U67/><E64/><V89/><F45/><W17/><G42/><T32/><D32/><U110/><E67/><V112/><F112/><W38/><G119/><T70/><D70/><U26/><E110/><V102/><F59/><W129/><G117/><T68/><D68/><U6/><E50/><V93/><F102/><W51/><G51/><T108/><D108/><U127/><E127/><V80/><F132/><W7/><G48/><T46/><D46/><U84/><E103/><V5/><F62/><W99/><G55/><T3/><D3/><U63/><E100/><V27/><F5/><W13/><G60/><T82/><D82/><N who="1" m="49431" /><E63/><V86/><REACH who="2" step="1"/><F92/><AGARI ba="0,1" hai="4,11,14,34,35,37,40,44,79,83,85,88,92,98" machi="92" ten="40,3900,0" yaku="1,1,54,1,53,0" doraHai="56" doraHaiUra="107" who="0" fromWho="2" sc="240,49,250,0,250,-39,250,0" /><INIT seed="0,1,0,4,4,42" ten="289,250,211,250" oya="0" hai0="7,91,69,71,65,87,22,75,121,55,23,19,113" hai1="70,118,131,84,80,120,86,72,58,35,112,51,54" hai2="49,28,96,46,41,20,83,64,77,68,132,97,24" hai3="128,32,2,52,135,1,18,37,66,98,8,76,44"/><T57/><D113/><U36/><E118/><V89/><F132/><W119/><G119/><T12/><D121/><U124/><E120/><V100/><F89/><W117/><G117/><T56/><D75/><U13/><E112/><V74/><REACH who="2" step="1"/><F100/><REACH who="2" ten="289,250,201,250" step="2"/><W125/><G135/><T90/><D90/><U111/><E111/><V99/><F99/><W63/><G98/><T10/><D69/><U129/><E70/><V29/><F29/><W17/><G76/><T79/><D79/><U130/><E130/><V48/><F48/><W133/><G133/><T82/><D71/><U78/><E129/><V115/><F115/><W43/><G128/><T61/><REACH who="0" step="1"/><D19/><REACH who="0" ten="279,250,201,250" step="2"/><U62/><E131/><V4/><F4/><W5/><G18/><T102/><D102/><U50/><E78/><V108/><F108/><W38/><G17/><T34/><D34/><U95/><E35/><V101/><F101/><W30/><G32/><T39/><D39/><U103/><E36/><V88/><F88/><W45/><G38/><T14/><D14/><U73/><E13/><V127/><F127/><W31/><G37/><T11/><D11/><U21/><E103/><V47/><F47/><W126/><G8/><T6/><D6/><U92/><E124/><V109/><F109/><W93/><G5/><T33/><D33/><U106/><E21/><V134/><F134/><W9/><G9/><T67/><D67/><U0/><E0/><V26/><F26/><W53/><G66/><T16/><D16/><U122/><E122/><V104/><F104/><W105/><G105/><T94/><D94/><U81/><E106/><RYUUKYOKU ba="1,2" sc="279,15,250,-15,201,15,250,-15" hai0="7,10,12,22,23,55,56,57,61,65,82,87,91" hai2="20,24,28,41,46,49,64,68,74,77,83,96,97" /><INIT seed="0,2,2,4,0,82" ten="294,235,216,235" oya="0" hai0="49,121,50,36,102,46,120,81,108,44,43,34,33" hai1="62,48,78,131,105,69,23,27,45,2,104,72,25" hai2="6,97,124,109,4,13,22,133,47,38,30,3,9" hai3="65,11,32,127,21,101,91,98,60,94,118,84,10"/><T20/><D108/><U80/><E2/><V90/><F109/><W51/><G32/><T134/><D134/><U75/><E75/><V112/><F133/><W42/><G118/><T122/><D102/><U31/><E131/><V115/><F124/><W126/><G21/><T96/><D96/><U89/><E89/><V12/><F38/><W74/><G74/><T5/><D5/><U70/><E27/><N who="2" m="16759" /><F47/><W111/><G111/><T95/><D95/><U0/><E0/><V103/><F90/><W17/><G51/><T88/><D20/><U125/><E125/><N who="3" m="47626" /><G42/><T63/><D63/><U18/><E31/><V100/><F97/><W41/><G41/><T1/><D1/><U68/><REACH who="1" step="1"/><E62/><REACH who="1" ten="294,225,216,235" step="2"/><V130/><F130/><W86/><G91/><T85/><REACH who="0" step="1"/><D36/><REACH who="0" ten="284,225,216,235" step="2"/><U135/><E135/><V119/><F119/><W79/><G101/><T39/><D39/><U128/><E128/><V8/><F103/><W73/><G73/><T15/><D15/><U24/><E24/><V54/><F100/><W57/><G98/><T99/><D99/><U113/><E113/><V59/><F12/><W116/><G116/><T29/><D29/><U129/><E129/><V61/><F115/><W87/><G94/><T132/><D132/><U55/><AGARI ba="2,4" hai="18,23,25,45,48,55,68,69,70,72,78,80,104,105" machi="55" ten="30,2000,0" yaku="1,1,0,1,53,0" doraHai="82" doraHaiUra="71" who="1" fromWho="1" sc="284,-12,225,66,216,-7,235,-7" /><INIT seed="1,0,0,2,2,23" ten="272,291,209,228" oya="1" hai0="25,65,124,67,126,113,83,56,55,116,85,44,50" hai1="52,7,108,130,100,0,103,68,111,120,59,15,36" hai2="123,90,114,35,27,74,75,58,21,84,125,43,133" hai3="73,102,3,70,105,135,132,117,19,29,51,53,30"/><U101/><E120/><V95/><F123/><W91/><G3/><T1/><D113/><U121/><E121/><V71/><F114/><W18/><G70/><T34/><D116/><U42/><E68/><V98/><F71/><W39/><G39/><T78/><D1/><U97/><E0/><V45/><F35/><W66/><G66/><T129/><D129/><U63/><E130/><V118/><F118/><W62/><G62/><T32/><D32/><U110/><E42/><V17/><F125/><N who="0" m="48234" /><D44/><U86/><E86/><V87/><F133/><N who="3" m="51275" /><G73/><T77/><D77/><U93/><E36/><V69/><F69/><W16/><G117/><T2/><D2/><U107/><E107/><V6/><F6/><W82/><G102/><T60/><D60/><U96/><E96/><V47/><F47/><N who="3" m="27903" /><G105/><T119/><D119/><U122/><E122/><V127/><F127/><W41/><G41/><T89/><D78/><U99/><E99/><V40/><F40/><W9/><G9/><AGARI ba="0,0" hai="7,9,15,52,59,63,93,97,100,101,103,108,110,111" machi="9" ten="40,7700,0" yaku="14,1,10,1,54,1" doraHai="23" who="1" fromWho="3" sc="272,0,291,77,209,0,228,-77" /><INIT seed="1,1,0,0,4,134" ten="272,368,209,151" oya="1" hai0="19,111,45,105,37,73,0,104,6,27,5,79,99" hai1="130,62,47,25,59,112,22,31,42,64,120,86,33" hai2="135,95,94,90,122,30,97,53,126,77,78,55,54" hai3="10,35,102,40,24,71,44,20,123,93,108,29,2"/><U8/><E112/><V85/><F135/><W46/><G71/><T12/><D27/><U72/><E120/><V4/><F122/><W14/><G123/><T28/><D28/><U60/><E72/><V58/><F30/><W50/><G108/><T67/><D67/><U106/><E130/><V100/><F126/><W131/><G131/><T74/><D74/><U63/><E106/><V7/><REACH who="2" step="1"/><F58/><REACH who="2" ten="272,368,199,151" step="2"/><W113/><G113/><T82/><D111/><U41/><E33/><V133/><F133/><W96/><G2/><T129/><D0/><U51/><E42/><V34/><F34/><W127/><G127/><T114/><D129/><U32/><E32/><V87/><F87/><W48/><G35/><T13/><D73/><U80/><REACH who="1" step="1"/><E8/><REACH who="1" ten="272,358,199,151" step="2"/><V110/><F110/><W16/><REACH who="3" step="1"/><G46/><REACH who="3" ten="272,358,199,141" step="2"/><T91/><D45/><U38/><E38/><AGARI ba="1,3" hai="10,14,16,20,24,29,38,40,44,48,50,93,96,102" machi="38" ten="30,8000,1" yaku="1,1,2,1,7,1,54,1,53,1" doraHai="134" doraHaiUra="11" who="3" fromWho="1" sc="272,0,358,-83,199,0,141,113" /><INIT seed="2,0,0,4,1,133" ten="272,275,199,254" oya="2" hai0="47,7,103,69,94,34,89,62,48,40,70,106,71" hai1="65,3,92,49,83,102,81,58,124,117,64,115,107" hai2="25,98,11,42,128,5,130,76,134,118,114,32,68" hai3="127,1,111,126,23,80,45,31,116,110,21,8,77"/><V122/><F114/><W123/><G45/><T67/><D34/><U55/><E115/><V36/><F118/><W59/><G59/><T95/><D106/><U56/><E117/><V18/><F122/><W79/><G123/><T60/><D7/><U129/><E107/><V17/><F68/><W85/><G116/><T72/><D72/><U41/><E3/><N who="2" m="447" /><F76/><N who="3" m="29259" /><G8/><T97/><REACH who="0" step="1"/><D60/><REACH who="0" ten="262,275,199,254" step="2"/><U57/><E64/><V46/><F134/><W26/><G1/><T120/><D120/><U20/><E65/><V91/><F32/><W51/><G51/><T131/><D131/><N who="2" m="50218" /><F25/><W112/><G112/><T121/><D121/><U61/><E129/><V38/><F38/><W63/><G63/><T13/><D13/><U104/><E104/><V19/><F19/><W125/><G21/><T10/><D10/><U99/><E20/><V35/><F35/><W109/><G109/><T33/><D33/><U22/><E22/><V66/><F66/><W39/><G39/><T16/><D16/><U6/><E6/><V29/><F29/><W90/><AGARI ba="0,1" hai="23,26,31,80,85,90,110,111,125,126,127" m="29259" machi="90" ten="40,8000,1" yaku="18,1,52,3" doraHai="133" who="3" fromWho="3" sc="262,-20,275,-20,199,-40,254,90" /><INIT seed="3,0,0,3,1,3" ten="242,255,159,344" oya="3" hai0="46,35,108,118,7,11,55,64,97,76,71,36,135" hai1="126,44,73,77,123,70,122,59,84,47,12,21,133" hai2="72,52,4,100,104,39,66,1,74,15,85,120,113" hai3="16,19,27,96,129,51,86,128,130,107,20,41,5"/><W92/><G5/><T13/><D118/><U37/><E70/><V29/><F113/><W8/><G8/><T69/><D35/><U9/><E73/><V79/><F120/><W56/><G86/><T2/><D108/><U23/><E126/><V28/><F1/><W67/><G107/><T131/><D64/><U65/><E133/><V80/><F39/><W24/><G41/><N who="0" m="22823" /><D135/><U53/><E65/><V88/><F66/><W54/><G67/><T89/><D13/><U102/><E102/><V62/><F72/><W94/><G96/><T63/><D55/><U10/><E10/><V117/><F117/><W34/><G19/><T18/><D18/><N who="1" m="8463" /><E37/><V58/><F15/><W48/><G48/><T119/><D63/><N who="1" m="36335" /><E123/><V43/><F43/><W114/><G114/><T78/><D78/><U105/><E105/><V91/><F4/><W0/><G0/><T87/><D97/><U25/><E21/><V38/><F38/><W121/><G121/><T81/><D119/><U6/><E6/><V103/><F104/><W115/><G115/><T75/><D131/><U111/><E111/><V82/><REACH who="2" step="1"/><F91/><REACH who="2" ten="242,255,149,344" step="2"/><W30/><AGARI ba="0,1" hai="16,20,24,27,30,34,51,54,56,92,94,128,129,130" machi="30" ten="40,7800,0" yaku="0,1,19,1,54,1" doraHai="3" who="3" fromWho="3" sc="242,-26,255,-26,149,-26,344,88" owari="216,-18.4,229,2.9,123,-37.7,432,53.2" /></mjloggm>