<mjloggm ver="2.3"><GO type="225" lobby="0"/><UN n0="%72%61%6B%33" n1="%E5%B8%86%E7%AB%8B%E5%A4%8F%E8%A1%A3" n2="%EF%BC%AE%EF%BC%A1%EF%BC%AF%33%33%39" n3="%33%74%72%65%65" dan="16,17,16,17" rate="2081.31,2163.37,2104.95,2211.88" sx="M,M,M,F"/><TAIKYOKU oya="0"/><INIT seed="0,0,0,1,5,112" ten="250,250,250,250" oya="0" hai0="27,135,110,83,121,62,119,30,13,106,113,35,124" hai1="81,59,6,9,39,87,24,25,70,73,1,80,47" hai2="14,91,123,85,61,69,130,97,53,128,16,8,52" hai3="55,115,57,64,100,76,107,72,109,5,29,38,54"/><T78/><D113/><U92/><E70/><V23/><F123/><W103/><G115/><T28/><D121/><U19/><E59/><V36/><F36/><W75/><G38/><T20/><D106/><U74/><E92/><V33/><F33/><W88/><G64/><T10/><D124/><U3/><E3/><V40/><F40/><W126/><G29/><T42/><D135/><U108/><E108/><V89/><F97/><W101/><G107/><T102/><D102/><U122/><E122/><V134/><F134/><W120/><G120/><T99/><D99/><U12/><E12/><V131/><F8/><W67/><G126/><T18/><D42/><N who="1" m="23007" /><E19/><V93/><F89/><W2/><G109/><T84/><D110/><U34/><E34/><V22/><F22/><W17/><G17/><T49/><D35/><U48/><E48/><V79/><F79/><W66/><G76/><T45/><D62/><U95/><E95/><V41/><F41/><W68/><G68/><T65/><D65/><AGARI ba="0,0" hai="14,16,23,52,53,61,65,69,85,91,93,128,130,131" machi="65" ten="40,5200,0" yaku="19,1,54,2" doraHai="112" who="2" fromWho="0" sc="250,-52,250,0,250,52,250,0" /><INIT seed="1,0,0,2,0,22" ten="198,250,302,250" oya="1" hai0="102,96,59,35,31,67,119,94,28,30,63,32,125" hai1="60,130,77,4,68,110,34,45,83,65,133,129,86" hai2="71,107,92,12,18,29,57,120,84,112,39,1,127" hai3="93,108,111,106,51,41,128,7,47,81,8,54,75"/><U53/><E34/><V42/><F71/><W72/><G106/><T48/><D119/><U27/><E4/><V85/><F107/><W87/><G93/><T19/><D125/><U115/><E115/><V90/><F1/><W23/><G128/><N who="1" m="49258" /><E133/><V78/><F120/><W17/><G54/><T76/><D76/><U91/><E110/><N who="3" m="42026" /><G8/><T100/><D100/><U126/><E126/><V9/><F39/><W40/><G41/><T15/><REACH who="0" step="1"/><D48/><REACH who="0" ten="188,250,302,250" step="2"/><N who="1" m="28815" /><E77/><V103/><F78/><N who="3" m="46519" /><G7/><T3/><D3/><U80/><E80/><V62/><F127/><W121/><G121/><T61/><D61/><U131/><E131/><V36/><F62/><W132/><G132/><T58/><D58/><U122/><E122/><V101/><F57/><W88/><G88/><T109/><D109/><U20/><E83/><V2/><F90/><W6/><G6/><T50/><D50/><U52/><E91/><V64/><F101/><W13/><AGARI ba="0,1" hai="13,17,23,40,47,51,72,75" m="46519,42026" machi="13" ten="30,1100,0" yaku="14,1" doraHai="22" who="3" fromWho="3" sc="188,-3,250,-5,302,-3,250,21" /><INIT seed="2,0,0,0,5,67" ten="185,245,299,271" oya="2" hai0="108,100,111,102,134,31,117,39,60,107,97,43,106" hai1="105,75,12,125,93,34,37,4,41,66,15,103,49" hai2="58,89,104,73,61,62,23,17,38,29,122,80,46" hai3="94,14,18,116,112,57,71,115,2,70,56,32,129"/><V59/><F104/><W10/><G116/><T13/><D13/><U6/><E37/><V128/><F122/><W27/><G129/><T119/><D31/><U88/><E34/><V118/><F118/><N who="0" m="45066" /><D60/><U99/><E75/><V33/><F33/><W53/><G2/><T109/><D43/><U121/><E121/><V85/><F73/><W50/><G56/><T48/><D48/><U101/><E125/><V40/><F29/><N who="3" m="19519" /><G94/><T91/><D39/><U65/><E15/><V72/><F72/><W24/><G24/><T3/><D3/><U16/><E66/><V69/><F128/><W1/><G1/><T82/><D134/><U123/><E65/><V114/><F114/><AGARI ba="0,0" hai="10,14,18,50,53,57,70,71,112,114,115" m="19519" machi="114" ten="30,3900,0" yaku="11,1,52,2" doraHai="67" who="3" fromWho="2" sc="185,0,245,0,299,-39,271,39" /><INIT seed="3,0,0,2,5,58" ten="185,245,260,310" oya="3" hai0="78,87,20,30,24,31,82,63,44,38,119,47,60" hai1="129,99,90,40,101,7,26,14,93,64,122,92,135" hai2="10,84,91,4,88,46,131,86,108,54,17,72,12" hai3="77,81,68,133,75,116,102,0,36,85,59,95,28"/><W65/><G116/><T27/><D119/><U43/><E122/><V123/><F72/><W118/><G118/><T13/><D13/><U103/><E129/><V53/><F131/><W98/><G133/><T51/><D38/><U110/><E110/><V32/><F32/><W33/><G0/><T79/><D79/><U125/><E125/><V19/><F108/><W94/><G68/><T134/><D134/><U126/><E126/><V2/><F123/><W45/><G28/><T39/><D39/><U96/><E135/><V16/><F2/><W83/><G33/><T120/><D120/><U105/><E64/><V42/><F42/><W21/><G21/><N who="0" m="15631" /><D47/><U37/><E37/><V107/><F107/><W66/><G59/><T73/><D73/><U113/><E113/><V69/><F69/><W50/><G36/><T109/><D109/><U115/><E115/><V29/><F29/><W124/><G124/><T114/><D114/><U104/><E26/><V55/><F46/><W106/><G66/><T23/><D23/><U5/><E14/><V3/><F3/><W67/><G65/><T112/><D112/><U62/><E104/><V121/><F121/><W48/><G67/><T111/><D111/><U117/><E117/><V57/><F57/><W1/><G1/><T71/><D71/><U97/><E5/><V8/><F8/><W6/><G6/><T56/><D56/><U127/><E7/><V80/><F4/><W25/><G25/><T132/><D132/><U22/><E127/><V52/><N who="2" m="13312" /><DORA hai="34" /><V76/><F76/><N who="3" m="46247" /><G45/><T89/><D78/><U74/><E40/><AGARI ba="0,0" hai="20,27,31,40,44,51,60,63,82,87,89" m="15631" machi="40" ten="30,7700,0" yaku="6,1,8,1,52,2" doraHai="58,34" who="0" fromWho="1" sc="185,77,245,-77,260,0,310,0" owari="262,6.2,168,-33.2,260,-14.0,310,41.0" /></mjloggm>