<mjloggm ver="2.3"><GO type="225" lobby="0"/><UN n0="%E3%82%A4%E3%83%BC%E3%82%B1%E3%83%97%E3%83%A9" n1="%E3%81%8B%E3%82%8F%E3%81%A1%E3%82%83%E3%82%93%35%38" n2="%E6%81%A5%E6%99%92%E3%81%97" n3="%E3%83%96%E3%83%83%E3%83%91%E3%82%AA%E3%83%96%E3%83%81%E3%82%AD%E3%83%B3" dan="17,16,16,16" rate="2218.09,2116.42,2099.14,2201.21" sx="M,M,M,M"/><TAIKYOKU oya="0"/><INIT seed="0,0,0,0,1,108" ten="250,250,250,250" oya="0" hai0="129,5,22,124,70,133,87,9,51,99,55,77,54" hai1="107,75,100,36,28,125,20,57,56,83,10,118,37" hai2="19,47,0,6,84,93,49,68,46,14,90,98,130" hai3="127,34,67,48,91,4,65,86,121,63,13,73,50"/><T105/><D70/><U17/><E118/><V88/><F68/><W126/><G34/><T122/><D122/><U12/><E125/><N who="3" m="47626" /><G73/><T112/><D124/><U111/><E111/><V110/><F110/><W123/><G4/><T30/><D129/><U78/><E107/><V27/><F130/><W114/><G13/><T132/><D112/><U21/><E100/><V44/><F0/><W119/><G119/><T35/><D35/><U8/><E21/><V32/><F32/><W52/><G114/><T82/><D105/><U135/><E135/><N who="0" m="51785" /><D99/><U59/><REACH who="1" step="1"/><E28/><REACH who="1" ten="250,240,250,250" step="2"/><V11/><F27/><W29/><G29/><T38/><D22/><U16/><E16/><V94/><REACH who="2" step="1"/><F19/><REACH who="2" ten="250,240,240,250" step="2"/><W96/><G123/><T97/><D30/><U41/><E41/><AGARI ba="0,2" hai="6,11,14,41,44,46,47,49,84,88,90,93,94,98" machi="41" ten="30,8000,1" yaku="1,1,2,1,7,1,8,1,54,1,53,0" doraHai="108" doraHaiUra="134" who="2" fromWho="1" sc="250,0,240,-80,240,100,250,0" /><INIT seed="1,0,0,5,5,94" ten="250,160,340,250" oya="1" hai0="80,26,105,20,92,122,39,42,58,63,34,84,52" hai1="118,40,9,95,35,89,68,7,59,117,31,77,119" hai2="129,25,0,38,131,55,19,41,23,33,8,69,61" hai3="37,107,4,126,90,3,76,75,130,103,114,21,17"/><U112/><E68/><V83/><F83/><W72/><G114/><T1/><D105/><U14/><E95/><V87/><F87/><W36/><G130/><T82/><D34/><U91/><E112/><V116/><F116/><W49/><G126/><T106/><D106/><U28/><E77/><V67/><F33/><W18/><G49/><T86/><D1/><U135/><E135/><V13/><F0/><W60/><G60/><T57/><D39/><U2/><E40/><V125/><F125/><W62/><G62/><N who="0" m="36135" /><D42/><U53/><E2/><V15/><F55/><W44/><G44/><T12/><D12/><U43/><E43/><V98/><F15/><W50/><G90/><N who="0" m="53319" /><D86/><U97/><E35/><V78/><F41/><W120/><G37/><T65/><D122/><U5/><E5/><V11/><F38/><W127/><G36/><T88/><D88/><U66/><E66/><V70/><F13/><W115/><G75/><T133/><D133/><U121/><E121/><V47/><F67/><W128/><G72/><T22/><D22/><U134/><E134/><V109/><F23/><W85/><G21/><T32/><D32/><U81/><E81/><V30/><F70/><W16/><G107/><T71/><D71/><U108/><E108/><V10/><F109/><W27/><G3/><T113/><D113/><U104/><E91/><V48/><F69/><W54/><G115/><T45/><D45/><U123/><E123/><V73/><F73/><W51/><G120/><T24/><D24/><U100/><E89/><V101/><F129/><W93/><G128/><T111/><D111/><RYUUKYOKU ba="0,0" sc="250,15,160,15,340,-15,250,-15" hai0="20,26,58,63,65,80,82" hai1="7,9,14,28,31,53,59,97,100,104,117,118,119" /><INIT seed="1,1,0,3,2,69" ten="265,175,325,235" oya="1" hai0="116,70,37,84,120,105,118,87,34,93,75,22,11" hai1="124,14,125,32,127,91,5,108,12,111,10,20,24" hai2="123,48,50,115,23,110,0,59,68,9,39,33,85" hai3="100,1,38,41,42,71,86,49,74,30,40,7,121"/><U96/><E96/><V16/><F33/><W92/><G121/><T52/><D34/><U2/><E91/><V67/><F123/><W98/><G74/><T135/><D120/><U25/><E32/><V64/><F68/><W101/><G71/><T47/><D105/><U36/><E36/><V54/><F39/><W78/><G30/><T43/><D75/><U119/><E119/><V61/><F110/><N who="1" m="42025" /><E24/><V60/><F115/><W6/><G38/><T131/><D70/><U83/><E83/><V76/><F76/><W73/><G73/><T117/><D135/><U29/><AGARI ba="1,0" hai="2,5,10,12,14,20,25,29,124,125,127" m="42025" machi="29" ten="40,12000,1" yaku="18,1,14,1,10,1,34,2" doraHai="69" who="1" fromWho="1" sc="265,-41,175,123,325,-41,235,-41" /><INIT seed="1,2,0,3,4,98" ten="224,298,284,194" oya="1" hai0="62,9,50,37,128,4,71,114,112,81,29,58,79" hai1="54,24,106,28,19,33,92,99,78,7,18,82,127" hai2="0,3,123,115,31,129,36,96,69,121,32,21,65" hai3="52,43,88,13,80,73,87,5,23,2,47,105,72"/><U85/><E127/><V89/><F21/><W1/><G105/><T132/><D37/><U6/><E106/><V30/><F129/><W93/><G52/><T22/><D128/><U135/><E135/><V60/><F115/><W11/><G23/><T26/><D50/><U75/><E75/><V34/><F36/><W63/><G63/><T61/><D71/><U15/><E54/><V39/><F39/><W97/><G72/><T100/><D62/><U94/><E94/><V120/><F89/><W83/><G73/><T77/><D100/><U84/><E84/><V66/><F96/><W122/><G122/><T48/><D48/><U109/><E109/><V41/><F41/><W101/><REACH who="3" step="1"/><G83/><REACH who="3" ten="224,298,284,184" step="2"/><T20/><D20/><U103/><E82/><V55/><F55/><W46/><G46/><T110/><D110/><U91/><E92/><V131/><F123/><W134/><G134/><T35/><D22/><U51/><E33/><V49/><F60/><W125/><G125/><T57/><D132/><U38/><E24/><V70/><F49/><AGARI ba="2,1" hai="1,2,5,11,13,43,47,49,80,87,88,93,97,101" machi="49" ten="30,7700,0" yaku="1,1,7,1,52,1,54,1,53,0" doraHai="98" doraHaiUra="124" who="3" fromWho="2" sc="224,0,298,0,284,-83,184,93" /><INIT seed="2,0,0,5,1,96" ten="224,298,201,277" oya="2" hai0="30,42,62,6,46,56,61,13,78,122,5,31,73" hai1="87,72,51,19,38,95,14,97,104,24,63,94,60" hai2="91,115,74,103,110,55,34,65,59,118,90,50,93" hai3="88,121,127,117,70,75,135,80,36,21,0,114,22"/><V16/><F115/><W35/><RYUUKYOKU type="yao9" ba="0,0" sc="224,0,298,0,201,0,277,0" hai3="0,21,22,35,36,70,75,80,88,114,117,121,127,135" /><INIT seed="2,1,0,1,4,71" ten="224,298,201,277" oya="2" hai0="66,113,23,63,43,79,69,74,83,46,65,37,77" hai1="3,31,131,73,56,28,89,48,115,98,87,7,130" hai2="20,135,39,122,60,125,22,18,19,76,91,97,35" hai3="67,57,109,81,75,111,82,70,100,53,126,27,5"/><V90/><F122/><W11/><G126/><T128/><D128/><N who="1" m="49195" /><E73/><V92/><F125/><W26/><G100/><T72/><D23/><U101/><E115/><V106/><F35/><W51/><G70/><T34/><D66/><U9/><E56/><V15/><F135/><W119/><G119/><T25/><D113/><U30/><E48/><V134/><F134/><W123/><G67/><T45/><D45/><U133/><E133/><V127/><F127/><W47/><G123/><T104/><D104/><N who="1" m="63543" /><E30/><V94/><F106/><W99/><G99/><T50/><D50/><U102/><E102/><V118/><F76/><N who="3" m="44191" /><G57/><T116/><D77/><U52/><E52/><V93/><F118/><W14/><G82/><AGARI ba="1,0" hai="3,7,9,28,31,82,87,89" m="63543,49195" machi="82" ten="30,1000,0" yaku="19,1" doraHai="71" who="1" fromWho="3" sc="224,0,298,13,201,0,277,-13" /><INIT seed="3,0,0,2,3,70" ten="224,311,201,264" oya="3" hai0="31,75,12,4,19,104,27,95,0,87,54,93,98" hai1="14,90,115,43,100,7,96,21,24,6,28,97,20" hai2="48,46,38,99,124,82,18,62,40,132,47,125,10" hai3="65,25,34,5,120,112,108,131,39,30,8,101,59"/><W111/><G112/><T49/><D75/><U58/><E115/><V69/><F132/><W117/><G117/><T114/><D114/><U122/><E122/><V123/><F123/><W128/><G120/><T13/><D104/><U109/><E109/><N who="3" m="42058" /><G101/><T37/><D37/><U60/><E43/><N who="2" m="22903" /><F99/><N who="1" m="37961" /><E100/><V89/><F89/><W68/><G59/><N who="0" m="33231" /><D4/><U51/><E51/><N who="2" m="27111" /><F82/><W88/><G39/><T55/><D55/><N who="1" m="33887" /><E90/><V63/><F69/><W133/><G133/><T129/><D93/><U74/><E74/><V53/><F18/><AGARI ba="0,0" hai="6,7,14,18,20,21,24,28" m="33887,37961" machi="18" ten="30,1000,0" yaku="8,1" doraHai="70" who="1" fromWho="2" sc="224,0,311,10,201,-10,264,0" owari="224,-17.6,321,42.1,191,-30.9,264,6.4" /></mjloggm>