<mjloggm ver="2.3"><GO type="225" lobby="0"/><UN n0="%E3%81%AF%E3%82%88%E3%81%8A%E3%81%98%E3%81%95%E3%82%93" n1="%E7%B4%94%E6%BD%94%E3%83%94%E3%83%A9%E3%83%8B%E3%82%A2" n2="%E3%82%8F%E3%81%8B%E3%81%B0%2A%E3%82%AC%E3%83%BC%E3%83%AB" n3="%E3%83%A9%E3%82%B9%E7%8E%87%EF%BC%93%E5%89%B2" dan="17,16,16,17" rate="2214.55,2143.69,2080.93,2224.47" sx="M,M,M,F"/><TAIKYOKU oya="0"/><INIT seed="0,0,0,1,1,10" ten="250,250,250,250" oya="0" hai0="16,67,96,36,22,117,2,109,48,3,79,0,65" hai1="52,110,115,83,40,89,39,76,25,47,23,28,11" hai2="95,98,132,135,92,5,74,105,82,107,71,68,100" hai3="13,125,55,50,75,70,15,123,1,45,90,60,14"/><T111/><D36/><U58/><E110/><N who="0" m="41993" /><D117/><U63/><E115/><V49/><F5/><W73/><G1/><T43/><D79/><U30/><E11/><V112/><F112/><W134/><G134/><N who="2" m="51241" /><F49/><W46/><G125/><T34/><D34/><U27/><E89/><N who="2" m="55567" /><F68/><W77/><G123/><T127/><D127/><U101/><E101/><V131/><F131/><W44/><G90/><T114/><D114/><U42/><E42/><V26/><F26/><W102/><G102/><T121/><D121/><U18/><REACH who="1" step="1"/><E25/><REACH who="1" ten="250,240,250,250" step="2"/><V133/><F133/><W69/><G77/><T91/><D91/><U88/><E88/><V37/><F37/><W53/><G60/><T41/><D96/><U85/><AGARI ba="0,1" hai="18,23,27,28,30,39,40,47,52,58,63,76,83,85" machi="85" ten="20,8000,1" yaku="1,1,0,1,7,1,54,1,53,1" doraHai="10" doraHaiUra="54" who="1" fromWho="1" sc="250,-40,240,90,250,-20,250,-20" /><INIT seed="1,0,0,2,5,107" ten="210,330,230,230" oya="1" hai0="112,122,111,36,124,83,103,44,61,65,13,45,119" hai1="52,130,40,48,23,105,4,28,81,95,35,0,21" hai2="100,63,132,46,27,2,11,101,10,91,37,117,38" hai3="99,113,53,50,74,82,29,12,109,33,24,16,19"/><U98/><E105/><V120/><F117/><W80/><G113/><T89/><D112/><U126/><E40/><V114/><F120/><W51/><G109/><T7/><D119/><U66/><E66/><V129/><F114/><W94/><G51/><T1/><D1/><U77/><E130/><V62/><F129/><W84/><G74/><T56/><D111/><U102/><E126/><V85/><F132/><W34/><G34/><T31/><D124/><U39/><E39/><V41/><F37/><W25/><G25/><T97/><D122/><U76/><E76/><V69/><F27/><W20/><G19/><T92/><D31/><U32/><E4/><V88/><F91/><W134/><G84/><N who="0" m="50335" /><D36/><U72/><E0/><V110/><F110/><W118/><G134/><T64/><D65/><U3/><E3/><V93/><F69/><W115/><G118/><T47/><D13/><U68/><E68/><V106/><F106/><W71/><G71/><T121/><D121/><U87/><E87/><V86/><F86/><W133/><G133/><T59/><D56/><U125/><E125/><V123/><F123/><W67/><G67/><T79/><D7/><U14/><E28/><V104/><F104/><W96/><G115/><T17/><D17/><U108/><E108/><V128/><F128/><W135/><G135/><T131/><D131/><U15/><E15/><V26/><F26/><W58/><REACH who="3" step="1"/><G99/><REACH who="3" ten="210,330,230,220" step="2"/><T49/><D79/><U70/><E70/><V75/><F75/><W30/><G30/><T54/><AGARI ba="0,1" hai="44,45,47,49,54,59,61,64,92,97,103" m="50335" machi="54" ten="30,1100,0" yaku="8,1" doraHai="107" who="0" fromWho="0" sc="210,21,330,-5,230,-3,220,-3" /><INIT seed="2,0,0,4,3,8" ten="231,325,227,217" oya="2" hai0="118,55,50,60,54,87,25,2,75,108,134,116,30" hai1="38,12,18,70,5,85,15,11,24,104,71,3,107" hai2="124,86,21,128,80,59,122,77,69,91,28,83,100" hai3="4,82,74,106,78,29,76,42,44,81,37,58,14"/><V27/><F122/><W16/><G106/><T125/><D75/><U130/><E38/><V103/><F69/><W117/><G117/><N who="0" m="45163" /><D2/><U61/><E130/><V113/><F113/><W126/><G126/><T13/><D125/><U112/><E112/><V45/><F124/><W72/><G29/><T73/><D73/><U98/><E85/><V56/><F128/><W99/><G99/><T20/><D108/><U123/><E123/><V40/><F103/><W129/><G129/><T110/><D110/><U102/><E104/><V121/><F100/><W7/><G58/><N who="0" m="34903" /><D134/><U49/><E49/><N who="2" m="26791" /><F121/><W33/><G33/><T35/><D87/><AGARI ba="0,0" hai="21,27,28,56,59,77,80,83,86,87,91" m="26791" machi="87" ten="30,1500,0" yaku="8,1" doraHai="8" who="2" fromWho="0" sc="231,-15,325,0,227,15,217,0" /><INIT seed="2,1,0,4,1,41" ten="216,325,242,217" oya="2" hai0="121,2,7,36,15,60,22,50,93,35,44,42,92" hai1="74,58,107,49,47,90,96,100,40,10,117,54,63" hai2="5,51,45,30,102,62,122,1,99,113,61,39,104" hai3="84,23,21,89,64,6,33,120,101,34,69,85,32"/><V124/><F113/><W19/><G120/><T88/><D121/><U133/><E133/><V29/><F122/><W9/><G101/><T103/><D35/><U129/><E129/><V38/><F124/><W111/><G111/><T18/><D36/><U26/><E117/><V132/><F132/><W52/><G64/><T68/><D2/><U97/><E74/><V43/><F38/><W105/><G69/><T59/><D68/><U0/><E26/><V20/><F39/><W130/><G105/><T126/><D126/><U118/><E118/><V116/><F116/><W55/><G130/><T131/><D131/><U106/><E90/><V75/><F75/><W46/><G85/><N who="0" m="52239" /><D7/><U76/><E76/><V128/><F128/><W114/><G114/><T125/><D125/><U95/><REACH who="1" step="1"/><E97/><REACH who="1" ten="216,315,242,217" step="2"/><V27/><F30/><W80/><G19/><T123/><D123/><U4/><AGARI ba="1,1" hai="0,4,10,40,47,49,54,58,63,95,96,100,106,107" machi="4" ten="30,7900,0" yaku="1,1,2,1,0,1,52,1,53,0" doraHai="41" doraHaiUra="16" who="1" fromWho="1" sc="216,-21,315,92,242,-40,217,-21" /><INIT seed="3,0,0,4,5,93" ten="195,407,202,196" oya="3" hai0="2,36,114,87,134,82,8,126,56,66,65,55,124" hai1="11,100,38,81,109,70,91,73,67,39,1,107,13" hai2="98,104,26,31,133,115,42,95,123,62,41,135,96" hai3="89,112,53,74,57,51,78,21,116,106,122,6,79"/><W76/><G112/><T44/><D114/><U72/><E109/><V49/><F115/><W58/><G116/><T4/><D134/><N who="2" m="51210" /><F123/><W113/><G113/><T48/><D36/><U117/><E81/><V83/><F83/><W37/><G37/><T54/><D54/><U101/><E91/><N who="2" m="55423" /><F62/><W40/><G122/><T15/><D2/><U14/><E13/><V68/><F68/><W27/><G74/><T69/><D69/><U29/><E11/><V121/><F121/><W47/><G106/><T127/><D56/><U130/><E29/><V61/><F61/><W84/><G6/><T50/><D48/><U92/><E92/><V129/><F129/><W43/><G57/><T60/><D60/><U9/><E67/><V97/><F49/><W64/><G64/><T18/><D4/><U90/><E90/><AGARI ba="0,0" hai="8,15,18,44,50,55,65,66,82,87,90,124,126,127" machi="90" ten="40,5200,0" yaku="25,2,18,1" doraHai="93" who="0" fromWho="1" sc="195,52,407,-52,202,0,196,0" owari="247,4.7,355,45.5,202,-19.8,196,-30.4" /></mjloggm>