<mjloggm ver="2.3"><GO type="225" lobby="0"/><UN n0="%E3%81%BF%E3%81%BF%E3%81%9A" n1="%72%65%6E%6B%75%6E" n2="%E3%82%8F%E3%81%8B%E3%81%B0%2A%E3%82%AC%E3%83%BC%E3%83%AB" n3="%E6%A1%9C%E8%8A%B1%E9%96%83%E3%80%85" dan="17,17,16,17" rate="2224.99,2207.44,2109.75,2175.94" sx="M,M,M,M"/><TAIKYOKU oya="0"/><INIT seed="0,0,0,3,5,14" ten="250,250,250,250" oya="0" hai0="16,92,30,50,79,15,9,108,90,75,36,132,46" hai1="58,42,101,125,29,91,65,107,8,110,129,104,26" hai2="99,17,2,43,80,77,34,102,114,71,96,33,89" hai3="121,120,130,28,39,18,82,117,6,13,51,118,19"/><T40/><D132/><U115/><E42/><V133/><F114/><W23/><G39/><T103/><D103/><U134/><E58/><V59/><F71/><W25/><G82/><T87/><D108/><U35/><E91/><V122/><F2/><W116/><G51/><T1/><D30/><U119/><E65/><V56/><F122/><N who="3" m="47211" /><G130/><T73/><D79/><U53/><E53/><V113/><F113/><W83/><G83/><T124/><D124/><U66/><E66/><V3/><F3/><W105/><G105/><T72/><REACH who="0" step="1"/><D1/><REACH who="0" ten="240,250,250,250" step="2"/><U86/><E29/><V131/><F102/><W135/><G135/><T20/><D20/><U94/><E101/><V100/><F77/><W74/><G74/><T7/><D7/><U24/><E110/><V37/><F100/><W44/><G44/><T48/><AGARI ba="0,1" hai="9,15,16,36,40,46,48,50,72,73,75,87,90,92" machi="48" ten="40,12000,1" yaku="1,1,0,1,52,1,54,1,53,0" doraHai="14" doraHaiUra="128" who="0" fromWho="0" sc="240,130,250,-40,250,-40,250,-40" /><INIT seed="0,1,0,1,4,128" ten="370,210,210,210" oya="0" hai0="49,121,0,7,96,84,89,97,28,114,33,20,63" hai1="13,26,47,105,102,101,48,19,9,11,71,10,107" hai2="135,104,22,3,79,83,109,64,58,133,52,24,80" hai3="73,93,25,2,68,116,35,69,94,44,70,4,61"/><T62/><D114/><U72/><E72/><V17/><F104/><W21/><G116/><T92/><D121/><U118/><E71/><V124/><F124/><W77/><G44/><T18/><D33/><U59/><E118/><V14/><F3/><W55/><G55/><T41/><D28/><U42/><E26/><V98/><F64/><N who="3" m="40975" /><G21/><T129/><D129/><U56/><E105/><V132/><F98/><N who="0" m="37994" /><D7/><U110/><E110/><V8/><F109/><W117/><G94/><T74/><D74/><U81/><E81/><V123/><F123/><W23/><G23/><T27/><D0/><U67/><E107/><V65/><F65/><W34/><G93/><T82/><D92/><U126/><E126/><V86/><F80/><N who="3" m="45103" /><G117/><T45/><AGARI ba="1,0" hai="18,20,27,41,45,49,62,63,82,84,89" m="37994" machi="45" ten="30,1500,0" yaku="8,1" doraHai="128" who="0" fromWho="0" sc="370,18,210,-6,210,-6,210,-6" /><INIT seed="0,2,0,3,1,21" ten="388,204,204,204" oya="0" hai0="95,110,70,99,129,98,6,33,14,17,105,3,39" hai1="127,97,88,81,61,113,79,121,43,16,31,32,56" hai2="107,100,83,68,109,124,20,73,101,72,102,112,90" hai3="51,8,122,108,135,76,64,52,26,87,15,117,38"/><T85/><D39/><U94/><E121/><V36/><F68/><W120/><G117/><T114/><D114/><U12/><E113/><V50/><F36/><W57/><G108/><T132/><D70/><U9/><E127/><V66/><F66/><W84/><G135/><T27/><D110/><U80/><E43/><V0/><F0/><W133/><G133/><T7/><D132/><U4/><E4/><V96/><F50/><W47/><G76/><T91/><D129/><U115/><E115/><V78/><F20/><W75/><G75/><N who="2" m="28745" /><F109/><W55/><G64/><T54/><D105/><U23/><E32/><V37/><F37/><W130/><G130/><T69/><D69/><U42/><E42/><V126/><F112/><W131/><G131/><T2/><D2/><U116/><E116/><V24/><F24/><W123/><G26/><T18/><D3/><U35/><E35/><V28/><F28/><W82/><G82/><T111/><D111/><U45/><E45/><V29/><F29/><W40/><REACH who="3" step="1"/><G55/><REACH who="3" ten="388,204,204,194" step="2"/><T59/><D27/><N who="1" m="16895" /><E79/><V93/><F107/><W25/><G25/><T104/><D33/><U92/><E94/><V44/><F44/><W118/><G118/><T119/><D104/><U58/><E58/><V89/><F78/><W41/><G41/><T106/><D119/><U128/><E128/><V30/><F30/><W134/><G134/><T71/><D106/><U125/><E125/><N who="2" m="48235" /><F83/><W13/><G13/><T103/><D71/><U49/><E49/><V19/><F19/><AGARI ba="2,1" hai="8,15,19,38,40,47,51,52,57,84,87,120,122,123" machi="19" ten="40,5200,0" yaku="1,1,13,1,54,1,53,0" doraHai="21" doraHaiUra="60" who="3" fromWho="2" sc="388,0,204,0,204,-58,194,68" /><INIT seed="1,0,0,0,0,53" ten="388,204,146,262" oya="1" hai0="106,3,104,41,6,103,32,118,79,20,94,67,127" hai1="33,101,97,48,39,21,120,12,54,86,71,7,61" hai2="64,116,1,57,15,52,45,126,23,27,19,34,4" hai3="60,100,87,73,91,8,2,122,102,88,62,130,26"/><U109/><E120/><V93/><F116/><W117/><G122/><T128/><D118/><U124/><E33/><V9/><F126/><W56/><G73/><T47/><D32/><U59/><E39/><V107/><F107/><W89/><G117/><T119/><D119/><U10/><E124/><V95/><F64/><W85/><G130/><T58/><D79/><U44/><E71/><V68/><F45/><W65/><G26/><T83/><D83/><U96/><E109/><V111/><F68/><W14/><G2/><T28/><D127/><U36/><E36/><V134/><F134/><W112/><G62/><N who="0" m="38359" /><D6/><U123/><E123/><V22/><F111/><W110/><G112/><T92/><D92/><U24/><E86/><N who="3" m="32778" /><G110/><T129/><D3/><U69/><E101/><V74/><F74/><W90/><N who="3" m="22528" /><DORA hai="121" /><W42/><G42/><T99/><D20/><U105/><E105/><V81/><F81/><W13/><G13/><T37/><D28/><U115/><E69/><V0/><F0/><W135/><G135/><T108/><D108/><U25/><E115/><V76/><F76/><W125/><G125/><T113/><D113/><U30/><REACH who="1" step="1"/><E25/><REACH who="1" ten="388,194,146,262" step="2"/><V16/><REACH who="2" step="1"/><F34/><REACH who="2" ten="388,194,136,262" step="2"/><W72/><G72/><T5/><D106/><U35/><E35/><V114/><F114/><W31/><G31/><T50/><D104/><U38/><E38/><V49/><AGARI ba="0,2" hai="1,4,9,15,16,19,22,23,27,49,52,57,93,95" machi="49" ten="20,12000,2" yaku="1,1,0,1,7,1,52,1,54,2,53,1" doraHai="53,121" doraHaiUra="51,82" who="2" fromWho="2" sc="388,-30,194,-60,136,140,262,-30" /><INIT seed="2,0,0,2,5,76" ten="358,134,276,232" oya="2" hai0="36,96,13,56,9,35,125,85,91,86,44,47,37" hai1="92,2,123,58,25,15,131,93,57,23,32,98,97" hai2="55,67,82,10,135,12,46,100,6,3,28,50,112" hai3="95,73,78,120,68,69,45,107,72,4,77,71,124"/><V29/><F112/><W0/><G120/><T51/><D35/><U65/><E2/><V60/><F135/><W130/><G107/><T14/><D125/><U5/><E32/><V64/><F64/><W121/><G121/><T11/><D96/><U80/><E123/><V132/><F132/><W79/><G124/><T43/><D56/><U122/><E122/><V16/><F100/><W31/><G31/><T1/><D1/><U59/><E131/><V18/><F82/><W17/><G130/><T99/><D99/><U119/><E119/><V22/><REACH who="2" step="1"/><F18/><REACH who="2" ten="358,134,266,232" step="2"/><W106/><G17/><N who="0" m="8367" /><D36/><U88/><E65/><V52/><F52/><W103/><G103/><T75/><D37/><U66/><E66/><V34/><F34/><W49/><G73/><T109/><D75/><U114/><E114/><V110/><F110/><W20/><G72/><T41/><D109/><U40/><E40/><V133/><F133/><W84/><G71/><AGARI ba="0,1" hai="3,6,10,12,16,22,28,29,46,50,55,60,67,71" machi="71" ten="30,5800,0" yaku="1,1,7,1,54,1,53,0" doraHai="76" doraHaiUra="89" who="2" fromWho="3" sc="358,0,134,0,266,68,232,-58" /><INIT seed="2,1,0,3,2,75" ten="358,134,334,174" oya="2" hai0="39,11,128,49,84,127,29,106,76,108,96,97,43" hai1="101,66,67,72,12,16,111,28,122,36,121,31,50" hai2="33,113,95,107,79,105,74,27,103,2,61,48,119" hai3="47,123,68,80,8,32,5,90,114,124,88,93,104"/><V102/><F113/><W15/><G123/><T83/><D39/><U125/><E36/><V41/><F119/><W51/><G104/><T55/><D108/><U17/><E111/><V13/><F2/><W4/><G114/><T24/><D127/><U92/><E72/><V94/><F61/><W53/><G124/><T89/><D128/><U45/><E125/><V18/><F41/><W63/><G32/><T117/><D117/><U120/><E101/><V10/><F48/><W9/><G80/><T100/><D43/><U109/><E92/><V0/><F0/><W38/><G38/><T73/><D11/><U62/><E109/><V65/><F65/><W132/><G132/><T64/><D64/><U135/><E135/><V81/><F95/><W42/><G93/><T58/><D97/><U129/><E129/><V20/><F33/><W26/><G26/><T86/><D89/><U130/><E130/><V59/><F59/><N who="3" m="35311" /><G68/><T98/><REACH who="0" step="1"/><D96/><REACH who="0" ten="348,134,334,174" step="2"/><U3/><E3/><V57/><F105/><W35/><G90/><T85/><D85/><U25/><E67/><V6/><F107/><W19/><G88/><T133/><D133/><U87/><E87/><V22/><F94/><W115/><G115/><T70/><D70/><N who="1" m="42327" /><E12/><V37/><F37/><W118/><G118/><T69/><D69/><U46/><E25/><V7/><F27/><W34/><G9/><T23/><AGARI ba="1,1" hai="23,24,29,49,55,58,73,76,83,84,86,98,100,106" machi="23" ten="20,5200,0" yaku="1,1,0,1,7,1,52,1,53,0" doraHai="75" doraHaiUra="56" who="0" fromWho="0" sc="348,65,134,-14,334,-27,174,-14" /><INIT seed="3,0,0,3,0,56" ten="413,120,307,160" oya="3" hai0="69,40,38,5,53,68,92,84,51,18,99,127,30" hai1="93,46,111,122,55,75,34,98,91,110,47,39,87" hai2="65,58,59,63,134,115,97,106,113,123,95,118,61" hai3="124,109,1,62,41,103,107,71,105,130,104,60,102"/><W74/><G74/><T37/><D30/><U114/><E34/><V128/><F118/><W64/><G124/><T45/><D5/><U25/><E25/><V2/><F2/><W15/><G1/><T66/><D84/><U72/><E39/><V44/><F106/><W6/><G130/><T108/><D108/><N who="1" m="41515" /><E55/><V117/><F117/><W11/><G109/><T131/><D131/><U14/><E14/><V83/><F128/><W86/><G41/><T94/><D94/><N who="1" m="54655" /><E47/><V67/><F83/><W29/><G29/><T82/><D82/><U35/><E46/><V112/><F44/><W121/><G121/><T126/><D18/><U27/><E27/><V57/><F134/><W19/><G86/><T120/><D120/><U43/><E43/><V52/><F123/><W119/><G119/><T100/><D68/><U78/><E35/><V132/><F132/><W12/><REACH who="3" step="1"/><G62/><REACH who="3" ten="413,120,307,150" step="2"/><N who="0" m="40151" /><D37/><U133/><E122/><V80/><F63/><W32/><G32/><T33/><D33/><U23/><E133/><V10/><F61/><W28/><G28/><T20/><D38/><U49/><E49/><V85/><F112/><W3/><G3/><T31/><D40/><U81/><E114/><V48/><F113/><W89/><G89/><T101/><D127/><U70/><E70/><V135/><F115/><W9/><AGARI ba="0,1" hai="6,9,11,12,15,19,60,64,71,102,103,104,105,107" machi="9" ten="40,7800,0" yaku="1,1,0,1,52,1,53,0" doraHai="56" doraHaiUra="129" who="3" fromWho="3" sc="413,-26,120,-26,307,-26,150,88" /><INIT seed="3,1,0,0,2,60" ten="387,94,281,238" oya="3" hai0="85,98,76,80,38,90,31,74,87,93,45,32,21" hai1="134,44,105,29,14,130,70,113,69,49,0,127,125" hai2="78,83,135,27,117,131,15,51,103,126,119,89,72" hai3="116,67,52,66,97,123,68,8,41,39,53,71,61"/><W110/><G8/><T102/><D32/><U122/><E14/><V28/><F126/><W107/><G116/><T115/><D115/><U33/><E29/><V13/><F131/><W6/><G6/><T109/><D109/><U118/><E49/><V36/><F36/><W43/><G123/><T26/><REACH who="0" step="1"/><D102/><REACH who="0" ten="377,94,281,238" step="2"/><U81/><E81/><V124/><F83/><W94/><G107/><T24/><D24/><U37/><E44/><V111/><F27/><W92/><G61/><T95/><D95/><U34/><E33/><V73/><F103/><W96/><G39/><T75/><D75/><U18/><E18/><V64/><F72/><W35/><G35/><T1/><D1/><U84/><E84/><V46/><F73/><W16/><G16/><T25/><D25/><U12/><E12/><V77/><F46/><W10/><G10/><T101/><D101/><U58/><E127/><V50/><F124/><W59/><G59/><T112/><D112/><U133/><E58/><V79/><F111/><AGARI ba="1,1" hai="41,43,52,53,66,67,68,71,92,94,96,97,110,111" machi="111" ten="25,12000,1" yaku="22,2,52,2,54,1" doraHai="60" who="3" fromWho="2" sc="377,0,94,0,281,-123,238,133" /><INIT seed="3,2,0,2,5,8" ten="377,94,158,371" oya="3" hai0="7,3,76,118,120,20,110,78,18,64,105,15,4" hai1="77,112,93,30,103,124,16,89,41,113,91,17,83" hai2="62,39,57,58,71,26,37,127,135,100,46,50,102" hai3="51,73,48,47,114,68,119,40,61,97,109,81,115"/><W10/><G119/><T116/><D105/><U49/><E124/><V60/><F127/><W121/><G121/><T128/><D120/><U31/><E103/><N who="2" m="39467" /><F71/><W131/><G97/><T126/><D110/><U88/><E93/><V0/><F0/><W14/><G109/><T82/><D128/><U104/><E104/><V70/><F70/><W5/><G131/><T25/><D126/><U63/><E63/><N who="2" m="24107" /><F39/><W27/><G27/><T132/><D132/><U95/><E95/><V129/><F37/><W74/><G51/><T45/><D64/><U33/><E33/><V53/><F135/><W55/><G55/><T86/><D45/><U13/><E112/><V56/><F129/><W38/><G48/><T134/><D134/><U23/><E113/><V75/><F75/><W12/><G12/><T32/><D76/><U80/><E17/><V59/><F59/><W21/><G21/><T90/><D78/><U44/><REACH who="1" step="1"/><E83/><REACH who="1" ten="377,84,158,371" step="2"/><V42/><F26/><W123/><G123/><T94/><D82/><U79/><E79/><V92/><F92/><W96/><G96/><T54/><D116/><U11/><E11/><V36/><F36/><W117/><G117/><T19/><D118/><U28/><E28/><V35/><F35/><W6/><G6/><N who="0" m="2091" /><D32/><U1/><E1/><V65/><F65/><N who="3" m="41007" /><G81/><T84/><D3/><U133/><E133/><V130/><F130/><W52/><G52/><T101/><D54/><U9/><E9/><V107/><F107/><W22/><G22/><N who="0" m="11615" /><D101/><U122/><E122/><V67/><F67/><W66/><G66/><T34/><D34/><U98/><E98/><AGARI ba="2,1" hai="19,20,25,84,86,90,94,98" m="11615,2091" machi="98" ten="30,3900,0" yaku="6,1,8,1,52,1" doraHai="8" who="0" fromWho="1" sc="377,55,84,-45,158,0,371,0" owari="432,53.2,39,-46.1,158,-24.2,371,17.1" /></mjloggm>