<mjloggm ver="2.3"><GO type="225" lobby="0"/><UN n0="%E3%82%BC%E3%83%AB%E3%83%80%E3%81%AE%E4%BC%9D%E8%AA%AC" n1="%33%74%72%65%65" n2="%72%69%6F%75%63%68%61%6E" n3="%E8%81%B7%E6%A5%AD%E3%80%81%E9%A2%A8%32" dan="17,17,16,16" rate="2129.55,2134.94,2091.76,2185.76" sx="M,M,M,M"/><TAIKYOKU oya="0"/><INIT seed="0,0,0,2,0,18" ten="250,250,250,250" oya="0" hai0="53,0,4,31,129,134,110,121,68,65,113,120,124" hai1="20,55,91,89,115,66,51,111,41,25,64,112,118" hai2="78,90,75,101,122,73,27,133,74,67,24,59,106" hai3="13,84,99,42,107,103,83,135,8,39,93,36,48"/><T108/><D113/><N who="1" m="43595" /><E118/><V9/><F122/><W116/><G116/><T119/><D119/><U23/><E41/><V60/><F133/><W88/><G135/><T77/><D77/><U19/><E111/><N who="0" m="42537" /><D134/><U85/><E23/><V98/><F78/><W43/><G43/><T2/><D53/><U104/><E104/><V21/><F9/><W6/><REACH who="3" step="1"/><G107/><REACH who="3" ten="250,250,250,240" step="2"/><T102/><D124/><U62/><E62/><V37/><F37/><W125/><G125/><T95/><D129/><U79/><E79/><V22/><REACH who="2" step="1"/><F90/><REACH who="2" ten="250,250,240,240" step="2"/><W58/><G58/><T96/><D121/><U33/><E91/><V128/><F128/><W15/><G15/><T17/><D120/><U82/><E33/><V92/><F92/><W7/><G7/><T70/><D4/><U109/><E109/><V49/><F49/><W131/><G131/><T5/><D5/><U72/><E72/><V3/><F3/><W63/><G63/><T97/><D2/><U57/><AGARI ba="0,2" hai="19,20,25,51,55,57,64,66,82,85,89" m="43595" machi="57" ten="30,2000,0" yaku="11,1,52,1" doraHai="18" who="1" fromWho="1" sc="250,-10,250,40,240,-5,240,-5" /><INIT seed="1,0,0,3,5,72" ten="240,290,235,235" oya="1" hai0="125,109,18,20,26,24,40,105,57,29,87,127,34" hai1="1,106,88,13,62,6,23,85,116,30,130,74,19" hai2="108,79,65,115,27,3,129,4,67,37,75,11,58" hai3="135,61,81,46,16,49,119,78,69,94,63,131,118"/><U110/><E116/><N who="3" m="44586" /><G131/><T102/><D109/><U70/><E130/><V39/><F108/><W41/><G135/><T43/><D57/><U97/><E110/><V73/><F129/><W2/><G2/><T31/><D87/><U96/><E74/><V120/><F120/><W64/><G64/><T55/><D55/><U104/><E30/><V103/><F67/><W52/><G69/><T91/><D91/><U25/><E1/><V51/><F103/><W99/><G41/><T33/><D102/><U10/><E70/><V86/><F115/><W93/><G16/><T111/><D111/><U38/><E38/><V100/><F100/><N who="3" m="60527" /><G94/><T83/><D83/><U89/><E106/><V44/><F37/><W114/><G114/><T82/><D82/><U80/><E104/><V42/><F39/><W128/><G128/><T15/><REACH who="0" step="1"/><D105/><REACH who="0" ten="230,290,235,235" step="2"/><U8/><E80/><N who="2" m="47391" /><F58/><W124/><G124/><AGARI ba="0,1" hai="15,18,20,24,26,29,31,33,34,40,43,124,125,127" machi="124" ten="40,8000,1" yaku="1,1,9,1,18,1,53,1" doraHai="72" doraHaiUra="14" who="0" fromWho="3" sc="230,90,290,0,235,0,235,-80" /><INIT seed="2,0,0,3,1,45" ten="320,290,235,155" oya="2" hai0="126,10,114,128,0,48,19,31,73,59,82,14,79" hai1="103,121,17,99,29,66,27,110,112,20,7,129,89" hai2="18,115,107,86,40,113,133,63,60,1,51,11,39" hai3="124,54,9,106,111,122,15,83,104,57,85,21,36"/><V102/><F39/><W98/><G122/><T96/><D114/><U4/><E112/><V41/><F133/><W24/><G111/><T131/><D126/><U81/><E110/><V61/><F40/><W32/><G36/><T64/><D31/><U26/><E129/><N who="0" m="49737" /><D0/><U68/><E121/><V70/><F70/><W92/><G32/><T80/><D80/><U43/><E43/><V108/><F108/><W12/><G124/><T94/><D48/><U13/><E27/><V101/><F107/><W5/><G12/><T49/><D49/><U8/><E68/><V117/><F117/><W53/><G53/><T88/><D59/><U16/><E66/><AGARI ba="0,0" hai="10,14,19,64,66,73,79,82,88,94,96" m="49737" machi="66" ten="30,2000,0" yaku="19,1,54,1" doraHai="45" who="0" fromWho="1" sc="320,20,290,-20,235,0,155,0" /><INIT seed="3,0,0,2,0,55" ten="340,270,235,155" oya="3" hai0="121,91,107,119,26,131,7,68,73,134,109,84,78" hai1="6,87,24,20,116,0,129,104,92,29,8,15,23" hai2="61,42,40,3,126,66,5,12,28,110,127,79,64" hai3="25,67,125,81,65,60,88,54,130,27,13,97,53"/><W111/><G130/><T120/><D68/><U50/><E104/><V115/><F110/><W124/><G111/><T122/><D7/><U34/><E129/><V105/><F105/><W31/><G13/><T90/><D26/><U48/><E116/><V58/><F115/><W132/><G132/><T1/><D1/><U59/><E23/><V39/><F3/><W21/><G25/><T46/><D46/><U85/><E92/><V22/><F79/><W72/><G72/><T69/><D69/><U47/><E50/><V114/><F114/><W135/><G135/><T77/><D134/><U14/><E14/><V17/><F28/><W71/><G67/><N who="2" m="25641" /><F39/><W118/><G118/><T100/><D131/><U2/><E2/><V32/><F32/><W19/><G31/><T94/><D119/><U123/><E123/><V36/><F36/><W95/><REACH who="3" step="1"/><G81/><REACH who="3" ten="340,270,235,145" step="2"/><T103/><D109/><U83/><E83/><V18/><F127/><AGARI ba="0,1" hai="19,21,27,53,54,60,65,71,88,95,97,124,125,127" machi="127" ten="40,12000,1" yaku="1,1,2,1,18,1,54,1,53,0" doraHai="55" doraHaiUra="11" who="3" fromWho="2" sc="340,0,270,0,235,-120,145,130" /><INIT seed="3,1,0,1,3,19" ten="340,270,115,275" oya="3" hai0="132,123,4,79,5,23,14,96,11,124,102,28,134" hai1="13,113,17,22,126,92,27,21,69,40,16,76,71" hai2="112,55,97,24,62,133,68,42,30,104,34,61,32" hai3="90,9,70,18,29,120,46,8,50,116,7,41,84"/><W119/><G120/><T118/><D123/><U125/><E113/><V66/><F112/><W65/><G70/><T115/><D115/><U48/><E76/><V106/><F133/><N who="0" m="51306" /><D124/><N who="1" m="47723" /><E92/><V59/><F42/><W63/><G29/><T44/><D118/><U135/><E135/><V111/><F111/><W53/><G18/><N who="0" m="8543" /><D79/><U3/><E3/><V109/><F109/><W51/><G65/><T91/><D91/><U86/><E86/><V47/><F47/><AGARI ba="1,0" hai="13,16,17,21,22,27,40,47,48,69,71" m="47723" machi="47" ten="30,7700,0" yaku="18,1,52,2,54,1" doraHai="19" who="1" fromWho="2" sc="340,0,270,80,115,-80,275,0" owari="340,14.0,350,45.0,35,-46.5,275,-12.5" /></mjloggm>