<mjloggm ver="2.3"><GO type="225" lobby="0"/><UN n0="%E3%83%A9%E3%83%BC%E3%83%A1%E3%83%B3%E4%BA%94%E9%83%8E" n1="%E3%82%8C%E3%81%99%E3%81%93" n2="%E6%A1%9C%E8%8A%B1%E9%96%83%E3%80%85" n3="%E3%82%BC%E3%83%AB%E3%83%80%E3%81%AE%E4%BC%9D%E8%AA%AC" dan="16,17,16,17" rate="2089.67,2154.09,2201.13,2141.83" sx="M,F,M,M"/><TAIKYOKU oya="0"/><INIT seed="0,0,0,1,0,12" ten="250,250,250,250" oya="0" hai0="94,93,56,42,128,22,34,8,100,131,80,62,35" hai1="24,76,116,130,83,125,86,25,33,87,46,119,50" hai2="59,54,67,23,104,64,120,1,101,106,108,53,91" hai3="21,85,129,48,43,69,20,112,90,40,29,19,72"/><T26/><D42/><U109/><E109/><V7/><F120/><W75/><G112/><T110/><D110/><U58/><E130/><N who="0" m="49705" /><D8/><U27/><E33/><N who="0" m="12297" /><D80/><U118/><E125/><V37/><F37/><W52/><G129/><T41/><D41/><U45/><E58/><V10/><F108/><W38/><G69/><T47/><D47/><U51/><REACH who="1" step="1"/><E87/><REACH who="1" ten="250,240,250,250" step="2"/><V135/><F59/><W17/><G75/><T82/><D100/><U18/><E18/><N who="3" m="6666" /><G72/><T95/><D56/><U77/><E77/><V121/><F101/><W123/><G123/><T73/><D73/><U61/><E61/><V97/><F121/><W122/><G122/><T107/><D62/><U68/><E68/><V102/><F102/><W105/><G38/><T0/><D107/><U70/><E70/><V3/><F106/><W114/><G105/><T89/><D0/><U92/><E92/><V14/><F1/><W60/><G114/><T66/><D82/><U88/><E88/><V132/><F91/><W9/><G60/><T84/><D66/><U126/><E126/><V28/><F67/><W78/><G78/><T134/><D134/><U57/><E57/><V32/><F64/><W44/><G90/><T117/><D117/><U111/><E111/><V63/><F63/><W31/><G85/><T55/><D84/><U2/><E2/><V71/><F71/><W13/><G29/><N who="0" m="17623" /><D89/><U133/><E133/><V36/><F135/><W98/><G31/><T124/><D124/><U11/><E11/><N who="2" m="4479" /><F132/><W99/><G9/><T6/><D55/><U103/><E103/><N who="2" m="62575" /><F10/><W65/><G65/><T5/><AGARI ba="0,1" hai="5,6,93,94,95" m="17623,12297,49705" machi="5" ten="40,3900,0" yaku="5,1,19,1" doraHai="12" who="0" fromWho="0" sc="250,49,240,-13,250,-13,250,-13" /><INIT seed="0,1,0,3,0,39" ten="299,227,237,237" oya="0" hai0="116,35,68,135,5,18,0,115,51,117,77,120,12" hai1="65,85,122,21,33,31,64,52,79,104,30,40,2" hai2="16,46,76,55,125,70,112,90,107,19,41,50,27" hai3="36,24,124,17,57,118,56,25,62,42,61,83,26"/><T91/><D115/><U100/><E122/><V13/><F112/><W97/><G118/><T111/><D68/><U54/><E2/><V93/><F107/><W88/><G124/><T86/><D120/><U60/><E33/><V20/><F125/><W75/><G75/><T87/><D35/><U9/><E9/><N who="2" m="6191" /><F70/><W23/><G36/><T3/><D77/><U6/><E6/><V132/><F132/><W63/><G42/><T96/><D135/><U7/><E7/><V58/><F76/><W102/><G102/><T103/><D103/><U92/><E104/><V121/><F121/><W49/><G49/><T99/><D5/><U53/><E40/><V74/><F74/><W38/><G38/><T34/><D34/><U8/><E8/><V133/><F133/><W32/><G32/><T69/><D69/><U123/><E123/><V105/><F105/><W101/><G101/><T28/><D0/><U59/><E65/><V47/><F41/><W43/><G43/><T109/><D3/><U10/><E10/><V113/><F113/><W134/><G134/><T15/><D117/><U110/><E21/><V22/><F22/><W84/><REACH who="3" step="1"/><G97/><AGARI ba="1,0" hai="19,20,27,46,47,50,55,58,90,93,97" m="6191" machi="97" ten="30,2000,0" yaku="8,1,54,1" doraHai="39" who="2" fromWho="3" sc="299,0,227,0,237,23,237,-23" /><INIT seed="1,0,0,2,1,7" ten="299,227,260,214" oya="1" hai0="2,75,39,82,74,118,23,103,125,1,122,42,105" hai1="4,15,128,11,10,30,76,130,83,47,71,67,95" hai2="26,124,56,97,28,106,85,66,21,5,54,32,132" hai3="58,100,108,62,129,59,113,68,69,70,34,44,20"/><U50/><E30/><V64/><F132/><W61/><G34/><T33/><D118/><U87/><E95/><V121/><F121/><W102/><G20/><T25/><D122/><U8/><E67/><V81/><F124/><W110/><G44/><N who="0" m="23647" /><D23/><U35/><E71/><V14/><F106/><W78/><G78/><N who="0" m="44375" /><D75/><U88/><E35/><V86/><F97/><W111/><G129/><N who="1" m="49770" /><E76/><N who="2" m="46247" /><F86/><W31/><G31/><N who="0" m="19695" /><D125/><U91/><E91/><V48/><F32/><W51/><G51/><T90/><D90/><U89/><E89/><V120/><F120/><W6/><G6/><T92/><D92/><U94/><E94/><V41/><F41/><AGARI ba="0,0" hai="4,8,10,11,15,41,47,50,83,87,88" m="49770" machi="41" ten="30,12000,1" yaku="19,1,52,3,54,1" doraHai="7" who="1" fromWho="2" sc="299,0,227,120,260,-120,214,0" /><INIT seed="1,1,0,2,0,89" ten="299,347,140,214" oya="1" hai0="16,23,67,117,17,10,128,15,121,84,132,49,53" hai1="98,120,57,102,63,13,47,18,21,1,74,0,94" hai2="125,115,130,22,61,19,83,20,77,75,28,59,80" hai3="11,112,41,110,12,68,55,114,76,38,37,127,123"/><U60/><E120/><V39/><F39/><W99/><G123/><T101/><D121/><U43/><E74/><V133/><F133/><W40/><G76/><T48/><D117/><U81/><E81/><V2/><F2/><W52/><G99/><T26/><D132/><U6/><E6/><V78/><F130/><W129/><G12/><T64/><D128/><U27/><E13/><V119/><F119/><W107/><G129/><T85/><D101/><U92/><E92/><V79/><F125/><W72/><G11/><T14/><D26/><U104/><E104/><V97/><F115/><N who="3" m="44075" /><G72/><T109/><D109/><U116/><E116/><V34/><F34/><W46/><G107/><T113/><D49/><U3/><REACH who="1" step="1"/><E57/><REACH who="1" ten="299,337,140,214" step="2"/><V90/><F75/><W56/><G127/><T131/><D113/><U105/><E105/><V50/><F80/><W69/><G110/><T45/><D131/><U36/><AGARI ba="1,1" hai="0,1,3,18,21,27,36,43,47,60,63,94,98,102" machi="36" ten="30,6000,0" yaku="1,1,0,1,52,1,53,0" doraHai="89" doraHaiUra="8" who="1" fromWho="1" sc="299,-21,337,73,140,-21,214,-21" /><INIT seed="1,2,0,3,2,50" ten="278,410,119,193" oya="1" hai0="84,25,131,87,59,77,135,73,124,128,58,109,56" hai1="1,15,23,19,90,123,62,63,44,30,13,125,91" hai2="89,33,106,31,18,55,117,76,134,85,43,101,10" hai3="122,67,75,133,121,3,46,132,37,88,105,83,103"/><U92/><E123/><V93/><F117/><W29/><G3/><T80/><D109/><U61/><E1/><V34/><F134/><N who="3" m="51819" /><G29/><T113/><D113/><U40/><E125/><V120/><F120/><N who="3" m="46187" /><G67/><T22/><D135/><U114/><E114/><V98/><F43/><W38/><G46/><T12/><D12/><U53/><E30/><V54/><F18/><W36/><G88/><N who="1" m="33834" /><E92/><V127/><F127/><W100/><G105/><T94/><D94/><U27/><E40/><V6/><F76/><AGARI ba="2,0" hai="36,37,38,75,76,83,100,103" m="46187,51819" machi="76" ten="40,1300,0" yaku="20,1" doraHai="50" who="3" fromWho="2" sc="278,0,410,0,119,-19,193,19" /><INIT seed="2,0,0,1,0,100" ten="278,410,100,212" oya="2" hai0="43,64,84,114,118,119,53,96,14,135,42,117,113" hai1="46,12,62,50,125,38,121,61,10,127,81,2,23" hai2="31,45,130,70,34,15,30,91,124,11,9,52,97" hai3="116,88,78,29,107,103,85,108,92,44,73,90,67"/><V72/><F70/><W57/><G44/><T131/><D64/><U66/><E38/><V36/><F72/><W0/><G0/><T22/><D135/><U122/><E23/><V25/><F124/><N who="1" m="47689" /><E81/><V3/><F130/><W51/><G29/><T24/><D131/><U89/><E89/><V86/><F30/><W37/><G37/><T105/><D14/><U65/><E2/><V28/><F28/><W40/><G90/><T104/><D53/><N who="1" m="29911" /><E66/><V55/><F3/><W128/><G40/><N who="0" m="15403" /><D84/><U47/><E47/><V95/><F36/><W93/><G93/><T5/><D5/><N who="1" m="3151" /><E62/><V68/><F45/><W115/><G57/><AGARI ba="0,0" hai="57,61,65,121,122" m="3151,29911,47689" machi="57" ten="30,1000,0" yaku="18,1" doraHai="100" who="1" fromWho="3" sc="278,0,410,10,100,0,212,-10" /><INIT seed="3,0,0,3,4,127" ten="278,420,100,202" oya="3" hai0="74,54,95,11,103,61,66,128,58,31,67,87,125" hai1="82,96,41,22,110,81,1,2,17,42,90,51,78" hai2="53,26,25,38,0,33,36,130,50,133,113,6,69" hai3="34,72,84,105,124,107,48,116,134,71,111,39,59"/><W112/><G59/><N who="0" m="37183" /><D128/><U64/><E64/><V55/><F113/><W135/><G48/><N who="0" m="31047" /><D74/><U123/><E123/><V118/><F118/><W79/><G84/><T44/><D125/><U4/><E110/><V126/><F126/><W49/><G49/><T52/><D67/><U93/><E81/><V101/><F69/><W65/><G79/><T19/><D31/><U77/><E77/><V70/><F70/><W10/><G10/><T9/><D19/><U131/><E22/><V102/><F133/><W129/><G65/><T94/><D103/><U32/><E93/><N who="0" m="35337" /><D87/><U47/><E78/><V35/><F50/><AGARI ba="0,0" hai="9,11,44,50,52" m="35337,31047,37183" machi="50" ten="30,2000,0" yaku="8,1,54,1" doraHai="127" who="0" fromWho="2" sc="278,20,420,0,100,-20,202,0" owari="298,9.8,420,52.0,80,-42.0,202,-19.8" /></mjloggm>