<mjloggm ver="2.3"><GO type="225" lobby="0"/><UN n0="%77%72%77%72%77%72%77%72" n1="%33%74%72%65%65" n2="%E4%BF%BA%E3%81%A8%E5%A6%96%E5%A4%A2" n3="%E8%A8%88%E7%AE%97%E6%A9%9F%E8%87%AA%E7%84%B6" dan="17,16,16,17" rate="2170.67,2152.41,2193.16,2152.94" sx="M,F,F,M"/><TAIKYOKU oya="0"/><INIT seed="0,0,0,5,3,99" ten="250,250,250,250" oya="0" hai0="101,55,39,37,48,108,23,58,107,18,30,50,112" hai1="74,49,4,129,122,119,16,83,46,75,20,128,65" hai2="5,93,43,103,80,127,2,73,33,32,133,56,19" hai3="62,94,52,66,31,109,84,88,125,131,87,63,59"/><T86/><D112/><U97/><E119/><V69/><F69/><W79/><G109/><T42/><D108/><U36/><E122/><V40/><F133/><W21/><G131/><N who="1" m="50250" /><E36/><V118/><F118/><W53/><G125/><T27/><D86/><U10/><E65/><V126/><F19/><W98/><G79/><T6/><D6/><U68/><E68/><V92/><F56/><N who="3" m="35079" /><G53/><T64/><D64/><U123/><E83/><V85/><F85/><W95/><G94/><T26/><D48/><U45/><E97/><V130/><F130/><W70/><G70/><T51/><D101/><U135/><E135/><V115/><F80/><W96/><G96/><T117/><D107/><U77/><E123/><V76/><F76/><W29/><G29/><T100/><D100/><U44/><E77/><V9/><F103/><W24/><AGARI ba="0,0" hai="21,24,31,59,63,66,84,87,88,95,98" m="35079" machi="24" ten="30,4000,0" yaku="8,1,54,2" doraHai="99" who="3" fromWho="3" sc="250,-20,250,-10,250,-10,250,40" /><INIT seed="1,0,0,4,1,105" ten="230,240,240,290" oya="1" hai0="27,2,15,40,111,117,106,8,126,123,33,90,124" hai1="13,100,1,50,122,83,59,24,93,4,68,94,125" hai2="30,62,0,19,79,101,104,86,89,35,97,113,66" hai3="56,44,109,103,85,55,92,128,118,112,61,52,135"/><U69/><E122/><V107/><F0/><W71/><G112/><T132/><D123/><U64/><E1/><V14/><F113/><W98/><G71/><T96/><D117/><U9/><E125/><N who="0" m="48233" /><D111/><U51/><E24/><V48/><F79/><W37/><G109/><T133/><D2/><U72/><E69/><V34/><F104/><W116/><G128/><T53/><D40/><U87/><E68/><V74/><F30/><W43/><G135/><N who="0" m="51787" /><D53/><U110/><E110/><V131/><F131/><W45/><G85/><T28/><D90/><N who="1" m="51583" /><E72/><V91/><F74/><W80/><G80/><T21/><D96/><N who="1" m="59407" /><E94/><V130/><F130/><W11/><G55/><T3/><D3/><U32/><E32/><V73/><F73/><W20/><G118/><T108/><D106/><U95/><E95/><V121/><F121/><W78/><G92/><T129/><D108/><U70/><E70/><V81/><F89/><W16/><G116/><T67/><D67/><U75/><E75/><V25/><F35/><W120/><G120/><T36/><D36/><U46/><E46/><V42/><F34/><W49/><G78/><T114/><D129/><U6/><E64/><V127/><F127/><W77/><G77/><T82/><D82/><U58/><E58/><N who="2" m="37207" /><F25/><N who="3" m="14471" /><G98/><T65/><D65/><U10/><E59/><V60/><F60/><W23/><G103/><T119/><D114/><U134/><E134/><V115/><F115/><W12/><G37/><T26/><D119/><U5/><E13/><V76/><F76/><W88/><G61/><T54/><D33/><U31/><E31/><V39/><F39/><RYUUKYOKU ba="0,0" sc="230,-10,240,30,240,-10,290,-10" hai1="4,5,6,9,10,50,51" /><INIT seed="1,1,0,3,5,80" ten="220,270,230,280" oya="1" hai0="130,88,18,92,44,29,26,46,2,64,134,100,114" hai1="77,81,116,96,112,111,32,45,51,124,38,28,102" hai2="91,67,4,110,101,113,86,125,13,119,55,27,79" hai3="34,132,108,6,78,36,8,37,39,40,43,68,75"/><U21/><E112/><V10/><F119/><W25/><G68/><T12/><D114/><U54/><E116/><V53/><F113/><W59/><G59/><T11/><D130/><U70/><E124/><V106/><F125/><W3/><G43/><T123/><D134/><U16/><E111/><V76/><F110/><W20/><G108/><T103/><D2/><U82/><E70/><V131/><F131/><W71/><G71/><T127/><D127/><U84/><E38/><V118/><F67/><W19/><G34/><T9/><D9/><U107/><E32/><V23/><F101/><N who="0" m="38986" /><D64/><U14/><E81/><N who="2" m="49615" /><F106/><W58/><G58/><T117/><D123/><U62/><REACH who="1" step="1"/><E28/><REACH who="1" ten="220,260,230,280" step="2"/><N who="2" m="17535" /><F118/><W94/><G37/><T133/><D117/><U122/><E122/><V17/><F4/><W69/><G69/><T95/><D133/><U85/><E85/><V63/><F63/><AGARI ba="1,1" hai="14,16,21,45,51,54,62,63,77,82,84,96,102,107" machi="63" ten="40,12000,1" yaku="1,1,52,1,54,1,53,1" doraHai="80" doraHaiUra="74" who="1" fromWho="2" sc="220,0,260,133,230,-123,280,0" /><INIT seed="1,2,0,2,4,95" ten="220,393,107,280" oya="1" hai0="102,106,118,58,113,79,10,62,75,87,33,9,0" hai1="25,99,67,27,112,111,93,98,89,60,44,129,59" hai2="100,96,122,56,43,133,88,31,109,97,82,76,39" hai3="35,6,7,117,18,74,5,65,49,41,40,30,3"/><U8/><E112/><V121/><F39/><W63/><G74/><T72/><D113/><U23/><E129/><V68/><F43/><W46/><G117/><T70/><D118/><U116/><E116/><V77/><F68/><W55/><G3/><T125/><D125/><U135/><E135/><V19/><F31/><W73/><G73/><T81/><D33/><U90/><E111/><V78/><F109/><W84/><G18/><T57/><D70/><U119/><E119/><V71/><F71/><W47/><G84/><T52/><D0/><U130/><E130/><V94/><F133/><W4/><G4/><T120/><D120/><N who="2" m="46186" /><F56/><N who="3" m="37095" /><G35/><T26/><D26/><N who="1" m="9739" /><E23/><V42/><F19/><W36/><G36/><T34/><D34/><U12/><E44/><N who="3" m="16938" /><G30/><T123/><D123/><U92/><E8/><V69/><F69/><W53/><G53/><T86/><D72/><U126/><E126/><V50/><F50/><W28/><G28/><T80/><D75/><U37/><E37/><V2/><F42/><W15/><G15/><AGARI ba="2,0" hai="12,15,59,60,67,89,90,92,93,98,99" m="9739" machi="15" ten="30,5800,0" yaku="8,1,52,2" doraHai="95" who="1" fromWho="3" sc="220,0,393,64,107,0,280,-64" /><INIT seed="1,3,0,0,5,130" ten="220,457,107,216" oya="1" hai0="75,55,4,134,93,74,96,69,87,53,63,10,107" hai1="101,15,28,13,79,36,95,118,48,29,1,50,41" hai2="19,112,56,7,54,94,80,42,124,126,24,83,51" hai3="0,111,102,82,32,44,33,135,88,84,6,68,17"/><U18/><E118/><V39/><F112/><W121/><G121/><T122/><D134/><U110/><E1/><V133/><F7/><W64/><G102/><T37/><D37/><U3/><E3/><V97/><F39/><W46/><G17/><T58/><D122/><U106/><E106/><V78/><F42/><W116/><G111/><T43/><D43/><U76/><E36/><V129/><F129/><W9/><G116/><T119/><D119/><U35/><E35/><V67/><F67/><W16/><G135/><T99/><D69/><U65/><E65/><V22/><F133/><W20/><G46/><T45/><D107/><U25/><E18/><V34/><F34/><W125/><G44/><T2/><D87/><U127/><E95/><V27/><F27/><W73/><G73/><T117/><D99/><U81/><E81/><V47/><F47/><W26/><REACH who="3" step="1"/><G125/><REACH who="3" ten="220,457,107,206" step="2"/><N who="2" m="48233" /><F78/><W5/><G5/><T90/><D117/><U57/><E79/><V12/><F24/><W61/><AGARI ba="3,1" hai="0,6,9,16,20,26,32,33,61,64,68,82,84,88" machi="61" ten="30,7900,0" yaku="1,1,0,1,54,2,53,0" doraHai="130" doraHaiUra="98" who="3" fromWho="3" sc="220,-23,457,-42,107,-23,206,98" /><INIT seed="2,0,0,3,4,7" ten="197,415,84,304" oya="2" hai0="113,114,39,107,72,17,98,27,76,121,0,29,93" hai1="81,2,71,49,97,73,103,44,13,9,80,63,58" hai2="8,66,52,68,24,75,129,61,133,25,79,60,31" hai3="110,21,36,12,99,127,109,115,92,105,5,132,45"/><V96/><F129/><W19/><G127/><T126/><D121/><U130/><E2/><V59/><F133/><W56/><G105/><T128/><D39/><U131/><E71/><V53/><F79/><W1/><G132/><T42/><D42/><U69/><E69/><V62/><F75/><W88/><G115/><T82/><D128/><N who="1" m="49195" /><E73/><V100/><F8/><N who="3" m="2095" /><G56/><T43/><D17/><N who="1" m="8367" /><E49/><V87/><F87/><W16/><G19/><T120/><D93/><N who="1" m="58799" /><E44/><V112/><F112/><W26/><G45/><T64/><D114/><U78/><E78/><V67/><F61/><W51/><G51/><T84/><D76/><U94/><E94/><V77/><F77/><W10/><G36/><T108/><D0/><U125/><E125/><V33/><REACH who="2" step="1"/><F24/><REACH who="2" ten="197,415,74,304" step="2"/><W85/><G85/><T38/><D84/><U117/><E117/><V124/><F124/><W55/><G10/><T18/><D126/><U104/><E63/><V57/><F57/><W89/><G26/><T106/><D113/><U35/><E58/><V3/><F3/><W83/><G83/><T116/><D82/><U47/><E81/><V40/><F40/><W65/><G65/><T11/><D43/><U119/><E80/><V28/><F28/><W123/><G55/><T22/><D64/><U111/><E119/><V118/><F118/><W32/><G123/><T15/><D116/><U74/><E74/><V135/><F135/><W102/><G32/><T41/><D120/><U90/><E35/><V86/><F86/><W95/><G89/><T6/><D72/><U70/><E90/><V34/><F34/><W50/><G50/><RYUUKYOKU ba="0,1" sc="197,-15,415,-15,74,15,304,15" hai2="25,31,33,52,53,59,60,62,66,67,68,96,100" hai3="12,16,21,88,92,95,99,102,109,110" /><INIT seed="2,1,1,4,3,72" ten="182,400,89,319" oya="2" hai0="11,83,88,41,24,120,44,129,26,75,89,74,127" hai1="102,95,100,118,60,85,18,45,61,42,47,36,67" hai2="73,105,22,56,21,59,108,126,99,5,119,135,27" hai3="17,32,6,76,101,92,48,3,13,131,1,29,10"/><V38/><F119/><W43/><G101/><T53/><D120/><U50/><E118/><V87/><F73/><W0/><G92/><T78/><D129/><U23/><E85/><V133/><F38/><W51/><G131/><T65/><D127/><U39/><E39/><V107/><F126/><W63/><G63/><T7/><D74/><U134/><E134/><N who="2" m="51211" /><F5/><W96/><G96/><T98/><D53/><U117/><E117/><V15/><F99/><W8/><G43/><T57/><D57/><N who="2" m="22090" /><F108/><W112/><G112/><T68/><D65/><U115/><E67/><V128/><F128/><W14/><G48/><T37/><D68/><U20/><E50/><V9/><F87/><W19/><G51/><T82/><D98/><U31/><E36/><V52/><F52/><W62/><G62/><T97/><D97/><U84/><E60/><V91/><F91/><N who="0" m="34890" /><D83/><U124/><E61/><V46/><F46/><W122/><G122/><T81/><D81/><U70/><E47/><V34/><F34/><W16/><G76/><T123/><D123/><U4/><E45/><V111/><F111/><W79/><G79/><T114/><D114/><U121/><E84/><V116/><F116/><W58/><G58/><T33/><D33/><U49/><E124/><V86/><F86/><W103/><G103/><T35/><D35/><U132/><E121/><V25/><F22/><W90/><G90/><T113/><D113/><U28/><E20/><V12/><F12/><W71/><G71/><T2/><AGARI ba="1,1" hai="2,7,11,24,26,37,41,44,75,78,82" m="34890" machi="2" ten="30,4000,0" yaku="25,1,52,1,54,1" doraHai="72" who="0" fromWho="0" sc="182,53,400,-11,89,-21,319,-11" /><INIT seed="3,0,0,2,2,134" ten="235,389,68,308" oya="3" hai0="115,36,23,92,58,12,100,128,131,56,77,74,13" hai1="63,67,111,3,90,103,26,51,120,40,129,25,54" hai2="89,107,22,110,117,32,106,66,93,61,119,98,28" hai3="96,5,132,8,64,91,95,71,45,14,123,0,31"/><W82/><G123/><T87/><D36/><U79/><E120/><V15/><F117/><W118/><G118/><T11/><D115/><U48/><E3/><V102/><F119/><W9/><G132/><T101/><D74/><U99/><E111/><V16/><F110/><W52/><G31/><T72/><D72/><U75/><E129/><N who="0" m="49737" /><D23/><U62/><E90/><V27/><F106/><W46/><G71/><T116/><D13/><U49/><E40/><V42/><F42/><W43/><G64/><T30/><D30/><U7/><E7/><V34/><F34/><W73/><G73/><T47/><D47/><U18/><E26/><V76/><F76/><W113/><G113/><T97/><D101/><U68/><E25/><V81/><F81/><W94/><G82/><N who="0" m="47567" /><D116/><U124/><E103/><V70/><REACH who="2" step="1"/><F93/><REACH who="2" ten="235,389,58,308" step="2"/><W86/><G43/><T6/><AGARI ba="0,1" hai="6,11,12,56,58,92,97,100" m="47567,49737" machi="6" ten="30,1100,0" yaku="19,1" doraHai="134" who="0" fromWho="0" sc="235,21,389,-3,58,-3,308,-5" owari="256,-14.4,386,48.6,55,-44.5,303,10.3" /></mjloggm>