<mjloggm ver="2.3"><GO type="225" lobby="0"/><UN n0="%E3%81%AF%E3%82%88%E3%81%8A%E3%81%98%E3%81%95%E3%82%93" n1="%E7%9A%AE%E3%80%85" n2="%E6%98%93%E5%88%A9%E8%96%A9%E4%BC%AF" n3="%E3%81%99%E3%81%84%E3%81%BE%E3%81%9B%E3%83%BC%E3%82%93" dan="17,16,17,18" rate="2133.42,2091.00,2170.40,2200.52" sx="M,M,F,M"/><TAIKYOKU oya="0"/><INIT seed="0,0,0,2,5,40" ten="250,250,250,250" oya="0" hai0="25,122,27,128,127,87,5,97,120,103,86,38,19" hai1="37,21,108,118,129,113,11,124,105,89,58,28,47" hai2="88,101,26,81,119,6,16,32,83,80,75,52,39" hai3="17,49,9,102,95,106,60,2,15,123,78,24,79"/><T111/><D38/><U130/><E105/><V107/><F39/><W85/><G123/><T34/><D5/><U46/><E118/><V36/><F36/><W116/><G116/><T10/><D127/><U54/><E37/><V33/><F75/><W0/><G106/><T13/><D128/><N who="1" m="49259" /><E108/><V100/><F107/><W43/><G24/><T64/><D111/><U66/><E124/><V23/><F6/><W42/><G0/><T96/><D64/><U84/><E66/><V51/><F119/><W44/><G2/><T3/><D3/><U126/><E126/><V53/><F53/><W68/><G43/><T31/><D25/><N who="1" m="16431" /><E11/><V131/><F131/><W115/><G115/><T41/><D41/><U55/><E113/><V45/><REACH who="2" step="1"/><F88/><REACH who="2" ten="250,250,240,250" step="2"/><W134/><G42/><T61/><D97/><U90/><E90/><V62/><F62/><W125/><G60/><T50/><D61/><N who="1" m="36055" /><E55/><V93/><F93/><AGARI ba="0,1" hai="46,47,84,89,93" m="36055,16431,49259" machi="93" ten="30,3900,0" yaku="19,1,52,2" doraHai="40" who="1" fromWho="2" sc="250,0,250,49,240,-39,250,0" /><INIT seed="1,0,0,3,3,41" ten="250,299,201,250" oya="1" hai0="103,8,69,110,84,50,95,120,26,24,105,117,70" hai1="113,55,1,124,93,22,42,73,122,100,96,17,127" hai2="14,126,135,125,102,130,67,116,58,33,63,106,25" hai3="91,44,108,92,60,15,80,68,38,27,89,16,34"/><U133/><E122/><V54/><F116/><W99/><G108/><T61/><D117/><U3/><E113/><V51/><F135/><W128/><G128/><T59/><D110/><U132/><E73/><V13/><F130/><W74/><G68/><T52/><D120/><U94/><E55/><V18/><F106/><W7/><G60/><T104/><D70/><U35/><E35/><V114/><F102/><W72/><G7/><T32/><D8/><U109/><E42/><V40/><F114/><W118/><G118/><T19/><D19/><U81/><E81/><V112/><F40/><W88/><G44/><T20/><D32/><U129/><E94/><V79/><F79/><W47/><G47/><T2/><D2/><N who="1" m="523" /><E129/><V62/><F112/><W37/><G74/><T121/><D121/><U76/><E76/><V123/><F123/><W6/><G72/><T65/><D26/><N who="1" m="14671" /><E109/><V134/><F134/><AGARI ba="0,0" hai="93,96,100,124,127,132,133,134" m="14671,523" machi="134" ten="30,1500,0" yaku="20,1" doraHai="41" who="1" fromWho="2" sc="250,0,299,15,201,-15,250,0" /><INIT seed="1,1,0,1,1,11" ten="250,314,186,250" oya="1" hai0="55,62,72,97,114,18,117,106,61,3,27,110,26" hai1="84,50,87,24,89,17,20,128,14,45,73,70,81" hai2="134,32,51,127,16,5,111,44,94,74,103,93,38" hai3="53,29,15,105,1,6,121,23,13,71,78,86,7"/><U100/><E70/><V37/><F111/><W65/><G121/><T130/><D114/><U4/><E128/><V108/><F108/><W47/><G105/><T109/><D117/><U57/><E73/><V113/><F74/><W64/><G1/><T104/><D72/><U129/><E129/><V107/><F134/><W48/><G29/><T30/><D130/><U91/><E100/><V12/><F32/><W75/><G75/><T69/><D3/><U82/><E57/><V22/><F127/><W98/><G98/><T125/><D125/><U96/><E96/><V28/><F28/><W119/><G119/><T79/><D79/><U116/><E116/><V101/><F113/><W42/><G53/><T122/><D122/><U90/><E4/><N who="3" m="1578" /><G71/><T115/><D115/><U120/><E120/><V25/><F107/><W41/><G42/><T56/><D18/><U131/><E131/><V133/><F133/><W132/><G23/><T39/><D26/><U135/><E135/><V9/><F38/><W19/><G19/><T112/><D39/><U40/><E24/><V21/><F37/><W8/><G8/><T77/><D77/><AGARI ba="1,0" hai="14,17,20,40,45,50,77,81,82,84,87,89,90,91" machi="77" ten="30,5800,0" yaku="7,1,8,1,52,1" doraHai="11" who="1" fromWho="0" sc="250,-61,314,61,186,0,250,0" /><INIT seed="1,2,0,4,1,99" ten="189,375,186,250" oya="1" hai0="127,17,133,42,10,106,67,14,81,5,45,135,91" hai1="83,53,128,79,74,37,65,39,31,85,119,51,109" hai2="8,114,54,4,122,95,115,3,77,72,41,97,124" hai3="38,88,35,116,103,61,28,120,18,9,75,94,111"/><U123/><E123/><V100/><F122/><W26/><G120/><T43/><D106/><U117/><E74/><V102/><F41/><W76/><G38/><T25/><D67/><U132/><E132/><N who="0" m="50761" /><D127/><U2/><E2/><V40/><F40/><W112/><G112/><N who="2" m="43049" /><F124/><W22/><G111/><T69/><D69/><U23/><E109/><V12/><F3/><W108/><G108/><T30/><D17/><U113/><E113/><V64/><F64/><W107/><G116/><T0/><D0/><U131/><E65/><V73/><F77/><W84/><G61/><T59/><D59/><U47/><E39/><V68/><F68/><W52/><G9/><T1/><D1/><U58/><E37/><V66/><F66/><W34/><G28/><T46/><D43/><U71/><E71/><V56/><F102/><W29/><G29/><T92/><D81/><U104/><E104/><V70/><F70/><W32/><G107/><T27/><D42/><U80/><E80/><V50/><AGARI ba="2,0" hai="4,8,12,50,54,56,72,73,95,97,100" m="43049" machi="50" ten="30,2000,0" yaku="11,1,52,1" doraHai="99" who="2" fromWho="2" sc="189,-7,375,-12,186,26,250,-7" /><INIT seed="2,0,0,2,0,17" ten="182,363,212,243" oya="2" hai0="5,129,97,24,49,52,62,109,74,43,68,88,61" hai1="128,8,87,55,47,30,32,113,31,7,82,53,18" hai2="57,105,124,91,51,98,85,90,1,81,64,104,72" hai3="63,135,106,92,70,6,59,39,37,123,33,46,54"/><V45/><F1/><W100/><G106/><T12/><D74/><U48/><E113/><V50/><F124/><W114/><G33/><T73/><D73/><U93/><E128/><V110/><F72/><W131/><G123/><T2/><D2/><U107/><E107/><V67/><F110/><W126/><G6/><T120/><D120/><U132/><E132/><V14/><F105/><W19/><G126/><T118/><D68/><U38/><E38/><V122/><F122/><W78/><G78/><T41/><D129/><U65/><E32/><V111/><F111/><W15/><G131/><T10/><D118/><U28/><E65/><V71/><F71/><W3/><G3/><T133/><D133/><U11/><E93/><V25/><F25/><W116/><G70/><T4/><D4/><U42/><E18/><V125/><F125/><W36/><G116/><T69/><D109/><U86/><E86/><V16/><F51/><W66/><G114/><T21/><D69/><U95/><E95/><N who="2" m="56695" /><F57/><W80/><G135/><T130/><D130/><U13/><E8/><N who="2" m="6215" /><F104/><W0/><G0/><T35/><D35/><U89/><AGARI ba="0,0" hai="7,11,13,28,30,31,42,47,48,53,55,82,87,89" machi="89" ten="30,2000,0" yaku="0,1,8,1" doraHai="17" who="1" fromWho="1" sc="182,-5,363,20,212,-10,243,-5" /><INIT seed="3,0,0,5,5,0" ten="177,383,202,238" oya="3" hai0="30,82,16,67,20,126,10,36,68,45,132,4,94" hai1="120,98,7,50,95,80,37,39,86,116,124,60,56" hai2="57,38,23,83,17,110,61,115,14,81,102,121,101" hai3="54,21,135,12,48,113,41,97,75,8,78,105,63"/><W25/><G113/><T35/><D126/><U125/><E120/><V59/><F38/><W40/><G135/><T5/><D132/><U77/><E7/><N who="0" m="2633" /><D68/><U71/><E71/><V99/><F115/><W24/><G24/><N who="0" m="16647" /><D36/><U65/><E50/><V31/><F110/><W134/><G48/><T119/><D35/><U27/><E27/><N who="2" m="16895" /><F121/><W49/><G25/><T19/><D119/><U58/><E58/><N who="2" m="22027" /><F61/><W114/><G63/><T79/><D67/><U117/><E37/><V118/><F118/><N who="1" m="45673" /><E39/><V51/><F51/><W26/><G49/><T87/><D45/><U46/><E46/><V29/><F29/><W32/><G32/><T55/><D55/><U131/><E131/><V130/><F130/><W90/><G54/><T93/><D19/><U106/><E106/><V18/><F18/><W108/><G105/><T104/><D104/><U122/><E122/><V42/><F42/><W66/><G41/><T92/><D16/><U1/><E1/><V70/><F70/><W74/><G134/><T22/><D22/><U13/><E13/><V47/><F47/><W2/><G12/><T91/><D10/><U53/><E53/><V84/><F99/><AGARI ba="0,0" hai="79,82,87,91,92,93,94,99" m="16647,2633" machi="99" ten="30,7700,0" yaku="8,1,52,3" doraHai="0" who="0" fromWho="2" sc="177,77,383,0,202,-77,238,0" owari="254,5.4,383,48.3,125,-37.5,238,-16.2" /></mjloggm>