<mjloggm ver="2.3"><GO type="225" lobby="0"/><UN n0="%E5%85%83%E3%82%AB%E3%83%8E%E7%B3%BB%E3%83%92%E3%83%AD%E3%82%A4%E3%83%B3" n1="%E3%83%96%E3%83%83%E3%83%91%E3%82%AA%E3%83%96%E3%83%81%E3%82%AD%E3%83%B3" n2="%EF%BC%AE%EF%BC%A1%EF%BC%AF%33%33%39" n3="%E3%81%BE%E3%81%A8%E3%81%9F" dan="16,16,16,16" rate="2207.01,2195.57,2124.48,2082.43" sx="M,M,M,M"/><TAIKYOKU oya="0"/><INIT seed="0,0,0,4,2,89" ten="250,250,250,250" oya="0" hai0="69,61,57,81,28,13,38,133,8,124,96,20,45" hai1="35,70,129,118,117,116,11,36,123,77,72,87,29" hai2="30,105,83,85,4,42,55,56,41,120,24,63,135" hai3="54,79,92,103,23,26,1,102,97,64,78,22,60"/><T104/><D124/><U62/><E123/><V91/><F120/><W126/><G1/><T125/><D125/><U122/><E122/><V21/><F105/><W112/><G112/><T3/><D133/><U67/><E129/><V49/><F135/><W2/><G2/><T107/><D69/><U111/><E111/><V31/><F4/><W80/><G126/><T108/><D108/><U68/><E36/><V58/><REACH who="2" step="1"/><F31/><REACH who="2" ten="250,250,240,250" step="2"/><W95/><G54/><AGARI ba="0,1" hai="21,24,30,41,42,49,54,55,56,58,63,83,85,91" machi="54" ten="30,8000,1" yaku="1,1,2,1,7,1,8,1,53,1" doraHai="89" doraHaiUra="16" who="2" fromWho="3" sc="250,0,250,0,240,90,250,-80" /><INIT seed="1,0,0,5,0,64" ten="250,250,330,170" oya="1" hai0="47,20,81,8,16,123,133,54,72,49,51,67,70" hai1="88,56,129,107,38,1,109,66,6,90,96,105,55" hai2="42,131,122,68,114,26,118,82,45,7,17,100,14" hai3="62,111,87,65,43,124,130,53,73,57,2,48,31"/><U94/><E38/><V32/><F118/><W115/><G73/><T25/><D133/><U13/><E129/><V5/><F122/><W76/><G115/><T19/><D123/><U92/><E1/><V46/><F100/><W71/><G2/><T83/><D72/><U85/><E66/><V116/><F116/><W91/><G130/><T117/><D117/><U44/><E44/><V30/><F131/><W89/><G124/><T135/><D135/><U11/><REACH who="1" step="1"/><E109/><REACH who="1" ten="250,240,330,170" step="2"/><V40/><F45/><W97/><G111/><T110/><D110/><U33/><E33/><V63/><F46/><W113/><G113/><T77/><D67/><U12/><E12/><V128/><F128/><W120/><G120/><T0/><D0/><U59/><E59/><V61/><F114/><W127/><G127/><T101/><D47/><U78/><E78/><V134/><F134/><W84/><G43/><T126/><D77/><U86/><E86/><V60/><F42/><W21/><G76/><T37/><D37/><U93/><E93/><V121/><F40/><W10/><G87/><T29/><D126/><U99/><E99/><V34/><F34/><W35/><G84/><T36/><D36/><U24/><E24/><V112/><F112/><W50/><G97/><T106/><D25/><U79/><E79/><V103/><F121/><W80/><G35/><T4/><D81/><U9/><E9/><V52/><F82/><W74/><G80/><T22/><D83/><U132/><E132/><V3/><F3/><W18/><G10/><T27/><D8/><U125/><E125/><V23/><F32/><RYUUKYOKU ba="0,1" sc="250,-10,240,30,330,-10,170,-10" hai1="6,11,13,55,56,85,88,90,92,94,96,105,107" /><INIT seed="1,1,1,0,3,20" ten="240,270,320,160" oya="1" hai0="81,51,90,14,77,118,65,60,33,3,37,44,115" hai1="50,46,86,71,84,30,40,117,76,98,103,119,79" hai2="42,126,111,1,18,67,106,49,68,131,113,15,82" hai3="124,83,58,4,8,59,19,11,93,5,104,62,35"/><U55/><E71/><V36/><F106/><W45/><G104/><T101/><D3/><U87/><E30/><V133/><F1/><W23/><G35/><T78/><D115/><U57/><E119/><V92/><F36/><W116/><G116/><T80/><D118/><U96/><E117/><V21/><F113/><W125/><G45/><T70/><D33/><U17/><E17/><V7/><F7/><W100/><G83/><T53/><D101/><U22/><E22/><V16/><F82/><W88/><G100/><T107/><D107/><U26/><E26/><V32/><F32/><W34/><G34/><T41/><D14/><U73/><E73/><V6/><F6/><W29/><G29/><T74/><D90/><U12/><E12/><V72/><F72/><W52/><G5/><T123/><D123/><U108/><E108/><V25/><F111/><W64/><G4/><T97/><D97/><U54/><E55/><V69/><F67/><W13/><G124/><T109/><D109/><U75/><E75/><V66/><F66/><W61/><G125/><T110/><D110/><U39/><REACH who="1" step="1"/><E96/><AGARI ba="1,1" hai="8,11,13,19,23,52,58,59,61,62,64,88,93,96" machi="96" ten="30,7700,0" yaku="7,1,8,1,54,2" doraHai="20" who="3" fromWho="1" sc="240,0,270,-80,320,0,160,90" /><INIT seed="2,0,0,0,1,1" ten="240,190,320,250" oya="2" hai0="68,51,21,93,113,37,78,103,66,6,44,39,123" hai1="74,86,35,87,76,43,22,104,100,32,52,61,131" hai2="28,125,16,119,4,108,97,89,117,106,133,64,12" hai3="134,77,91,72,7,129,14,38,130,2,105,36,116"/><V101/><F64/><W31/><G116/><T63/><D123/><U11/><E131/><N who="3" m="50186" /><G105/><T62/><D113/><U71/><E43/><V111/><F28/><W99/><G14/><T122/><D122/><U81/><E22/><V9/><F133/><W118/><G31/><T102/><D78/><U19/><E104/><V17/><F89/><W112/><G112/><T69/><D21/><U18/><E100/><V82/><F82/><N who="3" m="45351" /><G118/><N who="2" m="45065" /><F125/><W124/><G124/><T55/><D6/><U121/><E121/><V47/><F47/><W57/><G57/><T29/><D29/><U110/><E110/><AGARI ba="0,0" hai="4,9,12,16,17,97,101,106,108,110,111" m="45065" machi="110" ten="30,11600,0" yaku="14,1,10,1,52,1,54,1" doraHai="1" who="2" fromWho="1" sc="240,0,190,-116,320,116,250,0" /><INIT seed="2,1,0,3,5,102" ten="240,74,436,250" oya="2" hai0="55,24,5,90,64,134,104,108,122,3,83,13,135" hai1="115,88,40,101,82,65,39,4,59,36,69,127,75" hai2="89,131,111,14,29,23,54,28,120,106,116,76,100" hai3="43,21,48,45,80,133,11,118,53,112,2,6,86"/><V123/><F116/><W30/><G118/><T109/><D122/><U68/><E101/><V20/><F76/><W71/><G133/><N who="0" m="50699" /><D64/><U27/><E27/><V41/><F41/><W96/><G71/><N who="1" m="27210" /><E88/><V99/><F131/><W95/><G112/><T103/><D3/><U117/><E82/><V42/><F42/><W98/><G30/><T9/><D55/><U32/><E32/><V33/><F33/><W74/><G21/><T92/><D83/><U38/><E75/><V34/><F34/><W97/><G53/><T0/><D24/><U85/><E85/><V31/><F89/><W78/><REACH who="3" step="1"/><G74/><REACH who="3" ten="240,74,436,240" step="2"/><T125/><D125/><U113/><E4/><V47/><F23/><W25/><G25/><T52/><D52/><U87/><E117/><V46/><F54/><W44/><G44/><T94/><D0/><U8/><E8/><V60/><F46/><W119/><G119/><T110/><D90/><AGARI ba="1,1" hai="2,6,11,43,45,48,78,80,86,90,95,96,97,98" machi="90" ten="30,2000,0" yaku="1,1,7,1,53,0" doraHai="102" doraHaiUra="107" who="3" fromWho="0" sc="240,-23,74,0,436,0,240,33" /><INIT seed="3,0,0,5,0,70" ten="217,74,436,273" oya="3" hai0="24,60,115,119,12,127,132,82,78,130,40,69,13" hai1="37,44,84,54,91,32,81,87,135,71,99,7,120" hai2="93,62,56,134,30,34,111,64,92,110,29,14,48" hai3="25,10,72,36,23,63,38,4,123,128,8,74,47"/><W1/><G123/><T122/><D119/><U9/><E120/><V19/><F134/><W83/><G128/><T97/><D122/><U20/><E135/><V57/><F48/><W39/><G10/><T105/><D132/><U88/><E32/><V80/><F80/><W73/><G63/><T75/><D130/><U66/><E20/><V113/><F57/><W112/><G112/><T28/><D127/><U5/><E99/><V67/><F64/><W104/><G104/><T45/><D115/><U43/><E54/><V79/><F79/><W65/><G65/><T98/><D60/><U11/><E66/><V33/><F33/><W6/><G6/><T114/><D114/><U121/><E121/><V133/><F133/><W26/><G26/><T15/><D69/><U2/><E71/><V0/><F0/><W17/><REACH who="3" step="1"/><G83/><REACH who="3" ten="217,74,436,263" step="2"/><T77/><D105/><U96/><E96/><V16/><F113/><W95/><G95/><T58/><D82/><U107/><E107/><V55/><F67/><W21/><G21/><T125/><D97/><U124/><E124/><V51/><F62/><W126/><G126/><T61/><D125/><U89/><REACH who="1" step="1"/><E81/><REACH who="1" ten="217,64,436,263" step="2"/><V109/><F34/><W46/><AGARI ba="0,2" hai="1,4,8,17,23,25,36,38,39,46,47,72,73,74" machi="46" ten="40,12000,1" yaku="1,1,0,1,52,3,53,0" doraHai="70" doraHaiUra="50" who="3" fromWho="3" sc="217,-40,64,-40,436,-40,263,140" owari="177,-22.3,24,-47.6,396,19.6,403,50.3" /></mjloggm>