<mjloggm ver="2.3"><GO type="225" lobby="0"/><UN n0="%E3%83%96%E3%83%83%E3%83%91%E3%82%AA%E3%83%96%E3%83%81%E3%82%AD%E3%83%B3" n1="%E4%BF%BA%E3%81%A8%E5%A6%96%E5%A4%A2" n2="%E3%81%95%E3%81%8D%E3%81%9F%E3%81%BE%E6%9E%97%E6%AA%8E" n3="%E3%81%AF%E3%82%88%E3%81%8A%E3%81%98%E3%81%95%E3%82%93" dan="16,16,16,17" rate="2170.30,2273.31,2120.37,2217.68" sx="M,F,M,M"/><TAIKYOKU oya="0"/><INIT seed="0,0,0,4,5,27" ten="250,250,250,250" oya="0" hai0="4,122,39,28,126,17,127,84,41,97,48,120,116" hai1="89,101,93,13,113,11,32,88,16,109,18,37,131" hai2="85,22,54,31,19,103,112,24,26,43,78,10,130" hai3="99,2,29,114,96,123,20,81,134,30,38,45,66"/><T60/><D116/><U14/><E37/><V3/><F112/><W71/><G114/><T124/><D4/><U91/><E113/><V53/><F130/><W105/><G2/><T61/><D39/><U34/><E131/><V87/><F103/><W128/><G128/><T77/><D17/><U68/><E68/><V133/><F133/><W64/><G134/><T36/><D36/><U75/><E75/><V49/><F43/><W104/><G20/><T58/><D97/><U1/><E1/><V63/><F63/><N who="0" m="24138" /><D77/><U100/><E109/><V9/><F54/><W80/><G38/><T69/><D84/><U74/><E74/><V50/><F50/><W92/><G45/><N who="0" m="25647" /><D28/><N who="3" m="10857" /><G92/><T25/><D25/><U102/><REACH who="1" step="1"/><E93/><REACH who="1" ten="250,240,250,250" step="2"/><V129/><F3/><W55/><G71/><T83/><D69/><U12/><E12/><V23/><F129/><W76/><G104/><T40/><D83/><U119/><E119/><V35/><F35/><W44/><G105/><T7/><D7/><U21/><AGARI ba="0,1" hai="11,13,14,16,18,21,32,34,88,89,91,100,101,102" machi="21" ten="30,7900,0" yaku="1,1,0,1,54,2,53,0" doraHai="27" doraHaiUra="42" who="1" fromWho="1" sc="250,-39,240,89,250,-20,250,-20" /><INIT seed="1,0,0,2,0,70" ten="211,329,230,230" oya="1" hai0="88,66,20,111,3,97,100,34,52,124,94,71,64" hai1="6,98,120,95,83,30,113,5,16,7,24,123,134" hai2="28,50,109,75,31,37,101,74,12,96,41,62,116" hai3="2,130,59,63,99,68,51,85,47,89,93,80,45"/><U10/><E113/><V79/><F116/><W135/><G2/><T32/><D111/><U69/><E69/><V107/><F50/><W104/><G130/><T35/><D124/><U23/><E134/><V14/><F62/><W102/><G135/><T44/><D3/><U119/><E119/><V82/><F109/><W9/><G68/><T1/><D1/><U4/><E83/><V129/><F129/><W56/><G9/><T61/><D66/><U0/><REACH who="1" step="1"/><E30/><REACH who="1" ten="211,319,230,230" step="2"/><V25/><F28/><W128/><G128/><T53/><D44/><U77/><E77/><V132/><F132/><W60/><G80/><T57/><D71/><U39/><E39/><V13/><F82/><W21/><G45/><T131/><D131/><U8/><E8/><V58/><F79/><W15/><G56/><T11/><D11/><U72/><E72/><V73/><F58/><W29/><G29/><T118/><D118/><U112/><E112/><V22/><F41/><W40/><G59/><T126/><D126/><U33/><E33/><V90/><F75/><W17/><AGARI ba="0,1" hai="15,17,21,40,47,51,60,63,85,89,93,99,102,104" machi="17" ten="30,1100,0" yaku="0,1" doraHai="70" who="3" fromWho="3" sc="211,-3,319,-5,230,-3,230,21" /><INIT seed="2,0,0,0,1,122" ten="208,314,227,251" oya="2" hai0="61,36,21,120,133,76,99,89,86,2,54,85,19" hai1="103,58,77,88,72,107,4,74,102,27,7,66,121" hai2="24,18,91,115,106,30,119,127,3,128,28,80,46" hai3="13,68,52,78,126,10,43,130,101,87,31,51,114"/><V45/><F115/><W41/><G68/><T84/><D120/><U92/><E121/><V96/><F119/><W116/><G116/><T62/><D133/><U79/><E107/><V135/><F135/><W8/><G114/><T60/><D36/><U123/><E123/><V34/><F3/><W6/><G126/><T57/><D2/><U25/><E72/><V63/><F127/><W20/><G130/><T29/><D29/><U82/><E66/><V55/><F128/><W108/><G108/><T109/><D109/><U49/><E49/><V113/><F113/><W16/><G101/><N who="1" m="38410" /><E58/><V15/><F28/><W59/><G31/><T67/><D76/><N who="1" m="29259" /><E82/><V11/><F106/><W5/><G87/><T124/><D67/><U131/><E131/><V70/><F70/><W104/><G78/><T93/><REACH who="0" step="1"/><D124/><REACH who="0" ten="198,314,227,251" step="2"/><U117/><E117/><V118/><F118/><W50/><G104/><T44/><D44/><U22/><E74/><V65/><F65/><W37/><G37/><T48/><D48/><U40/><E40/><V42/><F42/><W71/><G51/><T110/><D110/><U38/><E38/><V69/><F46/><W26/><G71/><T97/><D97/><N who="1" m="57479" /><E27/><AGARI ba="0,1" hai="19,21,27,54,57,60,61,62,84,85,86,89,93,99" machi="27" ten="40,8000,1" yaku="1,1,25,2,8,1,53,1" doraHai="122" doraHaiUra="23" who="0" fromWho="1" sc="198,90,314,-80,227,0,251,0" /><INIT seed="3,0,0,1,2,90" ten="288,234,227,251" oya="3" hai0="16,51,18,74,70,72,27,96,1,89,62,98,30" hai1="111,86,82,21,83,54,64,118,47,55,20,120,63" hai2="24,88,43,93,8,73,9,50,34,69,2,101,132" hai3="134,61,0,112,14,108,135,109,107,42,94,53,99"/><W91/><G0/><T131/><D1/><U26/><E120/><V59/><F69/><W17/><G112/><T71/><D131/><U68/><E111/><N who="3" m="42570" /><G42/><T40/><D72/><U79/><E118/><V12/><F73/><W41/><G41/><T7/><D74/><U87/><E47/><N who="2" m="25983" /><F2/><W37/><G37/><T46/><D71/><U67/><E67/><V11/><F34/><W104/><G61/><T23/><D7/><U129/><E129/><V28/><F132/><N who="3" m="50731" /><G53/><T45/><D45/><U4/><E4/><V124/><F124/><W121/><G121/><T60/><D70/><U13/><E54/><V25/><F101/><W113/><G113/><T32/><D32/><U92/><E55/><V6/><F59/><W97/><G99/><N who="0" m="37931" /><D89/><N who="1" m="53303" /><E63/><AGARI ba="0,0" hai="16,18,23,27,30,40,46,51,60,62,63" m="37931" machi="63" ten="30,2000,0" yaku="8,1,54,1" doraHai="90" who="0" fromWho="1" sc="288,20,234,-20,227,0,251,0" owari="308,40.8,214,-28.6,227,-17.3,251,5.1" /></mjloggm>