<mjloggm ver="2.3"><GO type="225" lobby="0"/><UN n0="%E3%83%A9%E3%82%A4%E3%83%B3%E3%81%AE%E8%99%8E" n1="%E3%83%81%E3%83%83%E3%82%BF%E3%82%BD%E3%83%BC" n2="%E3%83%9D%E3%82%B1%E3%83%83%E3%83%88" n3="%E6%A1%9C%E8%8A%B1%E9%96%83%E3%80%85" dan="16,16,16,16" rate="2160.49,2187.16,2063.48,2114.46" sx="M,F,M,M"/><TAIKYOKU oya="0"/><INIT seed="0,0,0,0,4,57" ten="250,250,250,250" oya="0" hai0="98,13,31,134,96,113,119,130,101,122,43,14,27" hai1="63,121,16,123,49,85,95,111,84,133,54,0,73" hai2="87,106,94,51,109,48,64,42,125,126,12,2,120" hai3="6,53,4,110,36,99,71,50,93,74,38,90,61"/><T102/><D113/><U132/><E73/><V100/><F2/><W128/><G110/><T108/><D119/><U35/><E111/><V5/><F109/><W83/><G128/><T1/><D108/><U78/><E35/><V9/><F120/><W65/><G74/><T20/><D122/><U103/><E0/><V116/><F116/><W34/><G34/><T69/><D1/><U76/><E49/><V29/><F29/><W44/><REACH who="3" step="1"/><G83/><REACH who="3" ten="250,250,250,240" step="2"/><T62/><D130/><U24/><E121/><V81/><F81/><W58/><G58/><T21/><D134/><U7/><E123/><V26/><F125/><W86/><G86/><T47/><D98/><U77/><E84/><V39/><F87/><W8/><G8/><T70/><D70/><U30/><E85/><V114/><F9/><W59/><G59/><T3/><D96/><U18/><E132/><V25/><F126/><W129/><G129/><T91/><D69/><U37/><E133/><V19/><F114/><W46/><G46/><T104/><D47/><U117/><E117/><V75/><F75/><W112/><G112/><T15/><D21/><U40/><E76/><V60/><F42/><W45/><G45/><T41/><D41/><U67/><E40/><V72/><F72/><W127/><G127/><T124/><D43/><U89/><E77/><V22/><F22/><W66/><G66/><T17/><D124/><U68/><E78/><V10/><F64/><W82/><G82/><T92/><D20/><U56/><E67/><V80/><F80/><W52/><G52/><T115/><D115/><U118/><E118/><RYUUKYOKU ba="0,1" sc="250,-10,250,-10,250,-10,240,30" hai3="4,6,36,38,44,50,53,61,65,71,90,93,99" /><INIT seed="1,1,1,2,2,95" ten="240,240,240,270" oya="1" hai0="3,65,9,111,40,69,124,97,116,51,55,91,18" hai1="67,83,29,7,131,109,54,99,75,115,17,59,47" hai2="41,62,38,6,134,94,63,5,22,82,129,60,107" hai3="56,126,43,98,39,2,108,128,120,127,133,14,15"/><U101/><E131/><V49/><F107/><W135/><G120/><T121/><D116/><U102/><E115/><V11/><F129/><W35/><G128/><T92/><D121/><U48/><E7/><V44/><F134/><N who="3" m="51211" /><G108/><T103/><D111/><U4/><E109/><V71/><F5/><W87/><G2/><T93/><D124/><U79/><E4/><V61/><F22/><W12/><G35/><T132/><D132/><U30/><E102/><V57/><F82/><W88/><G56/><T90/><D3/><U16/><E29/><V53/><F94/><N who="3" m="56647" /><G87/><T26/><D69/><U42/><E30/><V23/><F23/><W72/><G72/><T86/><D103/><U119/><E67/><N who="2" m="41471" /><F6/><W70/><G70/><T10/><D65/><U46/><E119/><V117/><F11/><W96/><G96/><T31/><D31/><U100/><E100/><V24/><F24/><W77/><G77/><T80/><D80/><U118/><E118/><AGARI ba="1,1" hai="38,41,44,49,53,57,60,61,62,117,118" m="41471" machi="118" ten="30,3900,0" yaku="24,1,34,2" doraHai="95" who="2" fromWho="1" sc="240,0,240,-42,240,52,270,0" /><INIT seed="2,0,0,2,0,65" ten="240,198,292,270" oya="2" hai0="108,45,88,55,54,6,80,13,63,77,46,67,24" hai1="68,126,41,73,87,124,7,42,58,37,135,107,8" hai2="128,89,101,36,100,5,130,118,79,94,1,32,29" hai3="75,86,51,57,16,38,22,76,52,112,122,83,103"/><V102/><F118/><W81/><G122/><T119/><D108/><U113/><E73/><V47/><F79/><W48/><G38/><T25/><D119/><U4/><E113/><V39/><F5/><W133/><G133/><T117/><D117/><U134/><E107/><V114/><F1/><W96/><G112/><T105/><D105/><U109/><E109/><V93/><F114/><W85/><G51/><T74/><D45/><U120/><E120/><V2/><F2/><W106/><REACH who="3" step="1"/><G81/><REACH who="3" ten="240,198,292,260" step="2"/><T35/><D80/><U30/><E37/><V12/><F39/><W97/><G97/><T121/><D121/><U111/><E111/><V72/><F36/><W28/><G28/><T40/><D40/><U127/><E30/><V20/><F29/><W18/><G18/><T61/><D6/><U116/><E116/><V10/><F128/><W129/><G129/><T62/><D35/><U104/><E4/><V90/><F32/><W21/><G21/><T110/><D110/><U15/><E41/><V95/><F20/><W69/><G69/><T59/><D25/><AGARI ba="0,1" hai="16,22,25,48,52,57,75,76,83,85,86,96,103,106" machi="25" ten="30,7700,0" yaku="1,1,7,1,54,2,53,0" doraHai="65" doraHaiUra="3" who="3" fromWho="0" sc="240,-77,198,0,292,0,260,87" /><INIT seed="3,0,0,5,1,119" ten="163,198,292,347" oya="3" hai0="55,121,102,54,16,4,7,34,1,111,94,88,71" hai1="76,100,2,128,124,11,21,78,33,40,82,53,32" hai2="131,59,77,18,74,60,15,118,19,38,35,65,20" hai3="30,9,50,5,114,24,10,56,69,72,123,26,46"/><W31/><G69/><T47/><D34/><U62/><E100/><V108/><F118/><W22/><G123/><T104/><D71/><U93/><E93/><V84/><F35/><W129/><G114/><T122/><D104/><U90/><E90/><V70/><F108/><W45/><G72/><T23/><D102/><U87/><E76/><V14/><F131/><W112/><G112/><T83/><D83/><U49/><E128/><V37/><F74/><W81/><G81/><T110/><D1/><U44/><E124/><V17/><F17/><W85/><G85/><N who="0" m="52495" /><D47/><U107/><E107/><V80/><REACH who="2" step="1"/><F70/><REACH who="2" ten="163,198,282,347" step="2"/><W41/><G129/><T28/><D28/><U127/><E33/><V6/><F6/><N who="0" m="2090" /><D122/><U29/><E32/><V12/><F12/><W43/><G5/><T106/><D121/><U133/><E2/><V66/><F66/><W98/><G30/><T42/><D106/><U135/><E29/><V58/><F58/><W91/><G56/><T99/><D99/><U95/><E135/><V13/><F13/><W39/><G26/><N who="0" m="14695" /><D42/><U130/><E40/><V103/><F103/><W48/><G39/><T115/><D115/><U75/><E133/><V109/><F109/><AGARI ba="0,1" hai="54,55,109,110,111" m="14695,2090,52495" machi="109" ten="30,3900,0" yaku="14,1,54,2" doraHai="119" who="0" fromWho="2" sc="163,49,198,0,282,-39,347,0" owari="212,-18.8,198,-30.2,243,4.3,347,44.7" /></mjloggm>