<mjloggm ver="2.3"><GO type="225" lobby="0"/><UN n0="%E3%81%8B%E3%82%8F%E3%81%A1%E3%82%83%E3%82%93%35%38" n1="%E7%89%B9%E6%9D%B1%E3%81%AF%E4%B8%96%E7%95%8C%E3%82%92%E6%95%91%E3%81%86" n2="%E3%80%93%E3%81%97%E3%83%BC%E3%82%89%E3%80%93" n3="%E3%81%BF%E3%81%BF%E3%81%9A" dan="16,16,16,17" rate="2149.26,2223.46,2194.87,2193.44" sx="M,M,M,M"/><TAIKYOKU oya="0"/><INIT seed="0,0,0,4,2,109" ten="250,250,250,250" oya="0" hai0="29,67,134,66,15,101,38,42,17,75,78,117,98" hai1="116,85,99,48,120,93,80,64,69,9,18,30,23" hai2="26,53,91,130,127,54,121,73,36,108,63,11,77" hai3="96,110,8,33,94,21,47,90,31,57,24,68,114"/><T72/><D117/><U133/><E116/><V131/><F36/><W10/><G68/><T20/><D134/><U27/><E120/><V58/><F121/><W49/><G110/><T1/><D1/><U4/><E133/><V60/><F108/><W3/><G114/><T112/><D112/><U122/><E122/><V104/><F104/><W65/><G33/><T32/><D42/><U102/><E69/><V35/><F127/><W81/><G3/><T95/><D38/><U135/><E64/><V129/><F11/><W70/><G70/><T87/><D75/><U45/><E135/><V105/><F105/><W16/><G31/><T2/><D72/><U119/><E119/><V83/><F91/><W14/><G14/><T118/><D2/><U37/><E37/><V51/><F54/><N who="3" m="30015" /><G81/><N who="0" m="47543" /><D32/><U56/><E56/><V82/><REACH who="2" step="1"/><F83/><REACH who="2" ten="250,250,240,250" step="2"/><W125/><G125/><T7/><D118/><U22/><E9/><V5/><F5/><W113/><G113/><T115/><D115/><U124/><E4/><V123/><F123/><W40/><G40/><T13/><D29/><AGARI ba="0,1" hai="26,29,35,51,53,58,60,63,73,77,82,129,130,131" machi="29" ten="40,5200,0" yaku="1,1,19,1,53,1" doraHai="109" doraHaiUra="25" who="2" fromWho="0" sc="250,-52,250,0,240,62,250,0" /><INIT seed="1,0,0,5,2,0" ten="198,250,302,250" oya="1" hai0="85,100,59,118,71,130,54,40,34,18,22,95,135" hai1="43,103,53,108,60,32,87,106,28,97,1,90,123" hai2="62,134,74,42,70,19,113,91,125,31,104,82,114" hai3="115,119,75,129,64,89,92,48,38,58,67,6,131"/><U122/><E43/><V65/><F104/><W112/><G75/><T45/><D118/><U79/><E1/><V36/><F31/><W94/><G38/><T15/><D135/><U44/><E79/><N who="2" m="44407" /><F91/><W127/><G127/><T109/><D109/><U132/><E132/><V52/><F19/><W55/><G119/><T73/><D73/><U46/><E108/><V57/><F134/><W76/><G76/><T105/><D71/><U39/><E28/><V107/><F107/><W5/><G89/><T77/><D130/><N who="3" m="49673" /><G94/><T13/><D34/><U26/><E26/><V99/><F99/><W78/><G78/><T133/><D133/><U17/><E17/><V124/><F42/><W20/><G92/><T68/><D68/><U33/><E122/><V101/><F101/><W4/><G20/><T96/><D105/><U25/><E60/><N who="2" m="40231" /><F36/><W41/><G41/><T80/><D40/><U98/><E98/><V51/><F51/><W61/><G67/><T16/><D45/><AGARI ba="0,0" hai="4,5,6,45,48,55,58,61,64,112,115" m="49673" machi="45" ten="30,7700,0" yaku="19,1,52,3" doraHai="0" who="3" fromWho="0" sc="198,-77,250,0,302,0,250,77" /><INIT seed="2,0,0,3,4,132" ten="121,250,302,327" oya="2" hai0="99,77,3,113,124,109,7,41,36,119,63,110,70" hai1="76,56,100,102,82,53,25,49,72,117,9,29,12" hai2="120,65,73,80,121,130,67,32,105,52,133,15,17" hai3="71,54,43,122,2,123,6,28,68,91,57,1,5"/><V8/><F105/><W86/><G43/><T135/><D99/><U69/><E69/><V107/><F107/><W0/><G28/><T125/><D77/><U83/><E83/><V84/><F73/><W128/><G128/><T75/><D75/><U39/><E39/><V129/><F32/><W127/><G68/><T111/><D113/><U95/><E95/><V81/><F133/><W90/><G71/><T134/><D119/><U114/><E114/><V88/><F81/><W22/><G22/><T51/><D135/><U106/><E106/><V46/><F67/><W34/><G34/><T33/><D33/><U79/><E79/><V42/><F65/><W97/><G97/><T89/><D134/><U58/><E58/><V93/><F93/><W61/><G91/><T64/><D89/><U11/><E11/><V116/><F116/><W104/><G104/><T16/><D16/><U20/><E117/><V47/><F47/><W23/><G23/><T10/><D51/><U115/><E115/><V98/><F98/><W126/><G6/><AGARI ba="0,0" hai="6,9,12,20,25,29,49,53,56,72,76,82,100,102" machi="6" ten="30,1000,0" yaku="7,1" doraHai="132" who="1" fromWho="3" sc="121,0,250,10,302,0,327,-10" /><INIT seed="3,0,0,4,3,70" ten="121,260,302,317" oya="3" hai0="135,66,9,52,54,119,7,24,107,103,34,1,26" hai1="95,110,56,8,125,58,71,80,118,69,28,101,35" hai2="127,106,41,96,44,51,94,111,126,42,40,23,14" hai3="20,84,87,72,112,61,32,25,102,29,116,63,12"/><W85/><G112/><T62/><D135/><U53/><E110/><V21/><F106/><W109/><G72/><T115/><D119/><U49/><E118/><V45/><F111/><W37/><G116/><T98/><D115/><U89/><E125/><N who="2" m="47627" /><F14/><W39/><G109/><T76/><D76/><U13/><E101/><N who="2" m="60567" /><F41/><W19/><REACH who="3" step="1"/><G102/><REACH who="3" ten="121,260,302,307" step="2"/><T64/><D64/><U131/><E131/><V133/><F133/><W124/><G124/><T122/><D122/><U5/><E80/><V128/><F128/><W36/><AGARI ba="0,1" hai="12,19,20,25,29,32,36,37,39,61,63,84,85,87" machi="36" ten="40,12000,1" yaku="1,1,0,1,52,3,53,0" doraHai="70" doraHaiUra="113" who="3" fromWho="3" sc="121,-40,260,-40,302,-40,307,130" owari="81,-41.9,220,-18.0,262,6.2,437,53.7" /></mjloggm>