<mjloggm ver="2.3"><GO type="225" lobby="0"/><UN n0="%E7%87%90%2E%2E" n1="%E4%BF%BA%E3%81%A8%E5%A6%96%E5%A4%A2" n2="%E3%81%82%E3%82%84%E3%81%BA%E3%81%9F" n3="%72%69%6F%75%63%68%61%6E" dan="16,16,17,16" rate="2116.00,2136.53,2146.95,2183.61" sx="M,F,M,M"/><TAIKYOKU oya="0"/><INIT seed="0,0,0,2,2,18" ten="250,250,250,250" oya="0" hai0="84,64,11,87,112,2,5,100,131,43,67,57,19" hai1="75,24,6,53,77,124,29,69,106,73,59,128,91" hai2="110,50,121,111,109,94,97,82,32,3,79,35,66" hai3="31,23,21,54,16,26,60,42,13,90,55,130,134"/><T129/><D112/><U70/><E106/><V47/><F121/><W72/><G72/><T123/><D123/><U133/><E133/><V71/><F3/><W85/><G134/><T49/><D100/><U99/><E128/><N who="0" m="49225" /><D43/><U125/><E6/><V7/><F7/><W20/><G130/><T9/><D49/><U38/><E38/><V135/><F66/><N who="0" m="25130" /><D57/><U33/><E69/><V114/><F71/><W81/><G42/><T105/><D105/><U115/><E115/><V103/><F114/><W41/><G41/><T10/><D10/><U39/><E39/><V80/><F135/><W45/><G45/><T65/><N who="0" m="25138" /><T89/><DORA hai="52" /><D89/><U1/><E1/><V95/><F95/><W37/><G37/><T68/><D68/><U4/><E4/><V122/><F122/><W74/><G60/><T92/><D92/><N who="1" m="56735" /><E70/><V93/><F93/><W56/><G56/><T108/><D108/><U132/><E77/><V86/><REACH who="2" step="1"/><F82/><REACH who="2" ten="250,250,240,250" step="2"/><W25/><REACH who="3" step="1"/><G74/><REACH who="3" ten="250,250,240,240" step="2"/><T88/><D2/><U83/><E132/><V119/><F119/><W58/><G58/><T62/><D5/><U116/><E116/><V76/><F76/><W127/><G127/><N who="1" m="48714" /><E83/><V126/><F126/><W44/><G44/><T118/><D118/><U27/><E75/><V78/><F78/><W0/><G0/><T48/><D62/><N who="1" m="36207" /><E73/><V120/><F120/><W96/><G96/><T104/><D87/><U98/><E98/><V34/><F34/><W22/><G22/><T113/><D113/><U61/><E61/><V15/><F15/><W51/><G51/><T102/><D48/><U28/><E33/><RYUUKYOKU ba="0,2" sc="250,-30,250,10,240,10,240,10" hai1="24,27,28,29" hai2="32,35,47,50,79,80,86,94,97,103,109,110,111" hai3="13,16,20,21,23,25,26,31,54,55,81,85,90" /><INIT seed="1,1,2,4,2,54" ten="220,260,250,250" oya="1" hai0="82,96,33,51,94,85,84,99,89,22,62,61,17" hai1="63,50,4,97,71,121,105,119,109,122,86,42,15" hai2="2,55,118,46,116,36,58,87,26,34,20,3,23" hai3="112,79,7,90,59,129,124,72,76,49,19,24,108"/><U106/><E119/><V48/><F34/><W11/><G112/><T115/><D33/><U110/><E86/><V8/><F23/><W74/><G108/><N who="1" m="41578" /><E50/><V117/><F87/><W120/><G120/><N who="1" m="46186" /><E42/><V128/><F128/><W60/><G124/><T101/><D115/><U53/><E97/><N who="0" m="37449" /><D101/><U114/><E114/><V100/><F100/><W16/><G129/><T134/><D134/><U68/><E15/><V133/><F133/><W67/><G49/><T31/><D51/><U80/><E80/><V69/><F69/><N who="1" m="26697" /><E4/><V92/><F92/><W6/><G6/><T9/><D85/><U70/><N who="1" m="26705" /><U39/><DORA hai="29" /><E39/><V25/><F36/><W30/><G90/><T14/><D82/><U43/><E43/><V78/><F48/><W132/><G132/><T102/><D102/><U98/><E98/><V125/><F118/><W95/><G95/><T93/><D94/><U37/><E37/><V107/><F117/><W52/><G79/><T126/><D126/><U66/><E66/><V1/><F78/><W12/><G76/><T64/><D64/><U10/><E10/><V131/><F8/><W111/><G111/><T35/><D9/><U88/><E88/><V41/><F131/><W65/><G67/><T135/><D135/><U57/><AGARI ba="1,2" hai="53,57,63,105,106" m="26705,46186,41578" machi="57" ten="50,9600,0" yaku="14,1,10,1,52,1" doraHai="54,29" who="1" fromWho="1" sc="220,-33,260,119,250,-33,250,-33" /><INIT seed="1,2,0,4,3,44" ten="187,379,217,217" oya="1" hai0="81,72,119,103,100,104,12,52,2,130,134,86,131" hai1="122,89,10,8,53,0,57,121,34,127,43,92,105" hai2="51,111,83,69,85,124,15,58,5,19,80,60,17" hai3="56,30,115,82,54,41,66,9,65,14,49,112,110"/><U93/><E105/><V106/><F106/><W71/><G110/><T38/><D2/><U107/><E107/><V64/><F111/><W40/><G30/><T13/><D38/><U37/><E34/><V24/><F124/><W88/><G115/><T90/><D119/><U29/><E29/><V16/><F24/><W28/><G28/><T45/><D134/><U113/><E113/><V63/><F5/><W98/><G112/><T59/><D45/><U42/><E0/><V135/><F135/><W36/><G36/><T84/><D86/><U6/><E37/><V39/><F39/><W76/><G71/><T31/><D31/><U67/><E67/><N who="3" m="25610" /><G76/><T70/><D70/><U75/><E75/><V33/><F63/><W94/><G82/><T46/><D46/><U78/><E78/><V118/><F33/><W25/><G25/><T1/><D1/><U96/><E57/><V109/><F118/><W87/><G98/><T21/><D72/><U99/><E6/><AGARI ba="2,0" hai="6,9,14,40,41,49,54,56,87,88,94" m="25610" machi="6" ten="30,3900,0" yaku="8,1,52,1,54,1" doraHai="44" who="3" fromWho="1" sc="187,0,379,-45,217,0,217,45" /><INIT seed="2,0,0,5,5,51" ten="187,334,217,262" oya="2" hai0="95,81,53,135,62,16,10,60,55,57,85,66,32" hai1="115,33,18,99,128,30,77,83,61,13,28,35,91" hai2="34,98,132,112,11,126,127,133,49,79,42,129,40" hai3="101,73,105,29,90,21,102,65,124,4,27,70,54"/><V89/><F112/><W6/><G124/><N who="2" m="47657" /><F34/><W113/><G73/><T43/><D32/><U1/><E1/><V24/><F79/><W76/><G76/><T20/><D135/><N who="2" m="51786" /><F24/><W120/><G120/><T23/><D43/><U68/><E115/><V31/><F31/><W75/><G75/><T47/><D95/><U44/><E77/><V9/><F49/><W22/><G113/><T131/><D131/><U7/><E128/><V64/><F64/><W96/><G101/><T93/><D93/><U109/><E30/><V125/><F129/><W15/><G90/><N who="0" m="51503" /><D60/><U123/><E28/><V114/><F114/><W108/><G108/><T46/><D10/><N who="2" m="3594" /><F125/><W134/><G134/><T69/><D69/><U39/><E35/><V92/><AGARI ba="0,0" hai="40,42,89,92,98" m="3594,51786,47657" machi="92" ten="40,3900,0" yaku="18,1,20,1" doraHai="51" who="2" fromWho="2" sc="187,-13,334,-13,217,39,262,-13" /><INIT seed="2,1,0,2,1,63" ten="174,321,256,249" oya="2" hai0="35,103,113,40,107,117,44,69,3,132,42,106,0" hai1="7,51,5,126,31,9,81,84,91,127,134,73,94" hai2="108,10,96,46,45,23,116,111,54,87,21,39,98" hai3="62,57,28,52,89,118,83,50,102,135,133,119,112"/><V26/><F116/><N who="3" m="44587" /><G102/><T48/><D117/><U79/><E134/><N who="3" m="51210" /><G28/><T122/><D132/><U121/><E121/><V74/><F74/><W82/><G112/><T99/><D113/><U80/><E31/><V77/><F10/><W8/><G8/><T2/><D122/><U4/><E51/><V16/><F23/><W47/><G89/><T20/><D42/><AGARI ba="1,0" hai="42,47,50,52,57,62,82,83" m="51210,44587" machi="42" ten="30,2000,0" yaku="20,1,54,1" doraHai="63" who="3" fromWho="0" sc="174,-23,321,0,256,0,249,23" /><INIT seed="3,0,0,2,3,118" ten="151,321,256,272" oya="3" hai0="2,24,112,8,62,15,30,95,131,14,60,86,61" hai1="10,87,56,64,76,9,132,17,120,43,27,4,49" hai2="68,3,111,44,18,55,71,67,42,85,1,74,108" hai3="101,63,79,93,105,73,100,102,47,19,23,66,0"/><W35/><G35/><T46/><D131/><U122/><E132/><V26/><F74/><W31/><G0/><T25/><D112/><U81/><E64/><V109/><F55/><W13/><G105/><T57/><D2/><N who="2" m="522" /><F67/><W123/><G123/><T115/><D115/><U53/><E43/><V51/><F85/><W28/><G93/><T59/><D46/><U72/><E72/><V96/><F96/><W58/><REACH who="3" step="1"/><G47/><REACH who="3" ten="151,321,256,262" step="2"/><T84/><D95/><U33/><E33/><V114/><F114/><W121/><G121/><T80/><D80/><AGARI ba="0,1" hai="13,19,23,28,31,58,63,66,73,79,80,100,101,102" machi="80" ten="40,2000,0" yaku="1,1,53,0" doraHai="118" doraHaiUra="124" who="3" fromWho="0" sc="151,-20,321,0,256,0,262,30" /><INIT seed="3,1,0,0,2,91" ten="131,321,256,292" oya="3" hai0="29,16,131,23,6,3,129,68,101,109,49,61,126" hai1="36,37,79,25,53,8,32,121,13,20,50,119,2" hai2="22,19,74,82,67,84,7,103,117,92,85,70,56" hai3="18,111,1,123,27,12,134,102,14,108,83,47,97"/><W4/><G134/><T51/><D109/><N who="3" m="42057" /><G123/><T43/><D29/><U114/><E121/><V78/><F117/><W118/><G118/><T63/><D101/><U75/><E119/><V10/><F70/><W86/><G47/><T133/><D6/><U26/><E114/><V127/><F127/><W135/><G135/><T31/><D31/><U94/><E94/><V76/><F67/><W15/><G27/><T24/><D133/><U48/><E32/><V52/><F78/><N who="3" m="46455" /><G4/><T17/><D3/><U30/><E25/><V132/><F132/><W42/><G42/><T21/><D126/><U73/><E2/><V39/><F39/><W106/><G1/><T81/><D81/><U93/><E93/><V116/><F116/><W88/><G88/><T60/><D68/><U112/><E112/><V35/><F35/><W100/><G102/><T64/><D64/><U107/><E50/><V125/><F125/><W98/><G98/><T89/><D89/><U45/><E79/><V99/><F10/><AGARI ba="1,0" hai="10,12,14,15,18,97,100,106" m="46455,42057" machi="10" ten="30,2900,0" yaku="14,1,10,1" doraHai="91" who="3" fromWho="2" sc="131,0,321,0,256,-32,292,32" owari="131,-36.9,321,12.1,224,-17.6,324,42.4" /></mjloggm>