<mjloggm ver="2.3"><GO type="225" lobby="0"/><UN n0="%E6%A1%9C%E8%8A%B1%E9%96%83%E3%80%85" n1="%33%74%72%65%65" n2="%E3%82%A4%E3%83%BC%E3%82%B1%E3%83%97%E3%83%A9" n3="%E3%81%BF%E3%81%BF%E3%81%9A" dan="16,17,16,17" rate="2105.04,2233.23,2133.37,2195.69" sx="M,F,M,M"/><TAIKYOKU oya="0"/><INIT seed="0,0,0,0,2,110" ten="250,250,250,250" oya="0" hai0="18,17,80,81,8,49,73,13,86,25,55,113,94" hai1="35,31,125,112,93,83,133,33,129,119,111,41,62" hai2="40,30,43,51,22,89,6,102,99,42,48,117,76" hai3="75,106,44,97,105,98,64,74,92,54,36,71,88"/><T23/><D73/><U124/><E119/><V114/><F117/><W108/><G108/><T104/><D104/><U123/><E111/><V87/><F76/><W47/><G54/><T85/><D113/><U77/><E123/><V4/><F114/><W131/><G131/><T61/><D61/><U39/><E112/><V91/><F22/><W27/><G27/><T120/><D120/><U84/><E129/><V32/><F30/><W101/><G105/><T121/><D121/><U46/><E133/><V72/><F32/><W60/><REACH who="3" step="1"/><G47/><REACH who="3" ten="250,250,250,240" step="2"/><N who="0" m="28095" /><D94/><U68/><E93/><N who="2" m="58735" /><F72/><W1/><G1/><T66/><D66/><N who="1" m="41047" /><E31/><V135/><F135/><W109/><G109/><T5/><D18/><U57/><E57/><V24/><F24/><W12/><G12/><T10/><D10/><U100/><E100/><V67/><F67/><W38/><G38/><T19/><D17/><U130/><E130/><V58/><F4/><W96/><G96/><T116/><D116/><U78/><E39/><V52/><F6/><W21/><G21/><T0/><D0/><U11/><E35/><V63/><F91/><W69/><G69/><T2/><D2/><U70/><E70/><V37/><F37/><W107/><G107/><T115/><D115/><U20/><E20/><V28/><F28/><W9/><G9/><T15/><D15/><U79/><E11/><V34/><F34/><W82/><G82/><AGARI ba="0,1" hai="5,8,13,19,23,25,80,81,82,85,86" m="28095" machi="82" ten="30,1500,0" yaku="8,1" doraHai="110" who="0" fromWho="3" sc="250,25,250,0,250,0,240,-15" /><AGARI ba="0,0" hai="40,42,43,48,51,52,58,63,82,87,89" m="58735" machi="82" ten="30,2000,0" yaku="8,1,54,1" doraHai="110" who="2" fromWho="3" sc="275,0,250,0,250,20,225,-20" /><INIT seed="0,1,0,1,3,123" ten="275,250,270,205" oya="0" hai0="15,0,83,7,122,10,134,129,71,115,52,25,48" hai1="124,99,69,3,110,113,23,109,101,92,42,97,2" hai2="37,112,81,45,56,102,13,1,6,36,85,90,104" hai3="28,66,46,68,43,87,96,39,105,41,34,120,61"/><T107/><D122/><U57/><E69/><V73/><F112/><W72/><G120/><T19/><D115/><U70/><E113/><V65/><F1/><W18/><G87/><T17/><D129/><U100/><E70/><V49/><F73/><W59/><G18/><T132/><D107/><U119/><E119/><V20/><F102/><N who="3" m="62663" /><G59/><N who="0" m="33159" /><D71/><U91/><E124/><V67/><F104/><W12/><G12/><T4/><D83/><U116/><E116/><V30/><F37/><W125/><G43/><T9/><D25/><U31/><E57/><V63/><F36/><W76/><G125/><T24/><D24/><N who="1" m="16799" /><E42/><N who="2" m="24759" /><F30/><W16/><G16/><T135/><AGARI ba="1,0" hai="0,4,7,9,10,15,17,19,132,134,135" m="33159" machi="135" ten="30,3000,0" yaku="20,1,54,1" doraHai="123" who="0" fromWho="0" sc="275,33,250,-11,270,-11,205,-11" /><INIT seed="0,2,0,1,3,113" ten="308,239,259,194" oya="0" hai0="30,58,75,19,44,9,53,29,112,85,62,81,5" hai1="7,82,131,96,0,40,17,111,24,70,84,89,130" hai2="1,49,31,117,68,125,8,55,28,20,41,107,92" hai3="34,91,21,33,43,127,97,69,121,134,47,109,36"/><T18/><D75/><U61/><E111/><V11/><F107/><W6/><G109/><T4/><D112/><U118/><E118/><V35/><F68/><W59/><G127/><T110/><D110/><U93/><E40/><V14/><F125/><W57/><G69/><T76/><D4/><U50/><E50/><V120/><F120/><W65/><G121/><T66/><D19/><U83/><E83/><V63/><F35/><W26/><G6/><T46/><D18/><U39/><E39/><V101/><F1/><W2/><G2/><T51/><REACH who="0" step="1"/><D46/><REACH who="0" ten="298,239,259,194" step="2"/><U119/><E7/><V45/><F31/><W67/><G47/><T27/><D27/><U86/><E17/><V79/><F28/><W133/><G26/><T10/><D10/><U87/><E24/><V116/><F8/><W115/><G115/><T100/><D100/><U74/><E74/><V114/><F11/><W48/><G134/><T32/><D32/><U23/><E23/><V122/><F122/><W105/><G133/><T60/><D60/><U128/><E61/><V80/><F114/><W123/><G21/><T25/><D25/><U71/><E0/><AGARI ba="2,1" hai="0,5,9,29,30,44,51,53,58,62,66,76,81,85" machi="0" ten="30,2900,0" yaku="1,1,7,1,53,0" doraHai="113" doraHaiUra="99" who="0" fromWho="1" sc="298,45,239,-35,259,0,194,0" /><INIT seed="0,3,0,1,4,94" ten="343,204,259,194" oya="0" hai0="29,20,9,24,71,77,129,0,95,21,15,45,64" hai1="11,4,130,7,47,37,31,53,99,42,80,113,102" hai2="32,135,14,40,106,34,50,101,28,128,79,123,8" hai3="92,76,65,73,83,13,69,88,19,104,119,100,93"/><T16/><D129/><U46/><E130/><V98/><F128/><W67/><G119/><T39/><D77/><U1/><E113/><V25/><F123/><W12/><G93/><T85/><D71/><U96/><E4/><V41/><F135/><W52/><G69/><T116/><D116/><U131/><E131/><V48/><F34/><W74/><G74/><T61/><D39/><U66/><E66/><V78/><F48/><W60/><G12/><T84/><D45/><U68/><E68/><V38/><F38/><W125/><G125/><T111/><D111/><U17/><E31/><V117/><F117/><W126/><G126/><T108/><D108/><U72/><E17/><V107/><F107/><W27/><G27/><T82/><D82/><U122/><E102/><V110/><F110/><W112/><G112/><T2/><D21/><U70/><E70/><V23/><F32/><W10/><G100/><T3/><D95/><U30/><E30/><V33/><F33/><W62/><G104/><T134/><D134/><U26/><E26/><V105/><F105/><W87/><REACH who="3" step="1"/><G60/><REACH who="3" ten="343,204,259,184" step="2"/><T51/><D0/><U133/><E133/><V6/><F106/><W36/><G36/><T120/><D2/><U59/><E122/><V86/><F101/><W114/><G114/><T89/><D3/><U91/><E72/><V18/><F25/><W63/><G63/><T75/><D75/><U103/><E103/><V35/><F14/><W90/><G90/><T54/><D89/><U58/><E91/><V57/><F35/><W22/><G22/><T49/><D120/><U97/><E80/><RYUUKYOKU ba="3,1" sc="343,-15,204,15,259,-15,184,15" hai1="1,7,11,37,42,46,47,53,58,59,96,97,99" hai3="10,13,19,52,62,65,67,73,76,83,87,88,92" /><INIT seed="1,4,1,0,5,121" ten="328,219,244,199" oya="1" hai0="98,81,59,75,63,113,66,15,95,38,68,28,18" hai1="24,79,78,1,25,89,84,132,35,41,74,135,55" hai2="57,44,70,126,110,122,129,97,87,27,80,117,49" hai3="4,105,16,107,36,124,5,76,9,109,21,104,133"/><U118/><E118/><V54/><F117/><W112/><G112/><T8/><D113/><U116/><E116/><V103/><F122/><W93/><G36/><T56/><D38/><U34/><E41/><V20/><F70/><W23/><G124/><T51/><D28/><U90/><E1/><V92/><F126/><W11/><G133/><N who="1" m="51274" /><E55/><V69/><F69/><W32/><G32/><N who="1" m="12330" /><E74/><V72/><F72/><W71/><G71/><T83/><D75/><U125/><E125/><V96/><F129/><W26/><G76/><N who="1" m="29226" /><E84/><V91/><F97/><W65/><G109/><T88/><D68/><U73/><E73/><V12/><F110/><W0/><G65/><T58/><D58/><U50/><E50/><V37/><F37/><W47/><G47/><T40/><D59/><U3/><E3/><V85/><F85/><W102/><G21/><T128/><D128/><U99/><E99/><V86/><F86/><W62/><G62/><T29/><D29/><U131/><E131/><V30/><F57/><W77/><G77/><T127/><D127/><U61/><E61/><V2/><F2/><W60/><G60/><T52/><D66/><U31/><E31/><V119/><F119/><W17/><G17/><T101/><D40/><U6/><E6/><N who="3" m="2666" /><G0/><T106/><D63/><U22/><E22/><V33/><F33/><W19/><G19/><T134/><D134/><U46/><E46/><V53/><F53/><W42/><G42/><T45/><D45/><U123/><E123/><V111/><F111/><W94/><G94/><T82/><D95/><U114/><E114/><V64/><F64/><RYUUKYOKU ba="4,1" sc="328,0,219,0,244,0,199,0" hai0="8,15,18,51,52,56,81,82,83,88,98,101,106" hai1="24,25,89,90" hai2="12,20,27,30,44,49,54,80,87,91,92,96,103" hai3="9,11,16,23,26,93,102,104,105,107" /><INIT seed="1,5,1,0,3,32" ten="328,219,244,199" oya="1" hai0="74,117,34,130,53,21,116,39,41,11,103,123,63" hai1="133,134,75,98,48,82,101,92,90,6,66,89,78" hai2="108,13,132,77,30,112,23,93,12,76,128,10,85" hai3="135,24,57,28,100,45,9,113,62,70,94,60,3"/><U50/><E6/><V105/><F105/><W71/><G113/><T96/><D21/><U35/><E35/><V61/><F112/><W25/><G135/><N who="1" m="51722" /><E66/><V84/><F132/><W7/><G45/><T102/><D34/><U42/><E42/><V107/><F107/><W72/><G72/><T20/><D20/><U106/><E89/><V80/><F108/><W118/><G118/><T122/><D53/><U27/><E27/><N who="2" m="16767" /><F128/><W17/><G17/><T64/><D130/><U91/><E91/><N who="2" m="53479" /><F77/><W83/><G83/><T58/><D41/><U115/><E115/><V67/><F10/><W49/><G49/><T109/><D11/><U110/><E110/><V26/><F26/><W8/><G8/><T119/><D109/><U68/><E68/><V37/><F37/><W125/><G25/><T54/><D39/><U16/><E16/><V31/><F31/><W47/><G24/><T5/><D5/><U14/><E14/><V29/><F29/><W120/><G28/><T127/><D117/><U126/><E126/><V73/><F73/><W2/><G125/><T124/><D74/><U0/><E0/><V86/><F86/><AGARI ba="5,1" hai="48,50,75,78,82,86,90,92,98,101,106" m="51722" machi="86" ten="30,2900,0" yaku="24,1,20,1" doraHai="32" who="1" fromWho="2" sc="328,0,219,54,244,-44,199,0" /><INIT seed="1,6,0,3,3,102" ten="328,273,200,199" oya="1" hai0="109,12,53,32,25,63,1,114,96,110,65,50,98" hai1="71,77,104,64,35,27,92,30,73,130,135,8,91" hai2="80,49,118,99,18,69,117,23,76,52,51,87,111" hai3="36,39,127,55,14,78,0,75,85,132,95,105,59"/><U31/><E130/><V33/><F33/><W131/><G0/><T97/><D1/><U54/><E135/><V84/><F69/><W83/><G132/><T26/><D114/><U45/><E31/><V89/><F111/><N who="0" m="42506" /><D12/><U126/><E126/><V37/><F37/><W122/><G127/><T19/><D19/><U42/><E104/><V133/><F99/><W74/><G122/><T121/><D32/><U107/><E107/><V4/><F4/><W90/><G131/><T72/><D72/><U22/><E54/><V103/><F103/><W29/><G74/><T66/><D121/><U46/><E77/><V21/><F51/><W81/><G81/><T67/><D63/><U70/><E73/><V124/><F124/><W62/><G29/><T44/><AGARI ba="6,0" hai="25,26,44,50,53,65,66,67,96,97,98" m="42506" machi="44" ten="40,1500,0" yaku="14,1" doraHai="102" who="0" fromWho="0" sc="328,33,273,-13,200,-10,199,-10" /><INIT seed="2,0,0,2,1,51" ten="361,260,190,189" oya="2" hai0="131,106,92,77,123,134,48,43,96,85,7,101,118" hai1="52,124,111,84,23,21,90,102,127,74,116,50,68" hai2="24,83,47,105,93,98,120,61,135,19,97,14,15" hai3="117,60,112,31,87,94,69,119,103,89,128,28,54"/><V62/><F120/><W81/><G128/><T76/><D123/><U6/><E116/><V63/><F135/><W12/><G112/><T67/><D131/><U121/><E121/><V38/><F105/><W82/><G117/><T0/><D118/><U17/><E111/><V108/><F108/><W71/><G119/><T35/><D35/><U107/><E74/><V88/><F83/><N who="3" m="31755" /><G69/><T39/><D39/><U64/><E6/><V109/><F109/><W66/><G71/><T9/><D67/><U86/><E23/><N who="2" m="13439" /><F38/><W79/><G66/><T4/><D4/><U3/><E3/><V55/><F98/><N who="3" m="59863" /><G12/><N who="2" m="4649" /><F47/><W91/><G79/><T2/><D2/><U27/><E107/><V104/><F104/><W100/><G100/><T70/><D70/><U26/><E102/><V33/><F33/><W129/><G129/><T53/><D134/><U132/><E132/><V1/><F1/><W41/><G41/><T130/><D43/><U34/><E34/><V36/><F36/><W18/><G18/><T115/><D115/><U72/><E17/><V29/><F29/><N who="3" m="11339" /><G87/><T49/><D130/><U125/><E68/><V20/><F20/><W11/><G11/><T42/><D85/><U10/><E84/><V65/><F65/><W57/><AGARI ba="0,0" hai="54,57,60,89,91" m="11339,59863,31755" machi="57" ten="30,2000,0" yaku="8,1,52,1" doraHai="51" who="3" fromWho="3" sc="361,-5,260,-5,190,-10,189,20" /><INIT seed="3,0,0,5,2,44" ten="356,255,180,209" oya="3" hai0="52,4,71,27,94,46,49,39,57,85,65,25,50" hai1="6,59,126,0,31,95,51,123,112,74,118,106,33" hai2="121,17,24,23,92,72,48,47,60,75,96,117,14" hai3="9,102,62,20,91,67,128,40,38,26,43,90,53"/><W56/><G128/><T110/><D110/><U3/><E106/><V97/><F117/><W87/><G102/><T129/><D129/><U73/><E3/><V86/><F121/><W81/><G9/><T19/><D39/><U107/><E107/><V103/><F86/><W98/><G38/><T115/><D4/><U68/><E68/><V64/><F97/><W76/><G67/><T79/><D115/><U32/><E33/><V120/><F120/><W42/><REACH who="3" step="1"/><G98/><REACH who="3" ten="356,255,180,199" step="2"/><T124/><D65/><U133/><E123/><V89/><F103/><W104/><G104/><T16/><D71/><U70/><E70/><V83/><F83/><W21/><G21/><T101/><D101/><U61/><E112/><V29/><F64/><W18/><AGARI ba="0,1" hai="18,20,26,40,42,43,53,56,62,76,81,87,90,91" machi="18" ten="30,6000,0" yaku="1,1,0,1,8,1,53,0" doraHai="44" doraHaiUra="10" who="3" fromWho="3" sc="356,-20,255,-20,180,-20,199,70" /><INIT seed="3,1,0,0,1,61" ten="336,235,160,269" oya="3" hai0="39,110,83,122,48,109,28,79,131,88,12,82,60" hai1="125,74,32,42,105,99,34,38,127,115,95,13,119" hai2="114,54,86,132,23,69,15,130,87,43,75,57,63" hai3="53,6,76,52,81,55,25,62,103,9,91,116,46"/><W100/><G116/><T59/><D39/><U35/><E115/><V37/><F114/><W19/><G91/><T8/><D122/><U1/><E1/><V30/><F75/><W26/><G62/><T104/><D104/><U120/><E120/><V73/><F73/><W112/><G112/><T51/><D28/><U36/><E119/><V135/><F130/><W29/><G19/><N who="0" m="8583" /><D88/><N who="1" m="55783" /><E105/><V14/><F69/><W96/><G46/><T50/><D79/><U40/><E13/><V117/><F117/><W33/><G26/><T4/><D4/><U71/><E74/><V77/><F14/><W72/><REACH who="3" step="1"/><G96/><REACH who="3" ten="336,235,160,259" step="2"/><T7/><D7/><U21/><E125/><V68/><F63/><W123/><G123/><T20/><D131/><U134/><E127/><V5/><F5/><W126/><G126/><T22/><D109/><U58/><E134/><V98/><F135/><W18/><G18/><T133/><D110/><U89/><E89/><V67/><F132/><W97/><G97/><T85/><D133/><U124/><E124/><V41/><F98/><W90/><G90/><N who="0" m="51511" /><D83/><U113/><E113/><V0/><F30/><W56/><G56/><T94/><D94/><U11/><E58/><V108/><F57/><W27/><G27/><T66/><AGARI ba="1,1" hai="20,22,48,50,51,59,60,66" m="51511,8583" machi="66" ten="30,2000,0" yaku="8,1,52,1" doraHai="61" who="0" fromWho="0" sc="336,33,235,-6,160,-6,259,-11" owari="369,46.9,229,-17.1,154,-34.6,248,4.8" /></mjloggm>