<mjloggm ver="2.3"><GO type="225" lobby="0"/><UN n0="%E3%83%B4%E3%83%A0%EF%BC%99%E3%81%A6" n1="%E7%99%BD%E5%80%89%E5%AF%9B%E4%B9%8B" n2="%79%75%72%69%6D%6F%67" n3="%E3%81%BF%E3%81%BF%E3%81%9A" dan="16,16,16,18" rate="2178.33,2117.11,2196.16,2247.07" sx="M,M,F,M"/><TAIKYOKU oya="0"/><INIT seed="0,0,0,3,0,16" ten="250,250,250,250" oya="0" hai0="12,109,45,51,72,27,94,66,9,87,71,21,93" hai1="73,25,44,29,122,17,59,99,108,35,61,65,101" hai2="97,92,77,48,0,53,85,56,2,95,22,84,81" hai3="111,26,106,132,117,129,49,55,98,124,102,107,42"/><T46/><D72/><U105/><E73/><V33/><F85/><W34/><G117/><T20/><D71/><U100/><E122/><V32/><F95/><N who="0" m="36362" /><D109/><U123/><E123/><V90/><REACH who="2" step="1"/><F22/><REACH who="2" ten="250,250,240,250" step="2"/><N who="0" m="8810" /><D27/><U82/><E108/><V63/><F63/><W15/><G26/><T67/><D87/><U88/><E17/><V114/><F114/><W5/><G111/><T50/><D50/><U130/><E130/><V10/><F10/><W43/><G49/><T83/><D83/><U121/><E121/><V38/><F38/><W54/><G129/><T31/><D31/><U7/><E7/><V64/><F64/><N who="0" m="24618" /><D51/><U91/><E82/><V78/><F78/><W104/><G107/><T36/><D36/><U23/><E35/><AGARI ba="0,1" hai="0,2,32,33,35,48,53,56,77,81,84,90,92,97" machi="35" ten="40,1300,0" yaku="1,1,53,0" doraHai="16" doraHaiUra="13" who="2" fromWho="1" sc="250,0,250,-13,240,23,250,0" /><INIT seed="1,0,0,5,3,26" ten="250,237,263,250" oya="1" hai0="108,64,81,14,2,121,98,33,85,92,129,25,58" hai1="111,4,17,15,62,48,40,90,102,79,126,21,38" hai2="30,91,82,127,34,44,54,106,78,99,7,96,1" hai3="63,80,3,84,9,109,29,76,118,8,55,53,135"/><U13/><E126/><V36/><F127/><W110/><G135/><T66/><D2/><U57/><E38/><V119/><F119/><W86/><G118/><T31/><D108/><N who="3" m="41577" /><G3/><T10/><D129/><U132/><E111/><V6/><F96/><W133/><G133/><T105/><D105/><U19/><E132/><V71/><F71/><W74/><G29/><T103/><D58/><U112/><E112/><V113/><F113/><W130/><G130/><T23/><D33/><U93/><E79/><V41/><F1/><W128/><G128/><T104/><D104/><U116/><E116/><V61/><F30/><W70/><G55/><T94/><D94/><U67/><E102/><V39/><F34/><W87/><G53/><T51/><D51/><U115/><E115/><V107/><F107/><W77/><G76/><T117/><D121/><U97/><E4/><V60/><F60/><W46/><G46/><T89/><REACH who="0" step="1"/><D117/><REACH who="0" ten="240,237,263,250" step="2"/><U35/><E35/><V125/><F39/><W11/><G63/><T88/><D88/><U50/><REACH who="1" step="1"/><E40/><REACH who="1" ten="240,227,263,250" step="2"/><V69/><F41/><W122/><G122/><T124/><D124/><U68/><E68/><AGARI ba="0,2" hai="8,9,11,68,70,74,77,80,84,86,87" m="41577" machi="68" ten="40,1300,0" yaku="14,1" doraHai="26" who="3" fromWho="1" sc="240,0,227,-13,263,0,250,33" /><INIT seed="2,0,0,5,2,93" ten="240,214,263,283" oya="2" hai0="77,126,5,35,134,101,13,118,75,19,4,116,54" hai1="86,73,124,17,50,22,58,103,111,95,1,109,87" hai2="94,88,24,47,14,32,78,59,65,3,52,85,64" hai3="107,20,105,40,29,131,21,89,128,26,28,46,92"/><V98/><F3/><W104/><G28/><T45/><D35/><U51/><E73/><V127/><F127/><W48/><REACH who="3" step="1"/><G20/><REACH who="3" ten="240,214,263,273" step="2"/><T6/><D126/><U67/><E124/><V70/><F32/><W115/><G115/><T42/><D116/><U80/><E1/><V41/><F70/><W108/><G108/><T10/><D118/><U16/><E111/><V132/><F132/><W130/><G130/><T106/><D134/><U113/><E109/><V79/><F24/><W43/><G43/><T38/><D42/><U120/><E113/><V33/><F33/><W39/><G39/><T60/><D38/><U68/><E120/><V23/><F23/><W96/><AGARI ba="0,1" hai="21,26,29,40,46,48,89,92,96,104,105,107,128,131" machi="96" ten="40,5200,0" yaku="1,1,0,1,52,1,53,0" doraHai="93" doraHaiUra="133" who="3" fromWho="3" sc="240,-13,214,-13,263,-26,273,62" /><INIT seed="3,0,0,3,4,133" ten="227,201,237,335" oya="3" hai0="92,135,41,51,13,56,97,96,107,134,59,88,84" hai1="74,113,25,98,131,94,83,11,64,54,68,28,67" hai2="122,44,5,65,104,12,126,116,91,33,23,90,71" hai3="127,50,10,30,114,0,40,45,132,35,2,4,130"/><W117/><G132/><N who="0" m="50731" /><D13/><U63/><E113/><V66/><F104/><W7/><G130/><T119/><D119/><U1/><E131/><V99/><F33/><W118/><G114/><T95/><D107/><U49/><E67/><V86/><F71/><W73/><G73/><T37/><D37/><U14/><E1/><V43/><F116/><W52/><G30/><T19/><D19/><U109/><E109/><V47/><F122/><W112/><G35/><T53/><D41/><U120/><E120/><V79/><F79/><W110/><G112/><T76/><D76/><U6/><E83/><V16/><F5/><W62/><G110/><T48/><D48/><U29/><E74/><V69/><F69/><W106/><G106/><T87/><D56/><U78/><E78/><V102/><F126/><W81/><G127/><T39/><D39/><U58/><REACH who="1" step="1"/><E25/><REACH who="1" ten="227,191,237,335" step="2"/><V21/><F65/><W100/><G0/><T72/><D72/><U93/><E93/><V111/><F66/><W123/><G81/><T80/><D80/><U60/><E60/><V8/><F111/><W55/><G62/><T121/><D121/><U24/><E24/><V22/><F102/><AGARI ba="0,1" hai="51,53,59,84,87,88,92,95,96,97,102" m="50731" machi="102" ten="30,2000,0" yaku="20,1,54,1" doraHai="133" who="0" fromWho="2" sc="227,30,191,0,237,-20,335,0" /><AGARI ba="0,0" hai="6,11,14,28,29,49,54,58,63,64,68,94,98,102" machi="102" ten="30,3900,0" yaku="1,1,7,1,53,1" doraHai="133" doraHaiUra="9" who="1" fromWho="2" sc="257,0,191,39,217,-39,335,0" owari="257,5.7,230,-17.0,178,-32.2,335,43.5" /></mjloggm>