<mjloggm ver="2.3"><GO type="225" lobby="0"/><UN n0="%E6%81%AC%E6%B7%A1%E5%AF%82%E5%AF%9E" n1="%6B%75%72%69%73%75" n2="%E5%82%8D%E8%8B%A5%E7%84%A1%E4%BA%BA%35%31" n3="%E6%A1%9C%E8%8A%B1%E9%96%83%E3%80%85" dan="16,16,16,17" rate="2124.80,2145.22,2181.88,2222.22" sx="F,M,M,M"/><TAIKYOKU oya="0"/><INIT seed="0,0,0,2,4,6" ten="250,250,250,250" oya="0" hai0="118,104,55,135,28,34,77,85,132,32,129,80,35" hai1="131,53,7,116,14,16,119,48,24,122,102,73,99" hai2="11,67,36,13,81,40,79,103,60,46,18,12,51" hai3="74,75,66,56,37,63,0,64,27,108,3,90,115"/><T41/><D118/><U89/><E122/><V128/><F128/><W25/><G37/><T9/><D104/><U87/><E73/><V84/><F103/><W45/><G115/><T50/><D41/><U121/><E7/><V68/><REACH who="2" step="1"/><F12/><REACH who="2" ten="250,250,240,250" step="2"/><W61/><G0/><T19/><D129/><U52/><E131/><V65/><F65/><W78/><G3/><T21/><D28/><U127/><E121/><V2/><F2/><W70/><G66/><T91/><D91/><U71/><E116/><V43/><F43/><W69/><G64/><T130/><D130/><U126/><E119/><V86/><F86/><W4/><G75/><T38/><D38/><AGARI ba="0,1" hai="11,13,18,36,38,40,46,51,60,67,68,79,81,84" machi="38" ten="40,2600,0" yaku="1,1,52,1,53,0" doraHai="6" doraHaiUra="17" who="2" fromWho="0" sc="250,-26,250,0,240,36,250,0" /><INIT seed="1,0,0,5,3,125" ten="224,250,276,250" oya="1" hai0="92,123,90,65,82,109,79,68,131,34,0,91,1" hai1="67,48,14,22,114,53,86,115,56,77,26,87,102" hai2="78,104,27,63,97,76,47,64,71,98,4,31,94" hai3="105,41,29,84,107,51,74,37,44,88,66,133,16"/><U55/><E102/><N who="2" m="62543" /><F4/><W43/><G74/><T83/><D34/><U23/><E67/><V45/><F76/><W6/><G133/><T40/><D109/><U3/><E3/><V134/><F78/><W110/><G29/><T93/><D79/><U39/><E39/><V126/><F134/><W100/><G6/><T28/><D28/><U30/><E77/><V36/><F36/><W130/><G130/><T10/><D65/><U117/><E117/><V20/><F20/><W19/><G110/><T106/><D68/><U128/><E128/><V69/><F69/><W46/><G66/><T73/><D106/><U62/><E87/><V18/><F18/><W81/><REACH who="3" step="1"/><G100/><REACH who="3" ten="224,250,276,240" step="2"/><T2/><D73/><U103/><E103/><N who="2" m="60887" /><F126/><W113/><G113/><T95/><D131/><U42/><E114/><V9/><F9/><W58/><G58/><T11/><D0/><U119/><E115/><V70/><F70/><W17/><AGARI ba="0,1" hai="16,17,19,37,41,43,44,46,51,81,84,88,105,107" machi="17" ten="30,8000,1" yaku="1,1,0,1,54,2,53,1" doraHai="125" doraHaiUra="80" who="3" fromWho="3" sc="224,-20,250,-40,276,-20,240,90" /><INIT seed="2,0,0,1,0,16" ten="204,210,256,330" oya="2" hai0="19,88,10,121,45,100,38,67,89,50,7,1,12" hai1="0,92,80,54,74,87,49,8,43,79,85,25,108" hai2="133,22,59,20,65,97,58,36,112,115,83,68,52" hai3="44,81,135,27,9,57,110,72,55,17,98,47,29"/><V107/><F36/><W56/><G110/><T95/><D121/><U14/><E108/><V61/><F133/><W126/><G126/><T37/><D67/><U71/><E71/><V11/><F11/><W131/><G57/><T114/><D100/><U15/><E43/><V120/><F120/><W129/><G98/><T125/><D125/><U106/><E106/><V102/><F68/><W24/><G81/><T51/><D51/><U21/><E0/><V33/><F33/><W93/><G93/><T60/><D60/><U116/><E116/><V46/><F46/><W13/><G72/><T124/><D89/><N who="1" m="53311" /><E8/><V128/><F128/><N who="3" m="49227" /><G27/><T82/><D114/><U118/><E74/><V123/><F123/><W32/><G135/><T39/><D82/><U63/><E63/><AGARI ba="0,0" hai="9,13,17,24,29,32,44,47,55,56,63" m="49227" machi="63" ten="30,1000,0" yaku="19,1" doraHai="16" who="3" fromWho="1" sc="204,0,210,-10,256,0,330,10" /><INIT seed="3,0,0,1,1,88" ten="204,200,256,340" oya="3" hai0="134,35,126,13,121,51,10,0,99,80,89,92,46" hai1="39,45,67,4,125,132,42,124,19,37,56,83,79" hai2="52,6,127,123,9,60,50,65,29,3,5,69,44" hai3="108,100,11,110,117,93,1,84,55,61,111,34,2"/><W103/><G34/><T17/><D121/><U38/><E4/><V31/><F123/><W23/><G117/><T95/><D35/><U48/><E19/><V104/><F104/><W43/><G43/><N who="0" m="25055" /><D0/><N who="3" m="105" /><G11/><T21/><D126/><N who="1" m="48747" /><E132/><V71/><F127/><W113/><G113/><T72/><D72/><N who="1" m="43495" /><E67/><V114/><F114/><W59/><G23/><T30/><D134/><U101/><E101/><V96/><F6/><W77/><G77/><T115/><D115/><U25/><E25/><V49/><F96/><N who="3" m="59407" /><G84/><N who="0" m="50311" /><D99/><U27/><E27/><AGARI ba="0,0" hai="10,13,17,21,27,30,92,95" m="50311,25055" machi="27" ten="30,3900,0" yaku="8,1,52,2" doraHai="88" who="0" fromWho="1" sc="204,39,200,-39,256,0,340,0" owari="243,-15.7,161,-33.9,256,5.6,340,44.0" /></mjloggm>