<mjloggm ver="2.3"><GO type="225" lobby="0"/><UN n0="%E3%81%AF%E3%82%88%E3%81%8A%E3%81%98%E3%81%95%E3%82%93" n1="%E6%98%A5%E3%81%AE%E3%81%8B%E3%81%91%E3%82%89" n2="%E9%B4%A8%4E%45%47%49" n3="%E6%B8%A9%E2%98%85%E6%83%85%E2%98%85%E6%8E%AA%E2%98%85%E7%BD%AE" dan="17,16,16,17" rate="2144.22,2061.22,2090.47,2201.32" sx="M,F,M,M"/><TAIKYOKU oya="0"/><INIT seed="0,0,0,5,1,129" ten="250,250,250,250" oya="0" hai0="27,28,98,63,48,16,90,97,20,130,64,14,81" hai1="112,106,75,42,22,2,55,101,95,19,113,8,82" hai2="88,114,111,54,65,100,26,33,3,123,118,104,1" hai3="99,45,52,41,126,127,125,107,96,37,128,132,120"/><T17/><D130/><U59/><E106/><V53/><F114/><N who="1" m="44137" /><E42/><V92/><F123/><W57/><G128/><T36/><D36/><U122/><E122/><V119/><F65/><W35/><G120/><T31/><D48/><U56/><E8/><V15/><F111/><W23/><G35/><T121/><D121/><U6/><E6/><V133/><F133/><W43/><G43/><T115/><D115/><U103/><E2/><N who="2" m="523" /><F15/><W12/><G107/><T61/><D28/><U34/><E34/><V72/><F100/><N who="1" m="38473" /><E95/><V62/><F104/><W108/><G108/><T13/><D31/><U74/><E82/><V69/><F33/><W124/><N who="3" m="31744" /><DORA hai="116" /><W84/><G132/><T21/><D27/><N who="1" m="14815" /><E59/><V44/><F26/><W50/><G84/><T68/><D81/><U83/><E83/><V60/><F72/><W66/><G66/><T117/><D117/><N who="2" m="44554" /><F69/><W109/><G109/><T85/><D68/><U134/><E134/><V131/><F131/><W38/><G38/><T105/><D105/><U18/><E18/><AGARI ba="0,0" hai="12,18,23,37,41,45,50,52,57,96,99" m="31744" machi="18" ten="70,4500,0" yaku="18,1,54,1" doraHai="129,116" who="3" fromWho="1" sc="250,0,250,-45,250,0,250,45" /><INIT seed="1,0,0,3,2,65" ten="250,205,250,295" oya="1" hai0="109,17,5,110,57,133,87,76,33,40,73,46,90" hai1="119,53,74,97,64,27,85,22,79,3,12,7,89" hai2="4,91,28,43,50,75,130,68,66,111,81,6,0" hai3="59,36,80,95,58,63,39,82,10,84,122,71,1"/><U42/><E119/><V41/><F111/><W19/><G122/><T29/><D133/><U121/><E121/><V113/><F130/><W96/><G71/><T54/><D5/><U35/><E74/><V25/><F113/><W102/><G80/><T108/><D73/><U11/><E64/><V100/><F100/><W115/><G115/><T93/><D76/><U124/><E124/><V31/><F50/><W67/><G59/><T30/><D17/><U72/><E72/><V15/><F15/><W69/><G58/><T47/><D33/><U104/><E42/><V123/><F28/><N who="0" m="10858" /><D40/><U16/><E79/><V2/><F123/><W120/><G120/><T44/><D44/><U9/><E35/><V70/><F70/><W51/><G51/><AGARI ba="0,0" hai="46,47,51,54,57,87,90,93,108,109,110" m="10858" machi="51" ten="30,1000,0" yaku="14,1" doraHai="65" who="0" fromWho="3" sc="250,10,205,0,250,0,295,-10" /><INIT seed="2,0,0,0,2,83" ten="260,205,250,285" oya="2" hai0="130,2,24,32,109,126,125,0,89,127,92,11,43" hai1="100,36,117,102,62,33,20,16,71,27,39,37,104" hai2="34,78,35,85,4,46,103,53,116,108,30,5,90" hai3="135,50,82,88,63,59,54,10,115,134,84,1,69"/><V38/><F116/><W121/><G121/><T13/><D43/><U107/><E117/><V86/><F108/><W49/><G115/><T129/><D109/><U105/><REACH who="1" step="1"/><E33/><REACH who="1" ten="260,195,250,285" step="2"/><V29/><F35/><W118/><G118/><T95/><D32/><U66/><AGARI ba="0,1" hai="16,20,27,36,37,39,62,66,71,100,102,104,105,107" machi="66" ten="40,8000,1" yaku="1,1,2,1,0,1,54,1,53,1" doraHai="83" doraHaiUra="65" who="1" fromWho="1" sc="260,-20,195,90,250,-40,285,-20" /><INIT seed="3,0,0,1,1,132" ten="240,285,210,265" oya="3" hai0="115,101,23,4,30,1,58,73,35,7,114,64,80" hai1="130,67,59,90,50,121,97,135,56,126,20,131,12" hai2="88,10,122,84,8,124,39,105,5,26,37,13,95" hai3="89,111,102,32,24,60,55,125,77,34,28,113,54"/><W36/><G113/><N who="0" m="43019" /><D35/><U65/><E121/><V76/><F122/><W85/><G36/><T99/><D1/><U63/><E135/><V119/><F119/><W98/><G111/><T71/><D71/><U103/><E90/><V31/><F105/><W108/><G108/><T41/><D41/><U0/><E0/><V112/><F112/><W27/><G77/><T29/><D73/><U38/><E38/><V33/><F76/><W91/><G60/><N who="0" m="37911" /><D80/><U44/><E67/><V94/><F124/><W52/><G125/><T81/><D81/><U3/><E3/><V134/><F134/><W79/><G79/><T48/><D48/><U43/><E59/><V128/><F128/><W104/><G85/><T133/><D133/><U75/><E75/><V96/><REACH who="2" step="1"/><F10/><REACH who="2" ten="240,285,200,265" step="2"/><W22/><REACH who="3" step="1"/><G34/><REACH who="3" ten="240,285,200,255" step="2"/><T53/><D23/><U66/><E126/><V69/><F69/><W123/><G123/><T109/><D109/><U17/><E130/><V45/><F45/><W106/><G106/><T14/><D99/><U68/><E131/><V18/><F18/><AGARI ba="0,2" hai="18,22,24,27,28,32,52,54,55,89,91,98,102,104" machi="18" ten="40,7700,0" yaku="1,1,54,1,53,1" doraHai="132" doraHaiUra="19" who="3" fromWho="2" sc="240,0,285,0,200,-77,255,97" owari="240,-16.0,285,8.5,123,-37.7,352,45.2" /></mjloggm>