<mjloggm ver="2.3"><GO type="225" lobby="0"/><UN n0="%E7%B4%94%E6%BD%94%E3%83%94%E3%83%A9%E3%83%8B%E3%82%A2" n1="%E3%83%A9%E3%82%A4%E3%83%B3%E3%81%AE%E8%99%8E" n2="%72%69%6F%75%63%68%61%6E" n3="%E3%82%A2%E3%82%A4%E3%82%B9%E3%83%86%E3%82%A3%E3%83%BC%E3%81%82%E3%81%B9" dan="16,16,16,16" rate="2088.04,2169.98,2080.02,2074.31" sx="M,M,M,M"/><TAIKYOKU oya="0"/><INIT seed="0,0,0,5,3,40" ten="250,250,250,250" oya="0" hai0="76,134,112,80,107,132,43,66,120,111,117,24,44" hai1="100,127,97,65,92,67,114,125,98,41,71,19,77" hai2="55,50,121,84,37,3,58,33,32,12,45,14,8" hai3="57,46,48,72,1,28,110,85,86,90,51,81,26"/><T49/><D112/><U78/><E114/><V0/><F121/><W68/><G110/><T39/><D120/><U104/><E41/><V5/><F12/><W17/><G68/><T106/><D117/><U22/><E71/><V69/><F69/><W18/><G1/><T103/><D66/><N who="1" m="25099" /><E19/><V130/><F130/><W131/><G72/><N who="0" m="43015" /><D103/><N who="1" m="60839" /><E22/><V16/><F0/><W47/><G57/><T9/><D24/><U30/><E30/><V20/><F37/><W89/><G131/><T15/><D111/><U113/><E113/><V99/><F99/><W74/><G74/><T129/><D129/><U10/><E10/><V135/><F135/><N who="0" m="51754" /><D39/><U6/><E6/><AGARI ba="0,0" hai="6,9,15,43,44,49,106,107" m="51754,43015" machi="6" ten="30,2900,0" yaku="20,1,52,1" doraHai="40" who="0" fromWho="1" sc="250,29,250,-29,250,0,250,0" /><INIT seed="0,1,0,4,0,114" ten="279,221,250,250" oya="0" hai0="6,2,81,25,106,65,103,107,73,50,68,79,23" hai1="113,74,3,12,30,66,118,58,69,93,124,117,17" hai2="48,89,34,123,36,24,122,86,10,15,37,49,26" hai3="80,7,61,100,47,8,18,9,135,22,45,88,76"/><T133/><D133/><U105/><E105/><V51/><F34/><W108/><G108/><T44/><D103/><U98/><E74/><V121/><F24/><W14/><G100/><T52/><D68/><U35/><E3/><V91/><F26/><W64/><G135/><T70/><D70/><U40/><E69/><V130/><F130/><W129/><G129/><T111/><D65/><U99/><E40/><V97/><F97/><W116/><G116/><T90/><D90/><U75/><E75/><V4/><REACH who="2" step="1"/><F89/><REACH who="2" ten="279,221,240,250" step="2"/><W38/><G88/><T72/><D111/><U27/><E98/><V46/><F46/><W82/><G47/><T62/><D25/><U109/><E109/><V94/><AGARI ba="1,1" hai="4,10,15,36,37,48,49,51,86,91,94,121,122,123" machi="94" ten="40,2700,0" yaku="1,1,0,1,53,0" doraHai="114" doraHaiUra="126" who="2" fromWho="2" sc="279,-14,221,-8,240,40,250,-8" /><INIT seed="1,0,0,2,3,40" ten="265,213,280,242" oya="1" hai0="115,59,122,116,26,46,98,111,120,54,73,9,110" hai1="29,133,55,22,87,4,132,70,3,79,108,117,24" hai2="48,30,85,113,134,60,104,121,81,2,53,124,80" hai3="96,90,83,15,68,19,13,112,135,25,14,23,52"/><U28/><E117/><V7/><F121/><N who="0" m="46698" /><D73/><U114/><E70/><V62/><F104/><W86/><G135/><N who="1" m="51786" /><E114/><V91/><F134/><W51/><G68/><T47/><D115/><U105/><E105/><V38/><F38/><W50/><G112/><T18/><D116/><U10/><E55/><V99/><F124/><W92/><REACH who="3" step="1"/><G52/><REACH who="3" ten="265,213,280,232" step="2"/><T21/><D98/><U61/><E108/><N who="0" m="41513" /><D9/><U58/><E10/><V82/><F99/><W67/><G67/><T56/><D56/><U103/><E58/><V129/><F113/><W1/><G1/><T11/><D11/><U64/><E3/><V63/><F2/><W36/><G36/><T76/><D76/><AGARI ba="0,1" hai="13,14,15,19,23,25,50,51,76,83,86,90,92,96" machi="76" ten="40,5200,0" yaku="1,1,8,1,53,1" doraHai="40" doraHaiUra="88" who="3" fromWho="0" sc="265,-52,213,0,280,0,232,62" /><INIT seed="2,0,0,2,5,95" ten="213,213,280,294" oya="2" hai0="24,42,78,59,9,80,89,63,131,108,127,118,20" hai1="69,1,30,75,66,52,14,55,35,4,130,76,128" hai2="33,73,116,133,77,5,114,81,29,49,10,120,68" hai3="106,0,18,83,31,124,91,41,134,107,71,43,109"/><V79/><F114/><W111/><G0/><T98/><D108/><N who="3" m="41545" /><G71/><T64/><D127/><U104/><E1/><V103/><F116/><W102/><G31/><T2/><D131/><N who="1" m="50219" /><E104/><N who="3" m="39978" /><G102/><T38/><D118/><U123/><E123/><V82/><F133/><W88/><G124/><T101/><D89/><N who="3" m="34377" /><G134/><T19/><D2/><U12/><E30/><V97/><F120/><W60/><G60/><T132/><D132/><U45/><E35/><V8/><F68/><W39/><G39/><T112/><D112/><U50/><E4/><V70/><F70/><W86/><G18/><T15/><D38/><U3/><E3/><V57/><F5/><W47/><G47/><T36/><D36/><U13/><E55/><V96/><F29/><W26/><G26/><T84/><D42/><U34/><E34/><V126/><F33/><W62/><G62/><T67/><D67/><U23/><E66/><V74/><F126/><W7/><G7/><T135/><D135/><U53/><E69/><V28/><F28/><W93/><G93/><T27/><D27/><U61/><E61/><V51/><F103/><W94/><G94/><N who="0" m="58583" /><D24/><U46/><E53/><V115/><F115/><W129/><G129/><T113/><D113/><U54/><E54/><V85/><F57/><W21/><G21/><AGARI ba="0,0" hai="9,15,19,20,21,59,63,64,78,80,84" m="58583" machi="21" ten="30,2000,0" yaku="8,1,52,1" doraHai="95" who="0" fromWho="3" sc="213,20,213,0,280,0,294,-20" /><INIT seed="3,0,0,4,0,17" ten="233,213,280,274" oya="3" hai0="107,1,36,79,2,14,82,8,84,135,110,88,119" hai1="50,128,129,68,47,12,65,118,15,5,104,41,37" hai2="120,62,56,45,60,114,74,72,94,100,98,44,111" hai3="35,49,71,48,25,103,109,133,93,101,29,67,32"/><W4/><G133/><T19/><D119/><U123/><E104/><V28/><F114/><W33/><G109/><T52/><D110/><U38/><E5/><V117/><F117/><W95/><G4/><T108/><D108/><U7/><E7/><V51/><F111/><W58/><G71/><T24/><D135/><U91/><E91/><V113/><F113/><W106/><G106/><T97/><D36/><N who="1" m="13931" /><E12/><V90/><F120/><W86/><G67/><T66/><D66/><U78/><E15/><V80/><F28/><W77/><G58/><T13/><D13/><U9/><E78/><V3/><F3/><W0/><G0/><T127/><D127/><U73/><E73/><V18/><F18/><W31/><G25/><T126/><D126/><U105/><E9/><V89/><F60/><W34/><G35/><T54/><D2/><U92/><E92/><N who="3" m="35402" /><G86/><T83/><D1/><U10/><E10/><V57/><F57/><W85/><G85/><T64/><D64/><U75/><E75/><V6/><F6/><W16/><G16/><T11/><D8/><U81/><E81/><V61/><F61/><W46/><G46/><N who="2" m="18025" /><F62/><W99/><G77/><T125/><D125/><U112/><E105/><V40/><F56/><W39/><G39/><T27/><D27/><U76/><E76/><N who="2" m="44039" /><F74/><W134/><G134/><T131/><D24/><U22/><E112/><V43/><F51/><N who="3" m="19531" /><G99/><T130/><D83/><U96/><E118/><V115/><F115/><W42/><G42/><T59/><D79/><U122/><E96/><V132/><F132/><W23/><G31/><T63/><D54/><RYUUKYOKU ba="0,0" sc="233,10,213,-30,280,10,274,10" hai0="11,14,19,52,59,63,82,84,88,97,107,130,131" hai2="40,43,89,90,94,98,100" hai3="23,29,32,33,34,101,103" /><INIT seed="3,1,0,0,2,31" ten="243,183,290,284" oya="3" hai0="56,103,91,48,40,54,119,13,82,90,123,110,69" hai1="83,73,44,46,10,42,95,32,2,1,17,45,93" hai2="37,75,4,135,72,127,5,0,92,3,74,122,121" hai3="49,80,22,59,113,36,50,53,39,111,60,51,98"/><W131/><G113/><T14/><D119/><U81/><E42/><V105/><F127/><W29/><G131/><T114/><D123/><N who="2" m="47114" /><F135/><W43/><G111/><T67/><D110/><U34/><E17/><V116/><F105/><W120/><G120/><T55/><D114/><U52/><E10/><V61/><F37/><W79/><G43/><T20/><D40/><U125/><E73/><V65/><F116/><W133/><G133/><T63/><D103/><U85/><E85/><V71/><F92/><N who="1" m="35401" /><E52/><V62/><F61/><W84/><REACH who="3" step="1"/><G98/><REACH who="3" ten="243,183,290,274" step="2"/><T117/><D117/><U6/><E125/><V64/><F64/><W24/><AGARI ba="1,1" hai="22,24,29,36,39,49,50,51,53,59,60,79,80,84" machi="24" ten="30,6000,0" yaku="1,1,2,1,0,1,53,0" doraHai="31" doraHaiUra="30" who="3" fromWho="3" sc="243,-21,183,-21,290,-21,274,73" owari="222,-17.8,162,-33.8,269,6.9,347,44.7" /></mjloggm>