<mjloggm ver="2.3"><GO type="225" lobby="0"/><UN n0="%E6%9C%88%E5%B3%B6%E5%9F%BA" n1="%E5%B6%BA%E4%B8%8A%E5%92%B2" n2="%E7%AB%8B%E8%8A%B1%E9%9F%BF" n3="%E4%BC%8A%E7%B9%94%E3%82%82%E3%81%88" dan="18,16,17,16" rate="2231.77,2159.97,2212.12,2126.14" sx="M,F,F,M"/><TAIKYOKU oya="0"/><INIT seed="0,0,0,5,3,99" ten="250,250,250,250" oya="0" hai0="98,83,60,17,38,44,93,109,0,7,19,78,104" hai1="68,66,108,57,21,62,94,82,91,100,113,50,56" hai2="88,30,133,22,34,117,120,135,102,65,123,69,110" hai3="37,39,11,90,86,40,134,10,13,48,116,96,127"/><T24/><D104/><U16/><E113/><V18/><F110/><W64/><G116/><T105/><D105/><U33/><E33/><V111/><F111/><W41/><G134/><N who="2" m="51209" /><F117/><W23/><G127/><T32/><D109/><U59/><E108/><V87/><F102/><W76/><G64/><T79/><D60/><U97/><E50/><V95/><F30/><W26/><G76/><T122/><D79/><U103/><REACH who="1" step="1"/><E82/><REACH who="1" ten="250,240,250,250" step="2"/><V45/><F34/><W121/><G48/><T80/><D80/><U25/><AGARI ba="0,1" hai="16,21,25,56,57,59,62,66,68,91,94,97,100,103" machi="25" ten="30,12000,2" yaku="1,1,2,1,0,1,52,2,54,1,53,1" doraHai="99" doraHaiUra="58" who="1" fromWho="1" sc="250,-60,240,130,250,-30,250,-30" /><INIT seed="1,0,0,1,5,92" ten="190,370,220,220" oya="1" hai0="13,10,70,115,133,34,117,68,99,114,23,109,122" hai1="113,53,54,103,50,129,65,121,4,88,102,106,123" hai2="42,116,16,25,77,71,47,107,127,11,94,134,57" hai3="20,85,29,96,61,39,45,100,67,62,73,56,120"/><U104/><E113/><V95/><F71/><W22/><G73/><T41/><D117/><U59/><E4/><V38/><F116/><W111/><G111/><T64/><D34/><U84/><E65/><V9/><F134/><W3/><G120/><T48/><D109/><U14/><E129/><V74/><F127/><W76/><G3/><T55/><D122/><U46/><E123/><V75/><F107/><W82/><G29/><T80/><D133/><U19/><E121/><V35/><F57/><W128/><G128/><T27/><D41/><U5/><E5/><V36/><F36/><W21/><G61/><T26/><D80/><N who="1" m="49159" /><E106/><V2/><F75/><W87/><G87/><T15/><D64/><U112/><E104/><V33/><F33/><W124/><G124/><T6/><D68/><U105/><E105/><V28/><F9/><W8/><G8/><T81/><D70/><U18/><E112/><V63/><F63/><W51/><G39/><T89/><D115/><U131/><E131/><V1/><F1/><W97/><REACH who="3" step="1"/><G100/><REACH who="3" ten="190,370,220,210" step="2"/><N who="1" m="38442" /><E14/><V44/><F2/><W79/><G79/><T108/><D108/><U24/><E24/><V93/><F77/><W110/><G110/><T119/><D119/><U43/><E43/><AGARI ba="0,1" hai="20,21,22,43,45,51,56,62,67,76,82,85,96,97" machi="43" ten="40,8000,1" yaku="1,1,8,1,52,2,53,1" doraHai="92" doraHaiUra="40" who="3" fromWho="1" sc="190,0,370,-80,220,0,210,90" /><INIT seed="2,0,0,2,4,96" ten="190,290,220,300" oya="2" hai0="119,128,121,3,61,52,85,82,89,98,120,4,54" hai1="131,116,23,50,134,92,63,7,27,115,20,78,130" hai2="1,109,99,18,117,106,48,53,125,81,60,80,107" hai3="6,26,8,126,37,34,64,65,133,32,114,47,84"/><V38/><F117/><W45/><G133/><T123/><D119/><U113/><E116/><V97/><F38/><W76/><G126/><T10/><D128/><N who="1" m="49195" /><E134/><V11/><F125/><W40/><G114/><N who="1" m="43530" /><E78/><V103/><F60/><W69/><G45/><T94/><REACH who="0" step="1"/><D61/><REACH who="0" ten="180,290,220,300" step="2"/><U68/><E63/><V59/><F109/><W70/><G69/><T108/><D108/><U58/><E68/><V74/><F74/><W49/><G70/><T75/><D75/><U91/><E7/><V0/><F0/><W90/><G6/><T100/><AGARI ba="0,1" hai="3,4,10,52,54,82,85,89,94,98,100,120,121,123" machi="100" ten="30,7900,0" yaku="1,1,0,1,52,1,54,1,53,0" doraHai="96" doraHaiUra="124" who="0" fromWho="0" sc="180,89,290,-20,220,-39,300,-20" /><INIT seed="3,0,0,4,4,65" ten="269,270,181,280" oya="3" hai0="112,111,58,135,88,87,76,78,6,70,9,130,42" hai1="75,30,133,15,16,127,55,93,45,98,94,134,68" hai2="8,0,117,3,95,2,52,110,36,11,105,44,63" hai3="84,64,129,128,13,5,96,119,97,33,22,19,18"/><W115/><G119/><T26/><D111/><U29/><E75/><V32/><F105/><W31/><G115/><T82/><D112/><U24/><E127/><V124/><F117/><W79/><G33/><T43/><D130/><N who="3" m="50281" /><G31/><T56/><D70/><U83/><E68/><V1/><F124/><W77/><G64/><T27/><D135/><U47/><E83/><V101/><N who="2" m="0" /><DORA hai="51" /><V81/><F110/><W23/><G5/><T71/><D71/><U46/><E24/><N who="0" m="9257" /><D9/><N who="1" m="6255" /><E134/><V62/><F32/><W74/><G74/><T131/><D6/><U132/><E132/><V34/><F34/><W59/><G19/><T113/><D113/><U67/><E67/><V92/><F81/><N who="3" m="47151" /><G79/><N who="0" m="30251" /><D131/><U123/><E133/><V99/><F95/><N who="1" m="36361" /><E123/><V39/><F39/><W4/><G4/><T35/><D35/><U21/><E21/><V28/><F28/><N who="1" m="10857" /><E98/><N who="3" m="37994" /><G22/><T40/><AGARI ba="0,0" hai="40,42,43,56,58,82,87,88" m="30251,9257" machi="40" ten="30,2000,0" yaku="8,1,54,1" doraHai="65,51" who="0" fromWho="0" sc="269,20,270,-5,181,-5,280,-10" /><INIT seed="4,0,0,1,1,18" ten="289,265,176,270" oya="0" hai0="124,49,89,1,133,48,106,93,95,60,123,113,91" hai1="73,109,39,29,87,101,97,27,128,122,45,6,62" hai2="84,38,103,86,16,99,67,77,104,74,31,40,13" hai3="52,81,42,23,22,121,8,34,68,44,127,83,134"/><T25/><D123/><U41/><E109/><V3/><F3/><W70/><G34/><T0/><D106/><U50/><E122/><V116/><F116/><W51/><G121/><T110/><D110/><U129/><E87/><V107/><F107/><W7/><G134/><T58/><D133/><U32/><E50/><N who="0" m="19561" /><D1/><U76/><E6/><V108/><F67/><W105/><G105/><T115/><D0/><U21/><E62/><V80/><F31/><W11/><G127/><T53/><D25/><U4/><E4/><V24/><F24/><W26/><G26/><T2/><D2/><U9/><E9/><N who="3" m="3658" /><G70/><T66/><D66/><U132/><E132/><V55/><F55/><W78/><G68/><T90/><D124/><U65/><E65/><V56/><F56/><W61/><G7/><T130/><D130/><U117/><E117/><V17/><F17/><W20/><G78/><T135/><D135/><U72/><E32/><V98/><F98/><W82/><G61/><T119/><D119/><U14/><E14/><V43/><F108/><W125/><G125/><T96/><D96/><U92/><REACH who="1" step="1"/><E76/><REACH who="1" ten="289,255,176,270" step="2"/><V111/><F111/><W35/><G35/><T120/><D120/><U37/><E37/><V79/><F79/><W126/><G126/><T57/><D57/><U47/><E47/><V5/><F5/><W102/><G102/><T28/><D28/><U71/><E71/><V54/><F54/><AGARI ba="0,1" hai="20,22,23,42,44,51,52,54,81,82,83" m="3658" machi="54" ten="40,8000,1" yaku="8,1,52,3,54,1" doraHai="18" who="3" fromWho="2" sc="289,0,255,0,176,-80,270,90" owari="289,8.9,255,-14.5,96,-40.4,360,46.0" /></mjloggm>