<mjloggm ver="2.3"><GO type="225" lobby="0"/><UN n0="%E5%91%A8%E6%9D%B1" n1="%E3%83%96%E3%83%83%E3%83%91%E3%82%AA%E3%83%96%E3%83%81%E3%82%AD%E3%83%B3" n2="%E9%A6%AC%E5%BC%95%E7%81%AB%33" n3="%70%68%65%6E%6F%6D%65" dan="17,16,17,16" rate="2198.16,2185.50,2189.37,2146.40" sx="M,M,M,M"/><TAIKYOKU oya="0"/><INIT seed="0,0,0,5,1,45" ten="250,250,250,250" oya="0" hai0="34,79,120,17,124,90,8,127,2,126,36,86,35" hai1="64,104,10,30,28,21,63,53,65,18,75,81,43" hai2="91,23,117,95,131,38,46,7,129,54,115,19,48" hai3="32,68,125,105,55,27,116,52,42,44,87,24,56"/><T119/><D36/><U39/><E104/><V47/><F115/><W40/><G116/><T69/><D119/><U72/><E10/><V6/><F117/><W89/><G68/><T132/><D120/><U82/><E39/><V5/><F38/><W61/><G105/><T1/><D69/><U130/><E130/><N who="2" m="49675" /><F47/><W57/><G125/><T78/><D132/><U88/><E43/><N who="3" m="16426" /><G32/><N who="0" m="12331" /><D17/><U13/><E75/><V102/><F102/><W94/><G44/><T70/><D70/><U4/><E4/><V114/><F114/><W12/><G12/><T50/><D50/><AGARI ba="0,0" hai="24,27,50,52,55,56,57,61,87,89,94" m="16426" machi="50" ten="30,3900,0" yaku="8,1,52,1,54,1" doraHai="45" who="3" fromWho="0" sc="250,-39,250,0,250,0,250,39" /><INIT seed="1,0,0,0,2,28" ten="211,250,250,289" oya="1" hai0="99,14,8,4,5,87,24,13,122,12,132,123,104" hai1="69,7,44,15,72,46,77,49,52,126,80,68,79" hai2="40,85,17,100,108,37,109,103,38,102,10,6,112" hai3="42,135,0,89,98,82,105,90,2,67,83,26,119"/><U130/><E130/><V120/><F120/><N who="0" m="46122" /><D104/><U57/><E126/><V56/><F112/><W73/><G42/><T84/><D99/><U76/><E72/><V62/><F17/><W16/><G67/><T71/><D71/><U18/><E7/><N who="0" m="2633" /><D8/><U11/><REACH who="1" step="1"/><E80/><REACH who="1" ten="211,240,250,289" step="2"/><V23/><F6/><W64/><G83/><T74/><D74/><U75/><E75/><V107/><F109/><W54/><G82/><T88/><D132/><U117/><E117/><V97/><F108/><W91/><G73/><T110/><D110/><U39/><E39/><V92/><F37/><W35/><G119/><T41/><D41/><U111/><E111/><V47/><F38/><W30/><G135/><T134/><D134/><U60/><E60/><V81/><F62/><W36/><G36/><T50/><D50/><U20/><E20/><V129/><F23/><W31/><G0/><T51/><D51/><U1/><E1/><V32/><F40/><W131/><G2/><T3/><D3/><U95/><E95/><V121/><F92/><W128/><G131/><T66/><D66/><U19/><E19/><V21/><F129/><W115/><G64/><T70/><D70/><AGARI ba="0,1" hai="11,15,18,44,46,49,52,57,68,69,70,76,77,79" machi="70" ten="40,3900,0" yaku="1,1,54,1,53,0" doraHai="28" doraHaiUra="113" who="1" fromWho="0" sc="211,-39,240,49,250,0,289,0" /><INIT seed="1,1,0,4,1,92" ten="172,289,250,289" oya="1" hai0="11,32,127,68,29,95,101,116,93,78,121,40,62" hai1="41,54,21,114,130,69,81,83,17,42,131,3,104" hai2="9,91,115,23,117,0,67,30,33,8,14,26,39" hai3="128,102,1,82,43,79,107,18,122,89,125,36,72"/><U4/><E114/><V10/><F39/><W64/><G122/><T112/><D116/><U132/><E132/><V65/><F117/><W28/><G64/><T77/><D112/><U45/><E69/><V2/><F115/><W90/><G28/><T52/><D121/><U97/><E3/><N who="2" m="1067" /><F91/><N who="3" m="34827" /><G18/><T35/><D127/><U24/><E4/><N who="2" m="3335" /><F67/><W31/><G31/><T57/><D68/><U20/><E54/><V13/><F65/><W49/><G49/><T27/><D35/><U19/><E83/><V129/><F129/><N who="1" m="49161" /><E81/><V110/><F110/><W94/><G1/><T37/><D11/><N who="2" m="4106" /><F13/><W47/><G128/><T6/><D6/><U120/><E120/><V46/><F46/><W119/><G119/><T118/><D118/><U38/><E42/><V16/><F16/><N who="1" m="6217" /><E24/><V74/><F74/><W126/><G72/><T105/><D40/><U58/><E58/><V123/><F123/><W86/><G82/><T80/><D37/><U85/><E85/><V66/><F66/><W60/><G86/><T61/><D61/><U5/><E5/><V73/><F73/><W96/><G60/><T99/><REACH who="0" step="1"/><D78/><REACH who="0" ten="162,289,250,289" step="2"/><U135/><E38/><V88/><F88/><W51/><G79/><T55/><D55/><U106/><E41/><V111/><F111/><W12/><G36/><T53/><D53/><U34/><E45/><V113/><F113/><W100/><G12/><T63/><D63/><U124/><E106/><V133/><F133/><W25/><G107/><T15/><D15/><U22/><E104/><V56/><F33/><W103/><G43/><T87/><AGARI ba="1,1" hai="27,29,32,52,57,62,77,80,87,93,95,99,101,105" machi="87" ten="20,8000,1" yaku="1,1,0,1,7,1,52,1,54,1,53,0" doraHai="92" doraHaiUra="7" who="0" fromWho="0" sc="162,93,289,-41,250,-21,289,-21" /><BYE who="1" /><UN n1="%E3%83%96%E3%83%83%E3%83%91%E3%82%AA%E3%83%96%E3%83%81%E3%82%AD%E3%83%B3" /><INIT seed="2,0,0,0,3,24" ten="255,248,229,268" oya="2" hai0="67,26,117,35,120,96,75,82,92,132,9,3,76" hai1="63,101,129,115,46,13,29,50,109,79,128,66,126" hai2="53,81,83,69,119,89,84,48,37,1,135,113,116" hai3="12,32,134,98,60,123,102,80,2,31,72,68,78"/><V87/><F113/><W121/><G134/><T103/><D132/><U34/><E115/><V106/><F135/><W107/><G12/><T124/><D124/><U94/><E126/><V127/><F127/><W114/><G2/><T70/><D120/><U36/><E36/><V125/><F125/><W8/><G8/><T17/><D117/><U111/><E79/><V133/><F37/><W71/><G114/><T6/><D67/><U22/><E34/><V91/><F133/><W56/><G56/><T130/><D70/><N who="3" m="26665" /><G60/><T16/><REACH who="0" step="1"/><D130/><REACH who="0" ten="245,248,229,268" step="2"/><U108/><E129/><V64/><F1/><W88/><G123/><T43/><D43/><U0/><E128/><V104/><F116/><W97/><G121/><T14/><D14/><U28/><E0/><V57/><REACH who="2" step="1"/><F119/><REACH who="2" ten="245,248,219,268" step="2"/><W118/><G118/><T33/><D33/><U41/><E111/><V20/><F20/><W45/><G32/><T19/><D19/><N who="1" m="10607" /><E109/><V44/><F44/><W21/><G45/><T18/><D18/><U25/><E108/><V110/><F110/><W5/><G21/><T52/><D52/><U61/><E66/><V122/><F122/><W100/><G5/><T10/><D10/><U39/><E46/><V15/><F15/><W4/><G4/><T73/><D73/><U7/><E7/><V11/><F11/><W40/><G40/><T85/><D85/><U30/><E41/><V38/><F38/><W105/><G72/><T65/><D65/><U58/><E39/><V49/><F49/><W112/><G112/><T93/><D93/><U86/><E94/><V55/><F55/><W131/><G131/><RYUUKYOKU ba="0,2" sc="245,15,248,-15,219,15,268,-15" hai0="3,6,9,16,17,26,35,75,76,82,92,96,103" hai2="48,53,57,64,69,81,83,84,87,89,91,104,106" /><INIT seed="2,1,2,2,0,45" ten="260,233,234,253" oya="2" hai0="21,15,63,30,71,104,70,81,115,59,34,24,94" hai1="41,74,37,97,99,88,53,62,129,116,68,48,114" hai2="117,69,89,64,16,123,28,8,61,14,3,32,67" hai3="84,125,9,75,128,76,55,35,31,0,101,23,113"/><V90/><F117/><W17/><G75/><T111/><D104/><U11/><E116/><V26/><F123/><W80/><G125/><T2/><D115/><U65/><E114/><V112/><F112/><W91/><G113/><T122/><D122/><U43/><E74/><V47/><F67/><W40/><G128/><T25/><D2/><U77/><E129/><V83/><F83/><W130/><G130/><T10/><D111/><U50/><E77/><V92/><F92/><W109/><G109/><T19/><D81/><U118/><E118/><V121/><F121/><W86/><G40/><N who="1" m="15434" /><E68/><V7/><F47/><W66/><G66/><T18/><REACH who="0" step="1"/><D94/><REACH who="0" ten="250,233,234,253" step="2"/><N who="1" m="56519" /><E37/><V120/><F120/><W42/><G0/><T73/><D73/><U96/><E65/><AGARI ba="1,3" hai="10,15,18,19,21,24,25,30,34,59,63,65,70,71" machi="65" ten="30,2000,0" yaku="1,1,7,1,53,0" doraHai="45" doraHaiUra="108" who="0" fromWho="1" sc="250,53,233,-23,234,0,253,0" /><INIT seed="3,0,0,0,2,118" ten="303,210,234,253" oya="3" hai0="28,52,1,108,104,42,84,15,111,86,5,131,29" hai1="59,87,76,107,6,92,37,68,56,48,130,30,78" hai2="82,113,64,50,62,80,55,72,69,51,109,70,18" hai3="31,110,54,66,101,12,97,88,133,77,85,25,98"/><W0/><G0/><T100/><D1/><U4/><E37/><V44/><F113/><W45/><G133/><T121/><D121/><U103/><E68/><N who="2" m="42007" /><F18/><W96/><G110/><N who="0" m="42027" /><D131/><U38/><E38/><V115/><F82/><N who="3" m="47311" /><G66/><T60/><D42/><U7/><E107/><V99/><F99/><W83/><G101/><T116/><D116/><U114/><E114/><V33/><F80/><W9/><G54/><T119/><D119/><U11/><E130/><V10/><F33/><W23/><G45/><T26/><D29/><U19/><E30/><V95/><F95/><N who="3" m="56423" /><G83/><T128/><D100/><U73/><E73/><V63/><F72/><W123/><G123/><T106/><D128/><U125/><E125/><V126/><F126/><W124/><G124/><T27/><D106/><U41/><E103/><V46/><F109/><W65/><G65/><T32/><D104/><U132/><E132/><V90/><F90/><W13/><G13/><T105/><D105/><U53/><E92/><V16/><F115/><W58/><G58/><N who="1" m="22058" /><E87/><V127/><F127/><W102/><G102/><T89/><D86/><U74/><E74/><V134/><F134/><W17/><AGARI ba="0,0" hai="9,12,17,23,25,31,97,98" m="56423,47311" machi="17" ten="30,3000,0" yaku="8,1,54,1" doraHai="118" who="3" fromWho="3" sc="303,-10,210,-10,234,-10,253,30" /><INIT seed="3,1,0,3,2,10" ten="293,200,224,283" oya="3" hai0="93,24,110,116,135,104,33,115,38,4,36,19,97" hai1="66,11,9,76,72,34,16,37,54,129,103,118,79" hai2="43,26,41,100,130,71,112,128,117,20,42,69,70" hai3="82,122,58,80,83,61,95,131,8,48,84,39,90"/><W45/><G122/><T28/><D116/><U56/><E34/><V134/><F117/><W52/><G131/><N who="2" m="50217" /><F112/><W6/><G39/><T125/><D104/><U124/><E129/><V0/><F0/><W92/><G95/><T53/><D115/><U105/><E118/><V114/><F114/><W75/><G75/><T21/><D135/><U121/><E121/><V30/><F100/><W3/><G92/><T88/><D125/><U22/><E124/><V77/><F77/><N who="1" m="29769" /><E37/><V15/><F15/><W133/><G133/><AGARI ba="1,0" hai="20,26,30,41,42,43,69,70,71,133,134" m="50217" machi="133" ten="40,1300,0" yaku="19,1" doraHai="10" who="2" fromWho="3" sc="293,0,200,0,224,16,283,-16" /><INIT seed="4,0,0,5,4,72" ten="293,200,240,267" oya="0" hai0="0,135,115,11,100,91,94,13,10,48,90,38,82" hai1="66,67,103,129,134,15,77,36,60,132,112,128,43" hai2="70,6,4,74,46,92,14,21,19,86,120,63,119" hai3="5,121,51,31,53,26,17,80,20,110,32,37,22"/><T107/><D38/><U125/><E103/><V71/><F74/><W69/><G110/><T41/><D115/><U45/><E15/><V2/><F120/><W55/><G37/><T116/><D116/><U68/><E112/><V47/><F119/><W18/><G121/><T27/><D135/><N who="1" m="51755" /><E77/><V40/><F71/><W88/><G69/><T95/><D107/><U33/><E33/><V62/><F70/><W73/><G5/><N who="2" m="2153" /><F2/><W64/><G64/><T56/><D0/><U131/><E67/><V25/><F14/><W35/><G73/><T3/><D3/><U39/><E39/><V75/><F75/><W85/><G32/><T124/><D27/><U105/><E105/><V123/><F123/><W126/><G126/><AGARI ba="0,0" hai="36,43,45,60,66,68,125,126,128,129,131" m="51755" machi="126" ten="40,12000,2" yaku="30,2,19,1,20,1,23,1,34,2" doraHai="72" who="1" fromWho="3" sc="293,0,200,120,240,0,267,-120" owari="293,9.3,320,42.0,240,-16.0,147,-35.3" /></mjloggm>