<mjloggm ver="2.3"><GO type="225" lobby="0"/><UN n0="%E3%82%A4%E3%83%BC%E3%82%B1%E3%83%97%E3%83%A9" n1="%E7%89%B9%E6%9D%B1%E3%81%AF%E4%B8%96%E7%95%8C%E3%82%92%E6%95%91%E3%81%86" n2="%E4%BF%BA%E3%81%A8%E5%A6%96%E5%A4%A2" n3="%E9%B3%B3%E6%9D%B1%E3%81%AE%E3%81%BF%E3%81%91%E3%81%AB%E3%82%83%E3%82%93" dan="17,16,16,16" rate="2231.07,2159.73,2133.73,2143.54" sx="M,M,F,F"/><TAIKYOKU oya="0"/><INIT seed="0,0,0,2,1,74" ten="250,250,250,250" oya="0" hai0="63,30,96,0,112,43,92,127,53,90,9,46,123" hai1="87,16,100,91,12,54,61,97,122,36,13,128,57" hai2="109,44,68,22,58,31,66,14,134,7,99,113,65" hai3="6,95,27,42,8,76,105,56,24,125,50,84,23"/><T47/><D112/><U21/><E128/><V4/><F113/><W29/><G105/><T20/><D123/><U88/><E36/><V28/><F68/><W15/><G125/><T34/><D127/><U69/><E122/><V94/><F109/><W33/><G33/><T108/><D34/><U86/><E69/><V62/><F134/><W49/><G27/><T120/><D120/><U1/><E1/><V98/><F44/><N who="3" m="25751" /><G50/><T126/><D126/><U48/><E61/><V135/><F135/><W75/><G75/><T37/><D108/><U107/><REACH who="1" step="1"/><E12/><REACH who="1" ten="250,240,250,250" step="2"/><V60/><F14/><W51/><G51/><T38/><D38/><U3/><E3/><V80/><F60/><W52/><G15/><T89/><D63/><U55/><E55/><V82/><F62/><N who="3" m="36103" /><G6/><T32/><D53/><U39/><E39/><V35/><F4/><W71/><G71/><T64/><D0/><U101/><E101/><V40/><F7/><W73/><G8/><T25/><D9/><U70/><E70/><V18/><F40/><W110/><G110/><T83/><D64/><U26/><E26/><V10/><F10/><W115/><G115/><T2/><D2/><U117/><E117/><V114/><F114/><W93/><G73/><T17/><D43/><U106/><E106/><V104/><F104/><W45/><G45/><T19/><D37/><U67/><E67/><V81/><F66/><W103/><G103/><T129/><D47/><U59/><E59/><V131/><F65/><W124/><G124/><T130/><D46/><U119/><E119/><V121/><F121/><W111/><G111/><RYUUKYOKU ba="0,1" sc="250,-15,240,15,250,-15,250,15" hai1="13,16,21,48,54,57,86,87,88,91,97,100,107" hai3="23,24,29,76,84,93,95" /><INIT seed="1,1,1,0,3,33" ten="235,255,235,265" oya="1" hai0="48,76,27,94,132,84,87,23,42,78,3,8,58" hai1="2,112,99,44,103,111,45,63,21,128,108,60,135" hai2="98,102,6,106,100,24,124,16,107,68,70,31,7" hai3="49,28,15,65,83,52,18,113,50,25,75,69,95"/><U91/><E112/><V130/><F130/><W59/><G113/><T117/><D117/><U1/><E128/><V12/><F124/><W81/><G69/><T77/><D132/><U17/><E135/><V10/><F70/><W93/><G65/><T122/><D122/><U121/><E91/><V35/><REACH who="2" step="1"/><F68/><REACH who="2" ten="235,255,225,265" step="2"/><W86/><G75/><T47/><D58/><U11/><E121/><V0/><F0/><N who="1" m="105" /><E45/><V19/><F19/><W85/><G18/><N who="0" m="12791" /><D3/><U97/><E44/><V51/><F51/><W36/><G59/><T88/><D8/><U62/><E11/><V90/><F90/><W71/><G71/><T67/><D67/><U30/><E30/><V104/><F104/><W115/><G28/><T13/><D13/><N who="1" m="9391" /><E103/><V123/><F123/><W4/><G115/><T14/><D14/><U57/><E57/><V125/><F125/><W20/><G15/><T131/><D131/><U61/><E61/><V74/><F74/><W38/><G49/><T9/><D9/><U22/><E22/><V92/><F92/><W55/><G50/><T126/><D126/><U82/><E82/><AGARI ba="1,2" hai="42,47,48,76,77,78,82,84,87,88,94" m="12791" machi="82" ten="30,2000,0" yaku="8,1,54,1" doraHai="33" who="0" fromWho="1" sc="235,43,255,-23,225,0,265,0" /><INIT seed="2,0,0,5,2,59" ten="278,232,225,265" oya="2" hai0="123,34,108,129,52,85,63,20,83,95,75,104,97" hai1="39,55,67,9,53,101,62,14,91,35,86,36,46" hai2="41,11,110,103,42,68,31,19,92,90,27,109,102" hai3="56,21,15,118,81,131,96,99,74,12,124,106,89"/><V73/><F73/><W119/><G131/><T65/><D34/><U93/><E35/><V17/><F68/><W121/><G121/><T4/><D123/><U132/><E132/><V44/><F31/><W28/><G124/><T29/><D108/><N who="2" m="41578" /><F27/><W1/><G1/><T5/><D129/><U126/><E126/><V60/><F11/><W112/><G112/><T8/><D104/><U127/><E127/><V18/><F60/><W61/><G106/><T2/><D4/><U113/><E113/><V64/><F64/><W88/><G74/><T125/><D75/><U30/><E30/><V84/><F42/><W72/><G72/><T98/><D52/><U49/><E55/><V10/><F10/><W26/><G118/><T32/><D32/><U22/><E22/><V6/><F6/><W76/><G76/><T38/><D125/><U13/><E101/><V107/><F107/><W77/><G77/><N who="0" m="46319" /><D20/><U115/><E115/><V66/><F66/><N who="3" m="39207" /><G119/><T45/><D29/><U79/><E79/><V134/><F134/><W100/><G100/><N who="0" m="60479" /><D63/><U48/><E13/><N who="3" m="5194" /><G89/><T120/><D65/><U133/><E133/><V111/><N who="2" m="41586" /><V82/><DORA hai="33" /><F82/><W116/><G116/><T47/><D120/><U24/><E14/><V43/><F43/><W117/><G117/><T58/><D8/><U7/><E9/><V50/><AGARI ba="0,0" hai="17,18,19,41,44,50,84,90,92,102,103" m="41586" machi="50" ten="50,4800,0" yaku="14,1,10,1" doraHai="59,33" who="2" fromWho="2" sc="278,-16,232,-16,225,48,265,-16" /><INIT seed="2,1,0,5,5,47" ten="262,216,273,249" oya="2" hai0="63,18,80,56,114,126,55,2,133,53,24,98,70" hai1="17,124,9,64,57,0,48,108,110,50,7,112,121" hai2="35,44,73,95,25,40,82,59,101,62,13,122,96" hai3="123,1,125,128,75,37,15,91,71,51,76,31,94"/><V131/><F122/><W135/><G15/><T27/><D114/><U118/><E112/><V39/><F131/><W120/><G31/><T23/><D2/><U11/><E118/><V97/><F35/><W29/><G29/><T88/><D133/><U100/><E100/><V104/><F25/><W90/><G37/><T69/><D126/><U127/><E121/><V86/><F73/><W81/><G71/><T115/><D115/><U49/><E9/><V16/><F82/><N who="3" m="45343" /><G1/><T46/><D27/><U3/><E3/><V36/><F86/><N who="3" m="50511" /><G51/><N who="0" m="28919" /><D80/><U28/><E28/><V65/><F39/><W42/><G42/><T20/><D20/><U87/><E87/><V74/><F74/><W8/><G8/><T10/><D10/><U79/><E79/><V107/><F97/><N who="3" m="57567" /><G135/><T93/><AGARI ba="1,0" hai="18,23,24,55,56,63,69,70,88,93,98" m="28919" machi="93" ten="30,4000,0" yaku="25,1,52,1,54,1" doraHai="47" who="0" fromWho="0" sc="262,43,216,-11,273,-21,249,-11" /><INIT seed="3,0,0,4,5,76" ten="305,205,252,238" oya="3" hai0="74,77,18,40,3,70,69,9,81,23,71,31,134" hai1="121,107,100,89,109,113,25,63,112,75,62,116,115" hai2="14,126,47,24,65,120,129,83,37,56,90,67,61" hai3="22,60,106,72,0,17,86,82,118,78,99,38,43"/><W21/><G118/><T127/><D134/><U131/><E121/><V39/><F120/><W135/><G135/><T53/><D127/><U36/><E116/><V19/><F126/><W119/><G119/><T5/><D40/><U2/><E36/><V66/><F129/><W108/><G0/><T117/><D117/><U84/><E131/><V57/><F24/><W42/><G38/><T79/><D79/><U133/><E133/><V12/><F12/><W68/><G108/><T123/><D123/><U10/><E75/><V104/><F104/><W54/><G21/><T32/><D53/><U48/><E109/><V49/><F57/><W29/><G29/><T73/><D73/><U58/><E25/><V45/><F45/><W122/><G122/><T55/><D55/><U13/><E2/><V97/><F66/><W28/><G28/><T114/><D114/><U16/><E48/><V35/><F67/><W105/><G72/><T50/><D50/><U64/><E63/><V46/><F46/><W20/><G20/><T92/><D92/><U110/><E110/><V93/><F35/><W6/><G6/><T30/><REACH who="0" step="1"/><D32/><REACH who="0" ten="295,205,252,238" step="2"/><U1/><E1/><V98/><F93/><W33/><G33/><T51/><D51/><U101/><REACH who="1" step="1"/><E107/><REACH who="1" ten="295,195,252,238" step="2"/><V59/><F37/><W52/><G105/><T95/><D95/><AGARI ba="0,2" hai="10,13,16,58,62,64,84,89,95,100,101,112,113,115" machi="95" ten="40,8000,1" yaku="1,1,2,1,54,1,53,1" doraHai="76" doraHaiUra="11" who="1" fromWho="0" sc="295,-80,195,100,252,0,238,0" /><INIT seed="4,0,0,0,5,11" ten="215,295,252,238" oya="0" hai0="133,55,50,127,8,45,5,114,76,53,9,129,68" hai1="32,94,14,103,29,20,1,27,6,128,28,13,40" hai2="116,41,25,87,82,39,59,104,67,117,83,99,112" hai3="126,102,88,74,21,43,30,34,62,97,111,19,91"/><T105/><D105/><U69/><E69/><V131/><F41/><W121/><G111/><T60/><D114/><U93/><E128/><V101/><F39/><W96/><G74/><T12/><D129/><U122/><E122/><V4/><F25/><W134/><G121/><T48/><D133/><U90/><E40/><V37/><F37/><W124/><G134/><T56/><D127/><N who="3" m="48681" /><G43/><T24/><D68/><U2/><E103/><V10/><F131/><W85/><G62/><T77/><D24/><N who="1" m="18471" /><E93/><V70/><F70/><W18/><G34/><T71/><D71/><U7/><E90/><N who="3" m="34346" /><G85/><T58/><REACH who="0" step="1"/><D9/><REACH who="0" ten="205,295,252,238" step="2"/><N who="1" m="4287" /><E94/><V3/><F104/><N who="3" m="63559" /><G97/><T47/><D47/><U119/><E119/><V95/><F116/><W80/><G80/><T38/><D38/><U130/><E130/><V57/><F117/><W79/><G79/><T106/><D106/><U109/><E109/><V110/><F110/><W61/><G61/><T120/><D120/><U84/><E84/><V100/><F83/><W135/><G135/><T0/><D0/><U36/><E36/><V115/><F87/><W16/><G30/><T15/><D15/><AGARI ba="0,1" hai="15,16,18,19,21" m="63559,34346,48681" machi="15" ten="30,7700,0" yaku="18,1,52,1,54,2" doraHai="11" who="3" fromWho="0" sc="205,-77,295,0,252,0,238,87" owari="128,-37.2,295,9.5,252,-14.8,325,42.5" /></mjloggm>