<mjloggm ver="2.3"><GO type="225" lobby="0"/><UN n0="%E7%99%BD%E5%80%89%E5%AF%9B%E4%B9%8B" n1="%E5%8D%A0%E3%81%84%E5%B8%AB%E8%A3%8F%E3%81%AA%E3%81%84%E3%81%97" n2="%E3%83%94%E3%83%B3%E3%82%B5%E3%83%AD%E5%BA%97%E5%93%A1" n3="%E7%9A%AE%E3%80%85" dan="16,17,17,16" rate="2127.42,2244.17,2219.38,2139.13" sx="M,M,M,F"/><TAIKYOKU oya="0"/><INIT seed="0,0,0,4,1,130" ten="250,250,250,250" oya="0" hai0="18,90,46,88,87,119,115,76,41,80,77,74,91" hai1="56,1,100,82,83,35,103,127,44,61,54,55,109" hai2="123,6,105,70,7,0,68,125,37,62,13,126,24" hai3="3,31,110,64,101,21,118,99,23,2,131,135,20"/><T16/><D115/><U121/><E121/><V27/><F123/><W52/><G118/><T63/><D119/><U9/><E35/><V116/><F116/><W48/><G131/><T97/><D74/><U104/><E109/><V34/><F37/><W66/><G110/><T94/><D63/><U26/><E127/><N who="2" m="48651" /><F105/><W8/><G31/><T85/><D77/><U120/><E120/><V60/><F13/><W133/><G64/><T58/><D58/><U79/><E26/><N who="2" m="9771" /><F34/><W71/><G8/><T40/><D40/><U39/><E104/><V69/><F0/><W134/><G66/><T132/><D132/><U50/><E82/><V19/><F19/><W14/><G14/><T65/><D65/><U95/><E95/><V57/><F57/><N who="3" m="32903" /><G71/><T73/><D73/><U11/><E39/><V122/><F122/><W78/><G78/><T22/><D22/><N who="3" m="5633" /><W72/><DORA hai="75" /><G72/><T51/><D90/><U113/><E113/><V117/><F117/><W106/><AGARI ba="0,0" hai="2,3,99,101,106,133,134,135" m="5633,32903" machi="106" ten="40,8000,1" yaku="20,1,52,3,54,1" doraHai="130,75" who="3" fromWho="3" sc="250,-40,250,-20,250,-20,250,80" /><INIT seed="1,0,0,1,3,59" ten="210,230,230,330" oya="1" hai0="61,5,104,3,70,38,84,72,107,20,115,25,48" hai1="124,30,130,50,79,21,16,67,78,69,73,52,92" hai2="80,45,28,109,88,43,106,114,54,122,0,116,118" hai3="4,6,55,63,91,56,123,65,17,66,110,99,49"/><U46/><E73/><V12/><F0/><W18/><G123/><T7/><D72/><U1/><E1/><V111/><F122/><W133/><G110/><N who="2" m="41993" /><F106/><W15/><G66/><T37/><D115/><U119/><E119/><V10/><F54/><W90/><G133/><T113/><D113/><U98/><E130/><V101/><F101/><W134/><G134/><T8/><D7/><N who="3" m="2601" /><G99/><T135/><D135/><U68/><E30/><V102/><F102/><W108/><G108/><T86/><D48/><U85/><E124/><V76/><F28/><W93/><G93/><T11/><D11/><U40/><E40/><V131/><F88/><N who="3" m="33835" /><G15/><T44/><D107/><U94/><E94/><V132/><F131/><W128/><G128/><T53/><D104/><U100/><E85/><N who="2" m="48263" /><F114/><W2/><G2/><T24/><D3/><U75/><E75/><V23/><F132/><W117/><G117/><T14/><D84/><U19/><E79/><V36/><F23/><W22/><G22/><T34/><D86/><U127/><E78/><V32/><F32/><W39/><G39/><T47/><D34/><U103/><E103/><V9/><F9/><W81/><G81/><T42/><D20/><U95/><E95/><V82/><F82/><W112/><G112/><T97/><D38/><U31/><E127/><V62/><F12/><W33/><G33/><T60/><D97/><U51/><E21/><V71/><F10/><W120/><G120/><T121/><D121/><U89/><E100/><V35/><F35/><W13/><G13/><T126/><D126/><U29/><E29/><V57/><F71/><AGARI ba="0,0" hai="17,18,49,55,56,63,65,71" m="33835,2601" machi="71" ten="30,3900,0" yaku="6,1,52,1,54,1" doraHai="59" who="3" fromWho="2" sc="210,0,230,0,230,-39,330,39" /><INIT seed="2,0,0,3,4,45" ten="210,230,191,369" oya="2" hai0="98,42,53,117,41,111,78,57,132,15,54,123,102" hai1="56,9,96,83,120,110,23,92,85,14,32,4,19" hai2="10,118,66,90,89,75,6,108,21,69,67,50,36" hai3="113,134,122,130,51,47,70,8,112,60,24,135,62"/><V73/><F118/><W126/><G122/><T119/><D78/><U109/><E32/><V124/><F36/><W28/><G130/><T72/><D72/><U31/><E31/><V40/><F124/><W61/><G70/><T55/><D123/><U133/><E133/><N who="3" m="50698" /><G8/><T74/><D74/><U26/><E120/><V34/><F34/><N who="3" m="20743" /><G126/><T79/><D79/><U5/><E5/><V16/><F75/><W106/><G106/><T64/><D132/><U93/><E56/><V103/><F73/><W63/><N who="3" m="15360" /><DORA hai="7" /><W22/><G22/><T116/><D64/><N who="2" m="24618" /><F69/><W27/><G27/><T104/><D57/><U95/><REACH who="1" step="1"/><E96/><REACH who="1" ten="210,220,191,369" step="2"/><V65/><F65/><W121/><G121/><T52/><N who="0" m="13312" /><DORA hai="58" /><T37/><D117/><U86/><E86/><V38/><F6/><W17/><G17/><T99/><D119/><U1/><E1/><V11/><F16/><W43/><AGARI ba="0,1" hai="43,47,51,112,113" m="15360,20743,50698" machi="43" ten="50,12000,2" yaku="20,1,52,5" doraHai="45,7,58" who="3" fromWho="3" sc="210,-30,220,-30,191,-60,369,130" /><INIT seed="3,0,0,0,0,48" ten="180,190,131,499" oya="3" hai0="75,81,7,40,134,25,6,95,68,44,122,12,110" hai1="45,84,10,125,51,35,107,116,108,105,82,0,99" hai2="104,123,112,133,113,77,16,129,131,39,70,86,76" hai3="31,57,33,3,101,88,23,38,22,121,87,14,56"/><W27/><G38/><T19/><D68/><U42/><E35/><V94/><F39/><W119/><G119/><T79/><D122/><U74/><E125/><V67/><F67/><W54/><G3/><T58/><D110/><U89/><E108/><V66/><F66/><W135/><G121/><T132/><D95/><U37/><E116/><V124/><F70/><W36/><G36/><N who="0" m="21511" /><D25/><U103/><E74/><V30/><F30/><W127/><G127/><T60/><D58/><U72/><E72/><V85/><F123/><W13/><G101/><T118/><D60/><U34/><E34/><V65/><F65/><W46/><G46/><T92/><D92/><U28/><E28/><V83/><F124/><W8/><G57/><T21/><D118/><U9/><E0/><V71/><F71/><W98/><G98/><T115/><D115/><N who="2" m="44106" /><F16/><W97/><G56/><T61/><D61/><U29/><E29/><V2/><F2/><W18/><G31/><T78/><D78/><N who="2" m="30314" /><F104/><W64/><G64/><T32/><D32/><U1/><E1/><V26/><F26/><W80/><G27/><T90/><D7/><U43/><E107/><V20/><F20/><W5/><G23/><T96/><D6/><U17/><E17/><V24/><F24/><W102/><G18/><T50/><D50/><U73/><E51/><V128/><F133/><W100/><G135/><T111/><D111/><U41/><E41/><V11/><F11/><N who="1" m="4105" /><E42/><V93/><F86/><W126/><G87/><T120/><D120/><U53/><E73/><V63/><F63/><W47/><G8/><T109/><D109/><RYUUKYOKU ba="0,0" sc="180,10,190,10,131,10,499,-30" hai0="12,19,21,75,79,81,90,96,132,134" hai1="37,43,45,53,82,84,89,99,103,105" hai2="83,85,93,94,128,129,131" owari="190,-21.0,200,0.0,141,-35.9,469,56.9" /></mjloggm>