<mjloggm ver="2.3"><GO type="225" lobby="0"/><UN n0="%E5%91%A8%E6%9D%B1" n1="%4C%4F%4C%49%54%41" n2="%33%74%72%65%65" n3="%E6%A1%9C%E8%8A%B1%E9%96%83%E3%80%85" dan="16,16,17,16" rate="2194.74,2106.02,2166.75,2229.33" sx="M,F,F,M"/><TAIKYOKU oya="0"/><INIT seed="0,0,0,1,5,56" ten="250,250,250,250" oya="0" hai0="134,105,44,87,96,63,75,74,43,38,129,115,60" hai1="14,40,37,54,80,119,16,11,1,13,12,5,51" hai2="45,126,86,77,81,57,46,35,113,65,21,10,85" hai3="34,114,117,17,9,28,106,68,22,97,122,90,41"/><T19/><D115/><U7/><E119/><V53/><F113/><W39/><G114/><T92/><D129/><U6/><E1/><V32/><F126/><W121/><G117/><T48/><D134/><U104/><E104/><V49/><F21/><W73/><G73/><T15/><D105/><U79/><E40/><V93/><F10/><W31/><G9/><T59/><D87/><U111/><E37/><V131/><F131/><W67/><G41/><T0/><D0/><U103/><E103/><V66/><F46/><W83/><G39/><T25/><D25/><U82/><E111/><V95/><F35/><W33/><G83/><N who="1" m="31786" /><E79/><V112/><F32/><W23/><G90/><T47/><D75/><U24/><E24/><V42/><F112/><W64/><G106/><T58/><D74/><U110/><E110/><V2/><F2/><W61/><G97/><T50/><D38/><U100/><E100/><V72/><F72/><W26/><G26/><T127/><D127/><U69/><E69/><V20/><F20/><W3/><G3/><T99/><D92/><N who="2" m="35402" /><F86/><W123/><G123/><T94/><D94/><U101/><E101/><V71/><F71/><W133/><G68/><T116/><D116/><U89/><E89/><V102/><F102/><W88/><G88/><T118/><D118/><U84/><E84/><V55/><F42/><W18/><G133/><T30/><D43/><U29/><E29/><V70/><F70/><W128/><G128/><T132/><D132/><U76/><E76/><V98/><F98/><W62/><AGARI ba="0,0" hai="17,18,22,23,28,31,33,34,61,62,64,67,121,122" machi="62" ten="25,8000,1" yaku="0,1,22,2,52,2" doraHai="56" who="3" fromWho="3" sc="250,-40,250,-20,250,-20,250,80" /><INIT seed="1,0,0,4,1,5" ten="210,230,230,330" oya="1" hai0="119,49,115,68,102,62,10,56,26,126,65,35,20" hai1="118,2,60,11,91,78,87,45,111,135,134,30,99" hai2="121,86,27,22,108,120,4,70,67,52,9,8,112" hai3="58,127,117,12,69,1,123,6,79,128,100,13,125"/><U80/><E118/><V77/><F108/><W38/><G58/><T59/><D119/><U109/><E30/><V48/><F112/><W72/><G100/><T90/><D115/><U76/><E60/><V46/><F70/><W88/><G69/><T131/><D126/><U124/><E124/><V57/><F4/><W83/><G117/><T73/><D131/><U47/><E47/><V21/><F120/><W71/><G71/><T98/><D73/><U63/><E63/><N who="2" m="38383" /><F121/><W15/><G123/><T61/><D90/><U64/><E64/><V53/><F53/><W129/><G38/><T36/><D49/><U39/><E2/><V25/><F22/><W92/><G127/><T110/><D36/><U94/><E11/><N who="2" m="4171" /><F21/><W104/><G104/><T28/><D110/><N who="1" m="41995" /><E76/><V7/><F7/><W24/><G125/><T0/><D20/><U40/><AGARI ba="0,0" hai="39,40,45,78,80,87,91,94,99,134,135" m="41995" machi="40" ten="30,3000,0" yaku="14,1,10,1" doraHai="5" who="1" fromWho="1" sc="210,-10,230,30,230,-10,330,-10" /><INIT seed="1,1,0,2,2,24" ten="200,260,220,320" oya="1" hai0="54,71,98,123,57,134,56,78,32,61,96,132,60" hai1="82,111,27,110,117,79,21,106,47,28,45,70,115" hai2="58,34,43,105,3,97,26,107,44,122,2,11,133" hai3="15,75,16,17,103,135,36,5,1,93,114,30,80"/><U29/><E115/><V102/><F58/><W84/><G114/><T91/><D78/><U25/><E70/><V86/><F122/><W72/><G36/><T40/><D71/><U104/><E117/><V73/><F133/><N who="0" m="51306" /><D123/><U6/><E6/><N who="2" m="1495" /><F86/><W0/><G17/><T53/><D32/><U66/><E66/><V113/><F113/><W124/><G15/><T100/><D40/><U112/><E112/><V87/><F87/><W55/><G93/><N who="0" m="56383" /><D98/><U77/><E21/><V52/><F3/><W92/><G0/><T99/><D99/><U65/><E65/><V126/><F126/><W13/><G84/><T90/><D90/><U131/><E82/><V125/><F125/><W46/><G80/><T9/><D9/><U18/><REACH who="1" step="1"/><E18/><REACH who="1" ten="200,250,220,320" step="2"/><V101/><F34/><W68/><G16/><T22/><D22/><U119/><E119/><V89/><F107/><W20/><G68/><T42/><D42/><U59/><E59/><V69/><F105/><W121/><G124/><T130/><D130/><AGARI ba="1,1" hai="25,27,28,29,45,47,77,79,104,106,110,111,130,131" machi="130" ten="25,12000,1" yaku="1,1,22,2,52,2,53,0" doraHai="24" doraHaiUra="8" who="1" fromWho="0" sc="200,-123,250,133,220,0,320,0" /><INIT seed="1,2,0,4,3,20" ten="77,383,220,320" oya="1" hai0="126,0,60,96,51,31,89,43,108,112,23,72,93" hai1="35,70,111,131,11,8,24,36,107,102,53,127,97" hai2="75,7,22,49,113,1,48,6,32,52,50,4,84" hai3="118,86,120,37,57,82,44,104,114,41,38,28,130"/><U69/><E36/><V76/><F32/><W19/><G120/><T68/><D112/><U5/><E127/><V62/><F1/><W26/><G114/><T54/><D126/><U2/><E131/><V55/><F113/><W87/><G130/><T21/><D108/><U71/><E111/><V29/><F75/><W85/><G118/><T129/><D129/><U100/><E8/><V91/><F76/><W119/><G119/><T90/><D72/><U117/><E117/><V80/><F62/><W67/><G104/><T64/><D0/><U121/><E121/><V61/><F61/><W135/><G135/><T134/><D134/><U47/><E100/><V34/><F34/><W65/><G38/><T10/><D10/><U79/><E79/><V116/><F116/><W58/><G19/><T27/><D43/><U78/><E78/><V59/><F59/><W105/><G105/><T45/><REACH who="0" step="1"/><D21/><REACH who="0" ten="67,383,220,320" step="2"/><U122/><E122/><V42/><F42/><W133/><G133/><T3/><D3/><U39/><E11/><V106/><F106/><W16/><G41/><T25/><D25/><AGARI ba="2,1" hai="4,6,7,22,25,29,48,49,50,52,55,80,84,91" machi="25" ten="40,5200,0" yaku="8,1,52,1,54,1" doraHai="20" who="2" fromWho="0" sc="67,-58,383,0,220,68,320,0" /><INIT seed="2,0,0,1,1,24" ten="9,383,288,320" oya="2" hai0="73,40,116,128,96,28,74,91,63,86,23,17,30" hai1="51,112,114,41,56,135,122,33,13,21,108,77,90" hai2="61,85,16,87,4,59,107,88,79,1,58,50,26" hai3="65,43,93,130,110,7,36,42,127,15,52,8,2"/><V94/><F107/><W0/><G110/><T115/><D115/><U68/><E68/><V99/><F1/><W97/><G127/><T5/><D116/><U109/><E33/><V133/><F133/><W20/><G130/><T72/><D128/><U57/><E135/><V120/><F120/><W105/><G105/><T101/><D5/><U80/><E90/><V129/><F129/><W103/><G65/><T31/><D40/><U126/><E126/><V70/><F4/><W47/><G43/><T29/><N who="0" m="7168" /><DORA hai="92" /><T44/><D44/><N who="1" m="25999" /><E122/><V18/><F70/><W134/><G134/><T37/><D37/><U11/><E21/><N who="2" m="13607" /><F79/><W89/><G20/><T117/><D117/><U83/><E57/><N who="2" m="21515" /><F61/><W19/><G7/><T6/><D6/><N who="1" m="3319" /><E56/><V98/><F50/><W113/><G113/><N who="1" m="43626" /><E77/><V55/><F55/><W119/><G119/><T53/><D53/><U78/><E78/><V132/><F132/><W64/><G64/><T54/><D54/><U100/><E109/><V104/><F104/><W60/><G60/><T48/><D63/><U25/><E108/><V125/><F125/><W22/><G52/><T111/><D111/><U10/><E25/><V118/><F118/><W39/><G39/><T95/><D48/><U69/><E69/><V45/><F45/><W34/><G34/><T46/><D46/><U106/><E106/><V81/><F18/><N who="3" m="8551" /><G2/><T84/><D101/><U124/><E100/><V75/><F75/><W62/><G0/><T123/><D123/><U14/><E124/><V49/><F49/><W71/><G71/><T12/><AGARI ba="0,0" hai="12,17,23,72,73,74,84,86,91,95,96" m="7168" machi="12" ten="50,12000,2" yaku="0,1,52,5" doraHai="24,92" who="0" fromWho="0" sc="9,120,383,-30,288,-60,320,-30" /><INIT seed="3,0,0,0,1,87" ten="129,353,228,290" oya="3" hai0="129,58,56,61,40,86,93,26,55,30,16,121,11" hai1="65,133,122,119,63,107,118,64,38,4,109,6,75" hai2="10,130,85,78,42,126,53,89,43,70,20,90,0" hai3="82,33,76,92,41,83,111,22,116,131,49,21,79"/><W80/><G116/><N who="1" m="44586" /><E109/><V24/><F70/><W127/><G127/><T36/><D129/><U73/><E133/><V125/><F130/><W98/><G33/><T18/><D121/><U72/><E122/><V106/><F106/><W95/><G131/><T81/><D11/><U135/><E135/><V31/><F53/><W74/><G111/><T47/><D58/><N who="1" m="36983" /><E38/><V60/><F60/><W34/><G34/><T44/><D44/><U46/><E46/><V84/><F78/><N who="3" m="29739" /><G74/><T62/><D62/><U104/><E65/><V2/><F10/><W37/><G37/><T102/><D102/><U29/><E29/><V57/><F57/><W134/><G134/><T69/><D69/><U96/><E96/><V32/><F32/><W5/><G5/><AGARI ba="0,0" hai="4,5,6,72,73,75,104,107" m="36983,44586" machi="5" ten="40,1300,0" yaku="12,1" doraHai="87" who="1" fromWho="3" sc="129,0,353,13,228,0,290,-13" owari="129,-37.1,366,46.6,228,-17.2,277,7.7" /></mjloggm>