<mjloggm ver="2.3"><GO type="225" lobby="0"/><UN n0="%E3%83%96%E3%83%83%E3%83%91%E3%82%AA%E3%83%96%E3%83%81%E3%82%AD%E3%83%B3" n1="%E3%83%A9%E3%82%B9%E7%8E%87%EF%BC%93%E5%89%B2" n2="%E7%B4%94%E6%BD%94%E3%83%94%E3%83%A9%E3%83%8B%E3%82%A2" n3="%E7%9A%AE%E3%80%85" dan="17,17,17,16" rate="2220.52,2234.65,2196.89,2131.33" sx="M,F,M,F"/><TAIKYOKU oya="0"/><INIT seed="0,0,0,0,1,119" ten="250,250,250,250" oya="0" hai0="13,18,11,76,92,106,129,38,70,32,97,113,112" hai1="17,130,1,64,66,86,132,5,127,50,61,84,16" hai2="123,59,49,26,31,85,14,53,103,126,81,128,42" hai3="93,25,88,96,73,91,0,48,52,3,8,65,110"/><T102/><D129/><U57/><E130/><V108/><F108/><W115/><G115/><T83/><D38/><U6/><E132/><V60/><F126/><W75/><G110/><T27/><D70/><U107/><E107/><V46/><F128/><W111/><G111/><T40/><D40/><U77/><E127/><V99/><F14/><W74/><G65/><T63/><D63/><U43/><E64/><V4/><F4/><N who="1" m="1641" /><E1/><V39/><F123/><W100/><G25/><T104/><D104/><U79/><E50/><V47/><F99/><W68/><G68/><T58/><D58/><U15/><E43/><V94/><F94/><W133/><G133/><T72/><REACH who="0" step="1"/><D106/><REACH who="0" ten="240,250,250,250" step="2"/><U121/><E121/><V12/><F39/><W28/><G28/><AGARI ba="0,1" hai="11,13,18,27,28,32,72,76,83,92,97,102,112,113" machi="28" ten="40,3900,0" yaku="1,1,2,1,53,0" doraHai="119" doraHaiUra="135" who="0" fromWho="3" sc="240,49,250,0,250,0,250,-39" /><INIT seed="0,1,0,5,0,109" ten="289,250,250,211" oya="0" hai0="95,25,70,133,111,82,2,63,0,127,72,121,87" hai1="38,47,54,90,61,81,130,62,39,52,108,43,17" hai2="131,91,15,124,19,20,104,126,83,34,11,7,30" hai3="31,13,58,77,29,86,89,75,114,116,55,21,98"/><T101/><D121/><U27/><E27/><N who="2" m="18783" /><F91/><W49/><G116/><T3/><D111/><U117/><E17/><V85/><F85/><W51/><G51/><T99/><D127/><N who="2" m="48682" /><F83/><W102/><G114/><T134/><D72/><U97/><E97/><V36/><F36/><N who="1" m="13865" /><E90/><V24/><F104/><W16/><G77/><T132/><D25/><U69/><E81/><V103/><F103/><W78/><G78/><T26/><D26/><U74/><E74/><V40/><F40/><W33/><G33/><T66/><REACH who="0" step="1"/><D0/><REACH who="0" ten="279,250,250,211" step="2"/><U12/><E108/><V88/><F131/><W106/><REACH who="3" step="1"/><G75/><REACH who="3" ten="279,250,250,201" step="2"/><T1/><D1/><U5/><E130/><V22/><F24/><W4/><G4/><T79/><AGARI ba="1,2" hai="2,3,63,66,70,79,82,87,95,99,101,132,133,134" machi="79" ten="30,6000,0" yaku="1,1,0,1,20,1,53,0" doraHai="109" doraHaiUra="46" who="0" fromWho="0" sc="279,83,250,-21,250,-21,201,-21" /><INIT seed="0,2,0,1,0,59" ten="362,229,229,180" oya="0" hai0="113,8,75,30,125,57,87,23,103,91,124,67,13" hai1="56,129,94,24,70,110,2,128,127,80,114,6,41" hai2="46,92,52,116,54,10,135,43,112,29,35,84,108" hai3="42,27,44,122,132,28,26,134,68,74,62,34,131"/><T33/><D113/><U3/><E70/><V21/><F112/><W95/><G74/><T121/><D121/><U1/><E114/><V100/><F35/><W126/><G122/><T83/><D75/><U86/><E110/><V77/><F108/><W109/><G109/><T15/><D103/><U65/><E127/><N who="0" m="48713" /><D33/><U117/><E117/><V60/><F116/><W22/><G126/><T105/><D105/><U53/><E65/><V19/><F135/><N who="3" m="51755" /><G131/><N who="1" m="50250" /><E94/><V78/><F10/><W18/><G95/><T118/><D118/><U58/><E58/><N who="2" m="34887" /><F43/><W61/><G68/><T71/><D71/><U107/><E41/><V0/><F0/><W76/><G76/><T101/><D101/><U111/><E107/><V98/><F84/><W20/><G34/><T47/><D47/><U39/><E111/><V115/><F29/><W104/><G104/><T50/><D67/><U17/><E1/><V45/><F115/><W48/><AGARI ba="2,0" hai="18,20,22,26,27,28,42,44,48,61,62" m="51755" machi="48" ten="30,4000,0" yaku="20,1,52,2" doraHai="59" who="3" fromWho="3" sc="362,-22,229,-12,229,-12,180,46" /><INIT seed="1,0,0,3,2,30" ten="340,217,217,226" oya="1" hai0="67,125,114,44,45,83,109,60,73,118,4,82,26" hai1="131,2,1,117,14,20,62,88,111,17,52,66,91" hai2="95,123,46,79,39,15,48,94,93,54,9,99,119" hai3="6,107,113,77,7,51,72,78,85,110,28,89,58"/><U31/><E117/><V42/><F123/><W86/><G113/><T80/><D114/><U121/><E121/><V21/><F119/><W92/><G107/><T32/><D118/><U49/><E131/><V64/><F64/><W50/><G110/><T106/><D106/><U134/><E111/><V47/><F79/><N who="3" m="30219" /><G72/><T96/><D109/><U105/><E105/><V38/><F21/><W126/><G126/><T115/><D115/><U129/><E129/><V12/><F12/><W74/><G74/><T133/><D133/><U71/><E31/><V55/><F39/><W23/><G85/><T122/><D4/><N who="3" m="1577" /><G58/><T11/><D96/><U68/><E68/><V104/><F104/><W19/><G28/><T81/><D81/><U5/><E134/><V135/><F135/><W10/><G10/><T56/><D11/><U61/><E61/><V3/><F3/><W69/><G69/><T101/><D82/><U0/><REACH who="1" step="1"/><E5/><REACH who="1" ten="340,207,217,226" step="2"/><V63/><F63/><W84/><G84/><T116/><D60/><U34/><E34/><V65/><F99/><W18/><G18/><T103/><D32/><U37/><E37/><V27/><F38/><W35/><G35/><T128/><D128/><U102/><E102/><V25/><F48/><W76/><G76/><T13/><D103/><U16/><E16/><V40/><F9/><W108/><G108/><T130/><D101/><U98/><E98/><V70/><F70/><W75/><G75/><T127/><D130/><U132/><E132/><V100/><F100/><W120/><G120/><T22/><D73/><U90/><E90/><V41/><F15/><AGARI ba="0,1" hai="15,19,23,50,51,86,89,92" m="1577,30219" machi="15" ten="30,2000,0" yaku="6,1,8,1" doraHai="30" who="3" fromWho="2" sc="340,0,207,0,217,-20,226,30" /><INIT seed="2,0,0,4,1,83" ten="340,207,197,256" oya="2" hai0="127,99,6,98,101,15,68,80,130,70,38,22,71" hai1="113,50,54,110,43,53,61,78,91,8,48,92,72" hai2="25,29,49,87,55,35,105,79,94,0,19,82,17" hai3="56,14,16,135,74,120,112,117,4,134,121,20,132"/><V11/><F105/><W10/><G74/><T59/><D38/><U106/><E106/><V27/><F27/><W12/><G56/><T34/><D34/><U64/><E113/><V118/><F118/><W52/><G52/><T3/><D130/><U95/><E110/><V84/><F0/><W115/><REACH who="3" step="1"/><G117/><REACH who="3" ten="340,207,197,246" step="2"/><T32/><D59/><U13/><E72/><V45/><REACH who="2" step="1"/><F11/><REACH who="2" ten="340,207,187,246" step="2"/><W24/><G24/><T126/><D3/><U103/><E8/><V93/><F93/><W81/><G81/><T89/><D80/><U40/><E92/><V39/><F39/><W97/><G97/><T76/><D98/><U41/><E95/><V107/><F107/><W104/><G104/><T125/><D99/><U47/><E53/><V67/><F67/><W114/><AGARI ba="0,2" hai="4,10,12,14,16,20,112,114,115,120,121,132,134,135" machi="114" ten="40,16000,3" yaku="1,1,0,1,11,1,20,1,34,3,54,1,53,0" doraHai="83" doraHaiUra="60" who="3" fromWho="3" sc="340,-40,207,-40,187,-80,246,180" /><INIT seed="3,0,0,1,4,2" ten="300,167,107,426" oya="3" hai0="9,6,28,20,67,43,47,29,114,95,75,116,86" hai1="19,135,115,13,36,4,42,53,37,50,31,14,90" hai2="66,44,56,49,127,97,22,88,94,130,83,77,81" hai3="16,107,92,120,38,12,24,70,100,131,113,60,78"/><W118/><G118/><T55/><D116/><U126/><E115/><V5/><F127/><W96/><G113/><T109/><D75/><U26/><E126/><V73/><F130/><W10/><G120/><T121/><D114/><U8/><E135/><V32/><F32/><W119/><G119/><T7/><D121/><U105/><E105/><V98/><F22/><W34/><G38/><T52/><D67/><U108/><E42/><V48/><F81/><W64/><G131/><T45/><D109/><U35/><E90/><V91/><F66/><W17/><G78/><T125/><D125/><U133/><E133/><V68/><F68/><W71/><G92/><T111/><D9/><U122/><E108/><V128/><F128/><W63/><G63/><T87/><D111/><U106/><E106/><V129/><F129/><W124/><G124/><T103/><D20/><U40/><E40/><V23/><F23/><W112/><G112/><T132/><D43/><U25/><E25/><V74/><F56/><W59/><G17/><T54/><D132/><U21/><E122/><V99/><F74/><W61/><G61/><T0/><D0/><U30/><E30/><N who="0" m="11881" /><D103/><U89/><E89/><V57/><F57/><AGARI ba="0,0" hai="4,8,13,14,19,21,26,31,35,36,37,50,53,57" machi="57" ten="30,2000,0" yaku="7,1,52,1" doraHai="2" who="1" fromWho="2" sc="300,0,167,20,107,-20,426,0" owari="300,10.0,187,-21.3,87,-41.3,426,52.6" /></mjloggm>