<mjloggm ver="2.3"><GO type="225" lobby="0"/><UN n0="%E5%B8%86%E7%AB%8B%E5%A4%8F%E8%A1%A3" n1="%E6%81%A5%E6%99%92%E3%81%97" n2="%E6%98%93%E5%88%A9%E8%96%A9%E4%BC%AF" n3="%E3%81%99%E3%81%84%E3%81%BE%E3%81%9B%E3%83%BC%E3%82%93" dan="17,16,17,18" rate="2179.39,2149.02,2170.93,2187.38" sx="M,M,F,M"/><TAIKYOKU oya="0"/><INIT seed="0,0,0,5,0,27" ten="250,250,250,250" oya="0" hai0="71,125,86,66,102,92,3,113,97,107,52,115,133" hai1="77,51,124,70,111,101,22,85,96,69,72,134,30" hai2="63,23,31,32,88,103,20,18,17,1,56,50,68" hai3="127,94,99,36,75,49,118,24,128,10,33,19,60"/><T95/><D3/><U82/><E111/><V15/><F1/><W83/><G36/><T41/><D41/><U26/><E124/><V126/><F126/><W106/><G127/><T39/><D39/><U112/><E134/><V54/><F103/><W79/><G118/><T109/><D125/><U48/><E112/><V46/><F68/><W40/><G106/><T122/><D122/><U129/><E129/><V74/><F74/><W91/><G128/><T121/><D121/><U110/><E110/><V44/><F32/><W76/><G76/><T104/><D133/><U45/><E72/><V87/><F63/><W84/><G60/><T6/><D6/><U89/><E77/><V78/><F78/><W132/><G132/><T117/><D117/><U7/><E7/><V21/><F31/><W90/><G33/><T130/><D130/><U135/><E51/><V114/><F114/><W14/><G24/><T8/><D109/><U29/><E135/><V5/><F5/><W80/><G49/><T131/><D131/><U42/><REACH who="1" step="1"/><E30/><REACH who="1" ten="250,240,250,250" step="2"/><V120/><F120/><W59/><G75/><T108/><D108/><U37/><E37/><V81/><REACH who="2" step="1"/><F23/><REACH who="2" ten="250,240,240,250" step="2"/><W11/><G79/><T100/><D115/><U13/><E13/><AGARI ba="0,2" hai="13,15,17,18,20,21,44,46,50,54,56,81,87,88" machi="13" ten="30,12000,2" yaku="1,1,2,1,7,1,9,1,8,1,54,1,53,0" doraHai="27" doraHaiUra="2" who="2" fromWho="1" sc="250,0,240,-120,240,140,250,0" /><INIT seed="1,0,0,3,2,121" ten="250,120,380,250" oya="1" hai0="69,76,28,32,129,19,111,24,16,113,71,38,92" hai1="51,42,57,93,135,116,48,103,53,132,78,85,123" hai2="104,52,18,43,114,86,117,23,46,12,120,67,27" hai3="79,41,133,60,134,119,124,6,81,97,49,89,33"/><U4/><E123/><V107/><F117/><W64/><G119/><T17/><D113/><U110/><E116/><V63/><F120/><W77/><G124/><T109/><D129/><U8/><E103/><V98/><F114/><W88/><G33/><T126/><D126/><U37/><E37/><V94/><F86/><W3/><G6/><T115/><D38/><U14/><E93/><V127/><F127/><W39/><G3/><T0/><D0/><U15/><E15/><V70/><F12/><W31/><G31/><T30/><D115/><U106/><E106/><V56/><F46/><N who="3" m="25807" /><G97/><T55/><D76/><N who="3" m="29257" /><G81/><T95/><D55/><U34/><E34/><V36/><F43/><W22/><G22/><T58/><D58/><U101/><E101/><V74/><F74/><W125/><G39/><T54/><D54/><U1/><E1/><V131/><F131/><W84/><G84/><T90/><D30/><U10/><E10/><V29/><F29/><W118/><G118/><T5/><D5/><U65/><E65/><V96/><F96/><W130/><G130/><T45/><D45/><U87/><E87/><V35/><F35/><W44/><G44/><T25/><D25/><U80/><REACH who="1" step="1"/><E110/><REACH who="1" ten="250,110,380,250" step="2"/><N who="0" m="41993" /><D95/><U105/><E105/><V122/><F36/><W83/><G125/><T50/><D50/><U47/><AGARI ba="0,1" hai="4,8,14,42,47,48,51,53,57,78,80,85,132,135" machi="47" ten="30,12000,1" yaku="1,1,0,1,25,2,53,1" doraHai="121" doraHaiUra="7" who="1" fromWho="1" sc="250,-40,110,130,380,-40,250,-40" /><INIT seed="1,1,0,2,3,1" ten="210,240,340,210" oya="1" hai0="135,32,44,64,133,116,54,56,114,2,52,110,109" hai1="107,18,11,78,117,98,59,41,36,124,119,121,27" hai2="104,35,37,85,132,20,129,53,102,49,83,55,76" hai3="23,47,103,12,25,92,66,24,33,28,101,115,42"/><U86/><E121/><V65/><F35/><W67/><G115/><T82/><D32/><U105/><E36/><V97/><F37/><W73/><G73/><T91/><D114/><U75/><E41/><V39/><F39/><W134/><G134/><N who="0" m="51211" /><D2/><U111/><E59/><V113/><F113/><W31/><G12/><T88/><D116/><N who="1" m="44619" /><E18/><V126/><F129/><W45/><G92/><T38/><D82/><N who="1" m="45407" /><E27/><V71/><F71/><W14/><G14/><T112/><D112/><U9/><E11/><V120/><F65/><W95/><G95/><T80/><D80/><U26/><E9/><V131/><F49/><W50/><REACH who="3" step="1"/><G47/><REACH who="3" ten="210,240,340,200" step="2"/><T13/><D13/><U79/><E26/><V77/><F132/><W72/><G72/><T48/><D64/><AGARI ba="1,1" hai="23,24,25,28,31,33,42,45,50,64,66,67,101,103" machi="64" ten="40,1300,0" yaku="1,1,53,0" doraHai="1" doraHaiUra="3" who="3" fromWho="0" sc="210,-16,240,0,340,0,200,26" /><INIT seed="2,0,0,2,2,87" ten="194,240,340,226" oya="2" hai0="21,113,43,124,86,50,19,93,33,107,122,116,6" hai1="85,26,30,121,29,24,58,77,64,102,10,32,63" hai2="108,72,74,51,7,28,82,36,81,55,133,120,110" hai3="70,106,46,73,78,15,114,95,100,66,65,60,34"/><V39/><F120/><W40/><G106/><T47/><D107/><U90/><E121/><V98/><F28/><N who="1" m="10857" /><E32/><V54/><F7/><W11/><G34/><T53/><D33/><U3/><E3/><V131/><F98/><W75/><G114/><T104/><D104/><U17/><E102/><V135/><REACH who="2" step="1"/><F51/><REACH who="2" ten="194,240,330,226" step="2"/><W88/><G75/><T112/><D122/><U97/><E97/><V8/><F8/><W67/><G73/><T134/><D6/><U101/><E101/><V59/><F59/><W20/><G11/><T18/><D113/><U57/><E58/><V68/><F68/><W105/><G100/><T25/><D112/><U44/><E57/><V103/><F103/><W12/><G70/><T119/><D19/><U9/><E10/><V45/><F45/><W42/><G46/><T38/><D119/><U96/><E44/><V35/><F35/><W41/><G20/><T115/><D116/><U123/><E17/><V80/><F80/><W129/><G105/><T71/><D71/><U118/><E9/><V52/><F52/><W83/><G83/><T69/><D69/><U127/><E123/><V4/><F4/><W2/><G2/><T126/><D115/><U111/><E118/><V5/><F5/><W14/><G67/><T56/><REACH who="0" step="1"/><D134/><REACH who="0" ten="184,240,330,226" step="2"/><U125/><E127/><V0/><F0/><W128/><G66/><T92/><D92/><U23/><E125/><V22/><F22/><W89/><G65/><T99/><D99/><U84/><E96/><V48/><F48/><W62/><G95/><T13/><D13/><U94/><E64/><V109/><F109/><RYUUKYOKU ba="0,2" sc="184,15,240,-15,330,15,226,-15" hai0="18,21,25,38,43,47,50,53,56,86,93,124,126" hai2="36,39,54,55,72,74,81,82,108,110,131,133,135" /><INIT seed="2,1,2,3,1,74" ten="199,225,345,211" oya="2" hai0="93,110,98,121,100,117,128,102,131,55,126,67,10" hai1="103,37,44,39,57,6,94,64,95,46,62,97,79" hai2="35,26,85,56,7,88,101,87,122,22,124,38,116" hai3="3,29,52,63,130,47,84,77,86,81,25,104,36"/><V73/><F116/><W132/><G104/><T53/><D117/><U24/><E6/><V65/><F38/><W21/><G130/><N who="0" m="49707" /><D121/><U17/><E95/><V0/><F73/><W19/><G3/><T109/><D126/><U112/><E112/><V119/><F35/><W51/><G132/><T54/><D67/><U13/><E24/><V83/><F119/><W105/><G105/><N who="0" m="63639" /><D10/><N who="1" m="6327" /><E39/><V127/><F122/><W41/><G36/><T32/><D32/><U9/><E37/><V89/><F101/><W78/><G29/><T113/><D113/><U90/><E9/><V49/><F65/><W43/><G63/><T69/><D69/><U18/><E18/><V50/><F7/><W134/><G134/><T82/><D82/><AGARI ba="1,2" hai="19,21,25,41,43,47,51,52,77,78,81,82,84,86" machi="82" ten="40,8000,1" yaku="9,1,8,1,52,2,54,1" doraHai="74" who="3" fromWho="0" sc="199,-83,225,0,345,0,211,103" /><INIT seed="3,0,0,4,4,0" ten="116,225,345,314" oya="3" hai0="45,10,26,85,4,28,124,84,132,59,119,86,91" hai1="79,92,133,49,63,98,61,129,11,80,27,39,25" hai2="14,40,106,62,3,69,18,5,42,121,2,126,78" hai3="108,130,13,114,6,1,53,72,32,118,66,48,95"/><W41/><G118/><T88/><D124/><U67/><E39/><V82/><F106/><W111/><G114/><T29/><D132/><U51/><E129/><V68/><F121/><W8/><G32/><T127/><D127/><U21/><E27/><V125/><F40/><W22/><G130/><T36/><D119/><U16/><E63/><V94/><F94/><W71/><G72/><T117/><D117/><U110/><E110/><N who="3" m="42026" /><G41/><T77/><D36/><U75/><E11/><V101/><F42/><W31/><G95/><T9/><D84/><U46/><E46/><V112/><F112/><W116/><G116/><T56/><D45/><U44/><E44/><V34/><F34/><W54/><G48/><T81/><D26/><U87/><E133/><V20/><F126/><W103/><G103/><T122/><D122/><U128/><E75/><V38/><F101/><W12/><G31/><T123/><D123/><U105/><E105/><V70/><F38/><W65/><G65/><T89/><D89/><U107/><E107/><V30/><F30/><W55/><G22/><T60/><D60/><AGARI ba="0,0" hai="1,6,8,12,13,53,54,55,60,66,71" m="42026" machi="60" ten="30,5800,0" yaku="14,1,10,1,52,1" doraHai="0" who="3" fromWho="0" sc="116,-58,225,0,345,0,314,58" owari="58,-44.2,225,-17.5,345,14.5,372,47.2" /></mjloggm>