<mjloggm ver="2.3"><GO type="225" lobby="0"/><UN n0="%E3%83%A9%E3%82%B9%E7%8E%87%EF%BC%93%E5%89%B2" n1="%E8%81%B7%E6%A5%AD%E3%80%81%E9%A2%A8%32" n2="%E5%91%A8%E6%9D%B1" n3="%E6%A1%9C%E8%8A%B1%E9%96%83%E3%80%85" dan="17,16,17,16" rate="2206.56,2157.75,2183.96,2097.52" sx="F,M,M,M"/><TAIKYOKU oya="0"/><INIT seed="0,0,0,4,2,52" ten="250,250,250,250" oya="0" hai0="16,29,60,65,24,48,121,46,86,95,113,2,126" hai1="55,129,103,92,4,83,14,124,88,110,28,1,112" hai2="43,8,73,7,3,38,87,37,107,39,128,115,104" hai3="101,44,77,36,81,9,108,42,89,111,119,61,84"/><T45/><D113/><U51/><E110/><N who="3" m="42026" /><G119/><T78/><D121/><U106/><E112/><V94/><F115/><W125/><G125/><T15/><D2/><U71/><E124/><V85/><F73/><W76/><G101/><T80/><D95/><U23/><E71/><V67/><F128/><W63/><G9/><T131/><D48/><U132/><E129/><V26/><F43/><W27/><G27/><T118/><D118/><U82/><E106/><V127/><F127/><W114/><G114/><T93/><D93/><U68/><E68/><V35/><F67/><W59/><G63/><T123/><D123/><U11/><E103/><V53/><F53/><AGARI ba="0,0" hai="36,42,44,53,59,61,76,77,81,84,89" m="42026" machi="53" ten="30,2000,0" yaku="14,1,52,1" doraHai="52" who="3" fromWho="2" sc="250,0,250,0,250,-20,250,20" /><INIT seed="1,0,0,0,3,59" ten="250,250,230,270" oya="1" hai0="0,134,34,67,12,21,84,29,129,74,45,16,76" hai1="91,58,125,60,87,110,35,130,86,79,57,73,56" hai2="83,39,128,33,31,48,55,3,36,23,18,127,105" hai3="61,122,32,123,19,119,96,114,111,80,95,20,50"/><U70/><E130/><V26/><F127/><W94/><G114/><T108/><D74/><U40/><E125/><V75/><F128/><W54/><G32/><T14/><D0/><U10/><E35/><V92/><F105/><W22/><G111/><T93/><D134/><U46/><E110/><V2/><F92/><W101/><G119/><T9/><D34/><U104/><E104/><V90/><F2/><W82/><G122/><T109/><D129/><U11/><E73/><V63/><F3/><W133/><G123/><T64/><D108/><U113/><E113/><V13/><F63/><W41/><G41/><T126/><D126/><U132/><E132/><V44/><REACH who="2" step="1"/><F90/><REACH who="2" ten="250,250,220,270" step="2"/><W7/><G61/><T103/><D109/><U88/><E60/><V117/><F117/><W97/><G133/><T51/><D103/><U17/><E88/><V71/><F71/><W112/><G95/><T98/><D93/><U30/><E91/><V68/><F68/><W6/><G112/><T8/><D67/><U107/><E70/><V131/><F131/><W43/><G97/><T24/><D64/><U89/><E107/><V77/><AGARI ba="0,1" hai="13,18,23,26,31,33,36,39,44,48,55,75,77,83" machi="77" ten="30,2000,0" yaku="1,1,0,1,53,0" doraHai="59" doraHaiUra="4" who="2" fromWho="2" sc="250,-5,250,-10,220,30,270,-5" /><INIT seed="2,0,0,5,5,74" ten="245,240,250,265" oya="2" hai0="80,19,94,26,134,68,120,119,126,50,109,77,81" hai1="64,9,92,90,63,78,124,125,21,87,32,79,14" hai2="18,115,28,43,114,99,54,85,116,37,62,24,4" hai3="76,118,75,107,110,46,117,31,12,1,133,38,52"/><V36/><F116/><W102/><G12/><T101/><D119/><U98/><E21/><V35/><F4/><W129/><G110/><T20/><D120/><U34/><E32/><V69/><F18/><W97/><G129/><T11/><D134/><U103/><E34/><V128/><F128/><W112/><G133/><T2/><D126/><N who="1" m="48747" /><E63/><V16/><F69/><W10/><G31/><T15/><D68/><U57/><E57/><V84/><F62/><W51/><G112/><T106/><D106/><N who="1" m="63863" /><E64/><V59/><F114/><W82/><G38/><T65/><D109/><U30/><E30/><V7/><F115/><W23/><REACH who="3" step="1"/><G23/><REACH who="3" ten="245,240,250,255" step="2"/><T55/><D20/><U8/><E8/><V86/><F36/><W48/><G48/><T72/><D50/><U83/><E14/><V100/><F37/><W105/><G105/><T13/><D15/><U104/><E9/><V42/><F7/><AGARI ba="0,1" hai="1,7,10,46,51,52,75,76,82,97,102,107,117,118" machi="7" ten="40,5200,0" yaku="1,1,52,1,54,1,53,0" doraHai="74" doraHaiUra="56" who="3" fromWho="2" sc="245,0,240,0,250,-52,255,62" /><INIT seed="3,0,0,2,1,24" ten="245,240,198,317" oya="3" hai0="56,102,81,110,68,25,133,134,86,85,60,6,103" hai1="90,42,58,4,87,106,36,33,74,76,28,49,105" hai2="34,123,22,107,116,125,96,72,12,29,0,16,59" hai3="64,93,55,11,14,117,127,43,122,40,84,115,61"/><W15/><G122/><T126/><D110/><U97/><E36/><V132/><F125/><W23/><G115/><T75/><D68/><U53/><E42/><V1/><F72/><W99/><G117/><T92/><D6/><U54/><E4/><V114/><F114/><W89/><G127/><T27/><D75/><U21/><E33/><V44/><F116/><W13/><G55/><T3/><D3/><U101/><E105/><V131/><F123/><W26/><G11/><T135/><D86/><U80/><E54/><V38/><F132/><W10/><G10/><T82/><D82/><U52/><E53/><V45/><F131/><W2/><G2/><T39/><D39/><U88/><REACH who="1" step="1"/><E74/><REACH who="1" ten="245,230,198,317" step="2"/><V119/><F119/><W35/><G35/><T95/><D126/><U30/><E30/><V124/><F124/><W100/><G64/><N who="0" m="38919" /><D134/><U111/><E111/><V113/><F113/><W47/><G47/><T70/><D135/><U50/><E50/><V46/><F38/><W65/><G65/><T32/><D32/><U41/><E41/><V130/><F130/><W78/><G61/><T77/><D133/><U91/><E91/><V121/><F121/><W129/><G129/><T112/><D112/><U17/><E17/><V7/><F107/><N who="3" m="63903" /><G40/><T128/><D128/><U62/><E62/><V66/><F66/><W118/><G43/><T94/><D103/><U71/><E71/><V63/><F7/><W19/><G118/><T18/><D70/><U31/><E31/><V9/><F34/><W104/><G104/><T109/><D109/><U48/><E48/><V108/><F108/><RYUUKYOKU ba="0,1" sc="245,-15,230,15,198,-15,317,15" hai1="21,28,49,52,58,76,80,87,88,90,97,101,106" hai3="13,14,15,19,23,26,78,84,89,93" owari="230,-17.0,245,4.5,183,-31.7,342,44.2" /></mjloggm>