<mjloggm ver="2.3"><GO type="225" lobby="0"/><UN n0="%72%65%6E%6B%75%6E" n1="%E3%83%81%E3%83%83%E3%82%BF%E3%82%BD%E3%83%BC" n2="%E6%81%A5%E6%99%92%E3%81%97" n3="%E3%80%93%E3%81%97%E3%83%BC%E3%82%89%E3%80%93" dan="17,16,16,16" rate="2257.55,2092.15,2200.24,2146.93" sx="M,F,M,M"/><TAIKYOKU oya="0"/><INIT seed="0,0,0,1,3,0" ten="250,250,250,250" oya="0" hai0="77,66,71,51,2,76,52,40,47,4,32,6,107" hai1="55,8,89,85,23,130,5,61,87,31,111,129,38" hai2="27,3,105,90,78,30,26,16,24,98,117,53,135" hai3="63,124,58,91,62,83,116,48,106,97,104,25,102"/><T18/><D107/><U41/><E111/><V133/><F117/><W36/><G36/><T95/><D32/><U50/><E61/><V68/><F68/><W74/><G116/><T10/><D71/><U84/><E89/><V88/><F78/><N who="0" m="30314" /><D66/><U14/><E41/><V81/><F3/><W60/><G124/><T65/><D65/><U122/><E38/><V19/><F30/><W33/><G74/><T59/><D2/><U131/><E122/><V49/><F81/><W110/><G110/><T28/><D28/><U70/><E70/><V46/><F105/><W118/><G118/><T21/><D10/><U37/><E37/><V82/><F90/><W57/><G106/><T54/><D95/><U125/><E125/><V67/><F67/><W101/><G101/><T99/><D99/><U113/><E113/><V1/><F1/><W92/><G83/><T69/><D69/><U128/><N who="1" m="32768" /><DORA hai="12" /><U127/><E127/><V13/><F13/><W109/><G109/><T108/><D108/><U44/><E87/><N who="2" m="50295" /><F98/><W73/><G73/><T96/><D96/><U56/><REACH who="1" step="1"/><E44/><REACH who="1" ten="250,240,250,250" step="2"/><V7/><F7/><N who="0" m="2602" /><D59/><U42/><E42/><V94/><F94/><W121/><G104/><T45/><D45/><U75/><E75/><V39/><F39/><W126/><G126/><T9/><D9/><U134/><E134/><AGARI ba="0,1" hai="16,19,24,26,27,46,49,53,133,134,135" m="50295" machi="134" ten="30,8000,1" yaku="20,1,52,2,54,2" doraHai="0,12" who="2" fromWho="1" sc="250,0,240,-80,250,90,250,0" /><INIT seed="1,0,0,1,2,45" ten="250,160,340,250" oya="1" hai0="114,18,47,105,111,126,113,92,14,0,68,125,56" hai1="49,79,24,11,134,81,83,103,91,75,8,73,6" hai2="82,110,129,94,100,29,77,36,41,71,59,62,99" hai3="107,4,15,69,9,70,127,19,98,89,118,131,101"/><U50/><E134/><V78/><F110/><W26/><G127/><N who="0" m="48651" /><D68/><U51/><E103/><V32/><F129/><W13/><G131/><T53/><D105/><U109/><E109/><V119/><F119/><W122/><G122/><T55/><D0/><U76/><E91/><V1/><F1/><W33/><G118/><T112/><D111/><U58/><E24/><V106/><F94/><W30/><REACH who="3" step="1"/><G89/><REACH who="3" ten="250,160,340,240" step="2"/><T27/><D27/><U57/><REACH who="1" step="1"/><E11/><AGARI ba="0,1" hai="4,9,11,13,15,19,26,30,33,69,70,98,101,107" machi="11" ten="30,3900,0" yaku="1,1,2,1,7,1,53,0" doraHai="45" doraHaiUra="48" who="3" fromWho="1" sc="250,0,160,-39,340,0,240,49" /><INIT seed="2,0,0,2,3,96" ten="250,121,340,289" oya="2" hai0="132,9,38,6,124,88,21,47,126,86,32,83,10" hai1="24,107,62,131,20,80,36,82,71,90,91,63,28" hai2="100,8,81,67,40,73,34,61,41,104,116,95,30" hai3="125,84,25,106,57,19,12,50,31,129,85,13,127"/><V45/><F116/><W128/><G106/><T134/><D32/><U87/><E131/><N who="3" m="50250" /><G57/><T70/><D70/><U3/><E3/><V112/><F112/><W60/><G60/><T58/><D21/><U110/><E110/><V92/><F8/><N who="0" m="3178" /><D6/><U69/><E36/><V109/><F109/><W22/><G50/><T56/><D47/><U23/><E107/><V7/><F7/><W44/><G44/><T11/><N who="0" m="3186" /><T72/><DORA hai="105" /><D72/><U111/><E111/><V18/><F18/><W15/><G85/><T133/><D38/><U1/><E1/><V97/><F81/><W14/><G84/><T29/><D29/><U16/><E87/><V49/><F41/><W103/><G103/><T77/><D77/><U68/><E80/><V108/><F108/><W120/><G120/><T4/><D4/><U121/><E121/><V76/><F76/><W122/><G122/><T98/><D98/><U48/><E48/><V75/><F95/><W101/><G101/><T123/><D123/><U119/><E119/><V33/><F92/><W102/><G102/><T78/><D78/><U42/><E42/><V94/><F34/><AGARI ba="0,0" hai="12,13,14,15,19,22,25,31,34,125,127" m="50250" machi="34" ten="30,3900,0" yaku="19,1,34,2" doraHai="96,105" who="3" fromWho="2" sc="250,0,121,0,340,-39,289,39" /><INIT seed="3,0,0,0,1,97" ten="250,121,301,328" oya="3" hai0="133,132,107,19,32,72,131,28,41,81,85,18,30" hai1="73,94,99,6,90,109,98,29,8,49,27,23,20" hai2="0,46,58,7,2,86,80,74,103,11,55,96,54" hai3="127,53,106,111,83,14,69,93,102,64,110,128,5"/><W1/><G1/><T77/><D41/><U76/><E109/><N who="3" m="41482" /><G127/><T67/><D67/><U40/><E76/><V63/><F74/><W16/><G5/><T79/><D107/><U13/><E73/><V89/><F46/><W125/><G125/><T65/><D65/><U44/><E20/><V9/><F9/><N who="3" m="6223" /><G128/><T50/><D72/><U52/><E40/><V51/><F0/><W62/><G53/><T59/><D131/><U60/><E60/><V134/><F134/><W117/><G83/><T120/><D120/><U108/><E108/><V48/><F55/><W37/><G37/><T70/><D70/><U43/><REACH who="1" step="1"/><E43/><REACH who="1" ten="250,111,301,328" step="2"/><V26/><F26/><W118/><G106/><AGARI ba="0,1" hai="2,7,11,48,51,54,58,63,80,86,89,96,103,106" machi="106" ten="30,2000,0" yaku="7,1,52,1" doraHai="97" who="2" fromWho="3" sc="250,0,111,0,301,30,328,-20" owari="250,-15.0,111,-38.9,331,43.1,308,10.8" /></mjloggm>