<mjloggm ver="2.3"><GO type="225" lobby="0"/><UN n0="%E6%9C%88%E5%B3%B6%E5%9F%BA" n1="%E3%81%8B%E3%82%8F%E3%81%A1%E3%82%83%E3%82%93%35%38" n2="%E3%81%95%E3%81%8D%E3%81%9F%E3%81%BE%E6%9E%97%E6%AA%8E" n3="%4D%2E%61%72%74%65%74%61" dan="17,16,16,16" rate="2185.22,2149.25,2114.45,2195.81" sx="M,M,M,M"/><TAIKYOKU oya="0"/><INIT seed="0,0,0,2,4,73" ten="250,250,250,250" oya="0" hai0="52,96,45,134,126,44,14,106,102,121,98,12,87" hai1="99,94,49,123,128,27,109,20,129,69,131,122,13" hai2="24,83,105,5,66,65,78,57,19,43,93,2,1" hai3="7,103,118,125,111,71,63,133,9,53,85,17,23"/><T119/><D119/><U31/><E69/><V117/><F105/><W101/><G118/><T64/><D121/><U40/><E109/><V127/><F117/><W135/><G111/><T75/><D75/><U58/><E13/><V124/><F43/><W33/><G33/><T132/><D126/><N who="2" m="48170" /><F93/><W15/><G125/><T48/><D64/><N who="2" m="24682" /><F5/><W67/><G53/><T104/><D87/><U37/><E37/><V114/><F114/><W29/><G29/><T54/><D48/><U36/><E36/><V4/><F4/><W80/><G135/><T18/><D18/><U68/><E68/><V56/><F24/><W113/><G113/><T26/><D102/><U25/><E25/><AGARI ba="0,0" hai="12,14,25,26,44,45,52,54,96,98,104,106,132,134" machi="25" ten="25,4800,0" yaku="22,2,54,1" doraHai="73" who="0" fromWho="1" sc="250,48,250,-48,250,0,250,0" /><INIT seed="0,1,0,0,4,11" ten="298,202,250,250" oya="0" hai0="85,88,75,7,28,13,36,92,33,125,122,34,87" hai1="73,98,120,101,55,127,67,70,25,46,116,3,109" hai2="26,20,14,72,74,53,31,128,90,121,12,63,32" hai3="96,59,134,57,37,56,91,118,50,9,97,40,52"/><T24/><BYE who="2" /><D122/><UN n2="%E3%81%95%E3%81%8D%E3%81%9F%E3%81%BE%E6%9E%97%E6%AA%8E" /><U60/><E120/><V66/><F121/><W64/><G118/><T113/><D75/><U107/><E116/><V117/><F117/><W93/><G134/><T123/><D113/><U112/><E112/><V115/><F115/><W100/><G37/><T5/><D36/><U81/><E109/><V86/><F128/><W47/><G64/><T35/><D123/><U15/><E3/><V6/><F53/><W54/><REACH who="3" step="1"/><G9/><REACH who="3" ten="298,202,250,240" step="2"/><T58/><D125/><U104/><E127/><V76/><F74/><W124/><G124/><T99/><D35/><U61/><E67/><V129/><F72/><W131/><G131/><T22/><D34/><U82/><E73/><V2/><F129/><W83/><G83/><T4/><D33/><U62/><E70/><V41/><F32/><W17/><G17/><T23/><D58/><U1/><E81/><V102/><F66/><W65/><G65/><T49/><D49/><U21/><E82/><V69/><F69/><W130/><G130/><T38/><D38/><U68/><E68/><V27/><F63/><W45/><G45/><T111/><D111/><U78/><E61/><V39/><F39/><W77/><G77/><T30/><D30/><N who="1" m="17711" /><E62/><V135/><F76/><W103/><G103/><T16/><AGARI ba="1,1" hai="4,5,7,13,16,22,23,24,28,85,87,88,92,99" machi="16" ten="30,12000,1" yaku="0,1,8,1,52,1,54,2" doraHai="11" who="0" fromWho="0" sc="298,133,202,-41,250,-41,240,-41" /><INIT seed="0,2,0,5,0,12" ten="431,161,209,199" oya="0" hai0="51,126,97,7,69,40,27,21,117,124,67,125,72" hai1="47,115,119,46,122,38,56,24,103,68,18,123,96" hai2="52,60,44,13,87,90,92,59,62,114,41,71,104" hai3="30,64,42,31,57,28,111,6,107,58,53,129,101"/><T20/><D117/><U5/><E119/><V3/><F114/><W34/><G111/><T19/><D72/><U99/><E68/><V94/><F104/><W91/><G129/><T35/><D7/><U39/><E5/><V49/><F3/><W36/><G6/><T135/><D135/><U110/><E56/><V32/><F32/><W88/><G107/><T131/><D131/><U89/><E89/><V112/><F112/><W70/><G34/><T93/><D35/><U83/><E115/><V113/><F113/><W134/><G101/><T61/><D21/><U74/><E110/><V84/><F71/><W77/><G134/><T45/><REACH who="0" step="1"/><D125/><REACH who="0" ten="421,161,209,199" step="2"/><U33/><E33/><V118/><F118/><W4/><G4/><T55/><D55/><U76/><E74/><V17/><F92/><W63/><G53/><T43/><D43/><U102/><E123/><V100/><F100/><AGARI ba="2,1" hai="19,20,27,40,45,51,61,67,69,93,97,100,124,126" machi="100" ten="40,3900,0" yaku="1,1,52,1,53,0" doraHai="12" doraHaiUra="128" who="0" fromWho="2" sc="421,55,161,0,209,-45,199,0" /><INIT seed="0,3,0,0,1,14" ten="476,161,164,199" oya="0" hai0="74,94,119,99,68,69,116,104,88,80,62,35,11" hai1="53,23,20,16,64,89,71,4,43,44,57,133,63" hai2="26,2,124,115,77,110,3,39,96,72,126,47,49" hai3="32,51,125,107,120,37,10,90,7,9,105,75,17"/><T102/><D35/><U50/><E133/><V112/><F39/><W82/><G37/><T12/><D69/><U128/><E128/><V130/><F130/><W22/><G32/><T46/><D46/><U8/><E89/><V13/><F110/><W117/><G117/><T5/><D68/><U78/><E78/><V29/><F96/><W92/><G125/><N who="2" m="48233" /><F77/><W33/><G33/><T38/><D38/><U81/><E81/><V103/><F103/><W67/><G120/><T6/><D62/><U31/><E31/><V79/><F79/><W86/><G75/><T114/><D80/><U55/><E23/><N who="2" m="15583" /><F72/><W132/><G132/><T101/><D114/><N who="2" m="43562" /><F13/><W106/><G67/><T85/><D74/><U59/><E59/><V61/><F61/><W30/><G106/><T56/><D56/><U122/><E122/><V100/><F100/><W113/><G107/><T95/><D102/><U76/><E76/><V84/><F84/><W0/><G105/><T45/><D104/><U34/><E34/><V93/><F93/><W41/><G92/><T111/><D111/><U123/><E123/><V52/><AGARI ba="3,0" hai="2,3,47,49,52" m="43562,15583,48233" machi="52" ten="30,2000,0" yaku="18,1,54,1" doraHai="14" who="2" fromWho="2" sc="476,-13,161,-8,164,29,199,-8" /><INIT seed="1,0,0,1,1,5" ten="463,153,193,191" oya="1" hai0="99,95,126,131,127,16,69,44,135,78,81,33,103" hai1="10,101,20,129,29,8,58,96,124,17,18,116,43" hai2="41,14,64,22,1,85,28,60,48,119,76,6,105" hai3="55,107,31,12,89,32,118,80,39,117,9,2,49"/><U108/><E116/><N who="3" m="44650" /><G107/><T123/><D33/><U86/><E129/><V56/><F105/><W100/><G39/><T25/><D69/><U110/><E124/><N who="0" m="47657" /><D123/><U21/><E43/><V50/><F119/><W122/><G100/><T133/><D44/><U27/><E86/><V132/><F132/><W46/><G2/><T11/><D131/><U120/><E58/><V34/><F34/><W93/><G80/><T68/><D68/><U91/><E91/><V88/><F76/><W112/><G112/><T104/><D104/><U73/><E73/><V90/><F1/><W47/><G122/><T106/><D106/><U83/><E83/><V94/><F90/><W66/><G66/><T115/><D115/><U130/><E130/><V45/><F28/><W52/><G31/><T61/><D61/><U84/><E84/><V54/><F22/><N who="1" m="8809" /><E96/><V3/><F3/><W51/><G32/><T15/><D25/><U72/><E72/><AGARI ba="0,0" hai="11,15,16,72,78,81,95,99,103,133,135" m="47657" machi="72" ten="30,3900,0" yaku="18,1,52,1,54,1" doraHai="5" who="0" fromWho="1" sc="463,39,153,-39,193,0,191,0" /><INIT seed="2,0,0,5,4,26" ten="502,114,193,191" oya="2" hai0="126,31,76,46,72,93,18,42,110,83,41,55,22" hai1="8,63,125,13,97,107,135,27,11,117,64,44,33" hai2="10,23,134,66,58,52,57,131,25,78,51,91,56" hai3="121,112,30,71,106,62,49,68,34,127,16,12,98"/><V74/><F131/><W14/><G121/><T45/><D110/><U0/><E117/><V28/><F134/><W133/><G133/><T123/><D123/><U6/><E135/><V122/><F122/><W92/><G127/><T124/><D31/><U95/><E125/><N who="0" m="48233" /><D93/><U73/><E73/><V40/><F40/><N who="0" m="15466" /><D55/><U89/><E44/><N who="2" m="27751" /><F74/><W82/><G106/><T90/><D90/><U115/><E115/><V39/><F39/><W108/><G108/><T118/><D118/><U101/><E27/><AGARI ba="0,0" hai="18,22,27,45,46,72,76,83" m="15466,48233" machi="27" ten="30,1000,0" yaku="18,1" doraHai="26" who="0" fromWho="1" sc="502,10,114,-10,193,0,191,0" /><INIT seed="3,0,0,0,3,50" ten="512,104,193,191" oya="3" hai0="65,62,9,12,54,0,111,29,114,38,119,28,97" hai1="33,22,84,37,102,122,73,20,80,83,112,53,66" hai2="94,88,16,42,23,125,124,128,79,113,18,133,87" hai3="118,44,81,77,99,109,71,72,14,5,85,105,56"/><W96/><G71/><T31/><D119/><U52/><E122/><V25/><F133/><W86/><G118/><T51/><D38/><U1/><E112/><V131/><F113/><W15/><G109/><T135/><D0/><U46/><E33/><V27/><F42/><W26/><G72/><T45/><D114/><U30/><E1/><V108/><F108/><W92/><G44/><T82/><D135/><U123/><E123/><V43/><F43/><W69/><G69/><T11/><D111/><U36/><E102/><V106/><F106/><W47/><G47/><T61/><D97/><U120/><E120/><V21/><F79/><W2/><G86/><T117/><D117/><U24/><E66/><V76/><F76/><W63/><G26/><T127/><D127/><AGARI ba="0,0" hai="16,18,21,23,25,27,87,88,94,124,125,127,128,131" machi="127" ten="40,8000,1" yaku="9,1,18,1,54,2" doraHai="50" who="2" fromWho="0" sc="512,-80,104,0,193,80,191,0" owari="432,53.2,104,-39.6,273,7.3,191,-20.9" /></mjloggm>