<mjloggm ver="2.3"><GO type="225" lobby="0"/><UN n0="%E5%91%A8%E6%9D%B1" n1="%E5%91%89%E5%AF%8C%E6%98%A5" n2="%E9%A6%AC%E5%BC%95%E7%81%AB%33" n3="%E7%99%BD%E5%80%89%E5%AF%9B%E4%B9%8B" dan="16,16,17,16" rate="2150.54,2116.76,2194.43,2131.34" sx="M,M,M,M"/><TAIKYOKU oya="0"/><INIT seed="0,0,0,0,1,52" ten="250,250,250,250" oya="0" hai0="116,43,131,23,94,57,123,26,118,64,69,110,36" hai1="75,45,30,13,18,12,59,4,73,74,50,21,28" hai2="80,5,78,65,71,99,62,108,51,47,76,35,20" hai3="126,22,125,39,128,14,10,114,133,112,15,100,85"/><T8/><D123/><U81/><E81/><V55/><F108/><W135/><G39/><T121/><D121/><U3/><E3/><V11/><F35/><W56/><G100/><T120/><D120/><U41/><REACH who="1" step="1"/><E59/><REACH who="1" ten="250,240,250,250" step="2"/><V42/><F80/><W17/><G56/><T49/><D110/><U46/><E46/><V37/><F76/><W101/><G128/><T68/><D131/><U129/><E129/><V79/><F79/><W104/><G104/><T2/><D57/><U24/><E24/><V25/><F78/><W111/><G111/><T130/><D130/><U7/><E7/><V77/><F77/><W117/><G117/><T132/><D118/><U115/><E115/><N who="3" m="44074" /><G101/><T96/><D116/><U109/><E109/><V95/><F25/><W82/><G82/><T19/><D2/><U44/><E44/><V105/><F5/><N who="3" m="3407" /><G85/><T97/><D26/><U16/><E16/><V9/><F47/><W98/><G98/><T33/><D19/><U87/><E87/><V89/><F99/><W1/><G1/><T86/><D86/><U48/><E48/><V127/><F51/><W31/><G31/><T58/><D49/><U92/><E92/><V119/><F95/><W61/><G61/><T113/><D94/><U32/><E32/><V53/><F62/><W38/><G38/><T67/><D36/><U84/><E84/><V103/><F37/><W124/><AGARI ba="0,1" hai="15,17,22,124,125,126,133,135" m="3407,44074" machi="124" ten="40,5200,0" yaku="18,1,34,2" doraHai="52" who="3" fromWho="3" sc="250,-26,240,-13,250,-13,250,62" /><INIT seed="1,0,0,0,5,1" ten="224,227,237,312" oya="1" hai0="123,10,65,26,133,127,62,114,12,113,85,87,21" hai1="18,7,13,99,84,90,25,16,11,82,59,14,110" hai2="31,129,103,96,106,126,122,15,79,132,28,50,58" hai3="24,112,77,69,83,4,33,52,66,109,76,35,117"/><U57/><E110/><V93/><F122/><W121/><G109/><T46/><D127/><U38/><E38/><V115/><F126/><W40/><G121/><T131/><D123/><U43/><E43/><V39/><F39/><W30/><G112/><T97/><D131/><U48/><E48/><V41/><F129/><W55/><G35/><T19/><D133/><U105/><E25/><V120/><F120/><W70/><G76/><T54/><D97/><U47/><E47/><V45/><F132/><W101/><G40/><T29/><D114/><U116/><E116/><V3/><F3/><W17/><G17/><T100/><D100/><U135/><E135/><V49/><F115/><W94/><G4/><T81/><D113/><U130/><E130/><V98/><F79/><W53/><G66/><T5/><D29/><U22/><REACH who="1" step="1"/><E18/><REACH who="1" ten="224,217,237,312" step="2"/><V75/><F49/><W88/><G117/><T56/><D81/><U64/><E64/><V36/><F36/><W2/><G24/><T86/><D46/><U44/><E44/><V60/><F45/><W91/><G83/><T71/><D71/><U89/><E89/><V68/><F31/><W119/><G70/><T78/><D78/><U73/><E73/><V27/><F75/><W128/><G69/><T32/><D32/><U104/><E104/><V74/><F106/><W34/><G128/><T102/><D102/><AGARI ba="0,1" hai="7,11,13,14,16,22,57,59,82,84,90,99,102,105" machi="102" ten="40,7700,0" yaku="1,1,52,1,54,1,53,0" doraHai="1" doraHaiUra="107" who="1" fromWho="0" sc="224,-77,217,87,237,0,312,0" /><INIT seed="1,1,0,0,4,1" ten="147,304,237,312" oya="1" hai0="69,89,119,85,54,120,113,76,44,67,123,52,126" hai1="10,129,104,105,78,112,80,25,47,115,66,65,49" hai2="73,56,87,57,70,24,7,41,5,31,3,63,42" hai3="109,81,8,93,51,62,2,15,121,82,64,103,90"/><U131/><E25/><V33/><F73/><W21/><G121/><N who="0" m="46667" /><D76/><U45/><E10/><V102/><F70/><W125/><G109/><T135/><D119/><U127/><E78/><V117/><F117/><W4/><G125/><T14/><D126/><U11/><E11/><V68/><F68/><W9/><G21/><T99/><D113/><U106/><E127/><V96/><F87/><W94/><G51/><T84/><D135/><U101/><E80/><V23/><F33/><W48/><G48/><N who="0" m="28679" /><D54/><U114/><E101/><V108/><F3/><W55/><G55/><T39/><D39/><U20/><E20/><V100/><F100/><W26/><G103/><T35/><D35/><U122/><E122/><V18/><F18/><W88/><G26/><T43/><D43/><U71/><E71/><V132/><F132/><W118/><G118/><T72/><D72/><U53/><REACH who="1" step="1"/><E45/><REACH who="1" ten="147,294,237,312" step="2"/><V107/><F102/><W75/><G9/><T34/><D34/><U12/><E12/><V58/><F23/><W40/><G15/><T86/><D14/><U59/><E59/><V50/><F56/><W38/><G82/><T130/><D130/><AGARI ba="1,1" hai="47,49,53,65,66,104,105,106,112,114,115,129,130,131" machi="130" ten="50,4800,0" yaku="1,1,19,1,53,0" doraHai="1" doraHaiUra="97" who="1" fromWho="0" sc="147,-51,294,61,237,0,312,0" /><INIT seed="1,2,0,1,0,92" ten="96,355,237,312" oya="1" hai0="125,89,80,62,19,74,98,48,57,124,79,32,25" hai1="5,131,114,97,128,2,66,40,68,70,81,28,20" hai2="123,76,50,18,4,47,64,26,38,15,71,109,51" hai3="36,8,46,102,95,119,77,117,7,49,134,1,83"/><U55/><E40/><V93/><F123/><W3/><G134/><T126/><D48/><U112/><E81/><V116/><F116/><N who="3" m="44619" /><G36/><T52/><D19/><U34/><E55/><V130/><F109/><W10/><G95/><T30/><REACH who="0" step="1"/><D89/><REACH who="0" ten="86,355,237,312" step="2"/><U100/><E114/><V96/><F50/><W82/><G49/><T115/><D115/><U17/><E17/><V45/><F18/><W113/><G113/><T23/><D23/><U59/><E20/><V91/><F91/><W111/><G10/><T107/><D107/><U129/><E112/><V88/><F88/><W85/><G8/><T35/><D35/><U121/><E121/><V72/><F51/><W42/><G42/><T39/><D39/><U105/><E34/><V99/><F38/><W104/><G104/><T127/><N who="0" m="31744" /><DORA hai="106" /><T58/><D58/><U133/><E133/><V94/><F45/><W78/><G46/><T132/><D132/><U9/><REACH who="1" step="1"/><E28/><REACH who="1" ten="86,345,237,312" step="2"/><V101/><F47/><W61/><G83/><T41/><D41/><U29/><E29/><V135/><F135/><W86/><G82/><T90/><D90/><U63/><AGARI ba="2,2" hai="2,5,9,59,63,66,68,70,97,100,105,128,129,131" machi="63" ten="40,12000,1" yaku="1,1,0,1,19,1,52,1,53,1" doraHai="92,106" doraHaiUra="103,110" who="1" fromWho="1" sc="86,-42,345,146,237,-42,312,-42" /><INIT seed="1,3,0,0,2,36" ten="44,491,195,270" oya="1" hai0="4,24,40,108,51,22,91,32,110,114,97,111,27" hai1="123,9,72,18,126,78,47,46,10,45,118,84,109" hai2="60,38,34,112,90,53,12,59,73,25,62,132,16" hai3="117,41,87,100,35,8,26,3,52,57,76,121,119"/><U54/><E118/><N who="3" m="45066" /><G121/><T89/><D114/><U37/><E123/><V14/><F112/><W116/><G100/><T63/><D4/><U6/><E126/><V83/><F38/><W71/><G71/><T93/><D63/><U69/><E69/><V68/><F132/><W21/><G35/><T55/><D32/><U80/><E109/><V2/><F2/><W13/><G3/><T1/><D1/><U65/><E65/><V94/><F83/><N who="3" m="47591" /><G116/><T131/><D131/><U43/><E54/><V17/><F73/><W106/><G106/><T133/><D133/><U130/><E130/><V107/><F107/><W104/><G104/><T33/><D33/><U92/><E10/><V101/><F101/><W113/><G113/><T11/><D11/><U64/><E18/><V82/><F82/><W42/><G13/><T23/><D91/><U39/><E64/><N who="2" m="40967" /><F34/><W86/><G86/><T67/><D67/><U44/><E39/><V103/><F103/><W48/><G8/><T31/><D27/><U79/><E79/><V56/><F56/><W135/><G135/><T50/><D23/><U127/><E127/><V124/><F17/><AGARI ba="3,0" hai="17,21,26,41,42,48,52,57" m="47591,45066" machi="17" ten="30,7700,0" yaku="12,1,52,2,54,1" doraHai="36" who="3" fromWho="2" sc="44,0,491,0,195,-86,270,86" /><INIT seed="2,0,0,2,0,33" ten="44,491,109,356" oya="2" hai0="117,52,123,115,89,124,28,119,55,39,129,46,7" hai1="100,31,106,114,122,107,65,43,63,94,90,75,18" hai2="20,0,62,67,77,108,4,12,79,86,19,72,27" hai3="116,57,104,118,53,41,29,74,111,134,34,44,109"/><V73/><F108/><N who="3" m="41547" /><G74/><T38/><D28/><U37/><E114/><V83/><F79/><W96/><G96/><T15/><D15/><U113/><E113/><V120/><F120/><W42/><G104/><T47/><D7/><U48/><E122/><V69/><REACH who="2" step="1"/><F12/><REACH who="2" ten="44,491,99,356" step="2"/><W84/><G118/><N who="0" m="45067" /><D123/><U103/><E75/><V78/><F78/><W71/><G116/><T26/><D26/><U133/><E133/><V98/><F98/><W45/><G134/><T121/><D121/><U16/><E106/><V80/><F80/><W128/><G84/><T21/><D115/><U92/><E107/><V97/><F97/><W13/><G13/><T3/><D129/><U88/><E94/><V49/><F49/><W87/><G128/><T58/><D124/><U30/><E48/><V81/><F81/><W40/><G87/><T66/><D89/><U60/><E92/><V105/><F105/><W9/><G41/><N who="0" m="22839" /><D3/><U135/><E43/><V70/><F70/><W61/><G71/><T25/><D25/><U6/><E135/><V23/><F23/><W85/><G42/><N who="0" m="23007" /><D21/><U14/><E14/><V17/><F17/><W127/><G40/><T91/><D91/><U110/><E110/><V132/><F132/><W125/><G127/><T22/><D22/><U35/><E35/><V50/><F50/><W59/><G125/><T131/><D131/><U1/><E1/><V32/><F32/><W101/><G34/><T130/><D130/><U56/><E90/><V102/><F102/><W126/><G101/><T36/><D36/><U95/><E37/><V10/><AGARI ba="0,1" hai="0,4,10,19,20,27,62,67,69,72,73,77,83,86" machi="10" ten="30,6000,0" yaku="1,1,0,1,52,1,53,0" doraHai="33" doraHaiUra="93" who="2" fromWho="2" sc="44,-20,491,-20,99,70,356,-20" /><INIT seed="2,1,0,3,2,102" ten="24,471,169,336" oya="2" hai0="121,1,48,80,37,90,46,115,68,69,50,23,128" hai1="87,97,6,41,105,54,39,0,21,95,109,61,47" hai2="86,119,94,40,91,51,129,122,73,15,49,88,98" hai3="110,2,31,135,55,52,131,20,71,108,113,100,4"/><V24/><F119/><W27/><G71/><T126/><D23/><U70/><E109/><N who="3" m="42090" /><G135/><T12/><D12/><U107/><E54/><V13/><F122/><W43/><G131/><T38/><D90/><U35/><E21/><V85/><F129/><W44/><G113/><T56/><D80/><U125/><E87/><V111/><F73/><W64/><G64/><T76/><D76/><U62/><E62/><V45/><F111/><W96/><G4/><T75/><D1/><U103/><E125/><V72/><F72/><W133/><G2/><T134/><D75/><U57/><E35/><V84/><F49/><N who="3" m="26783" /><G133/><T59/><D134/><U8/><REACH who="1" step="1"/><E57/><REACH who="1" ten="24,461,169,336" step="2"/><V82/><F86/><W25/><G25/><T99/><D99/><U66/><AGARI ba="1,1" hai="0,6,8,39,41,47,61,66,70,95,97,103,105,107" machi="66" ten="30,8000,1" yaku="1,1,2,1,0,1,52,2,53,0" doraHai="102" doraHaiUra="123" who="1" fromWho="1" sc="24,-21,461,93,169,-41,336,-21" /><INIT seed="3,0,0,2,0,51" ten="3,554,128,315" oya="3" hai0="69,124,125,3,112,73,127,75,63,77,11,32,114" hai1="8,14,134,81,132,84,66,97,30,68,38,80,118" hai2="111,79,76,5,87,21,49,90,95,91,23,106,13" hai3="96,34,71,122,101,85,10,135,54,58,108,107,78"/><W50/><G122/><T47/><D77/><N who="2" m="29770" /><F106/><W0/><G71/><T115/><D47/><U82/><E38/><V56/><F111/><W92/><G108/><T44/><D44/><U117/><E30/><V98/><F49/><W130/><G34/><T83/><D83/><U113/><E113/><V42/><F42/><W131/><G135/><N who="1" m="51754" /><E84/><V48/><F5/><W116/><G116/><T24/><D11/><U40/><E40/><V99/><F13/><W12/><G0/><T4/><D4/><N who="1" m="3335" /><E97/><N who="2" m="36875" /><F91/><W36/><G36/><T33/><D3/><U119/><E66/><V43/><F43/><W41/><G41/><T60/><D24/><U25/><E25/><V110/><F110/><W15/><G15/><T46/><D46/><U100/><E100/><V93/><F93/><W72/><G12/><T103/><D103/><U28/><E28/><V104/><F104/><W109/><G10/><T35/><D69/><AGARI ba="0,0" hai="68,69,80,81,82,117,118,119" m="3335,51754" machi="69" ten="40,2600,0" yaku="12,1,20,1" doraHai="51" who="1" fromWho="0" sc="3,-26,554,26,128,0,315,0" owari="-23,-52.3,580,68.0,128,-27.2,315,11.5" /></mjloggm>