<mjloggm ver="2.3"><GO type="225" lobby="0"/><UN n0="%E6%9D%B1%E9%A2%A8%E3%81%AE%E3%81%8D%E3%82%83%E3%81%B7%E3%81%95%E3%82%93" n1="%E3%81%A8%E3%82%89%E3%81%84%E3%81%A1" n2="%E3%81%BF%E3%81%BF%E3%81%9A" n3="%E3%81%8F%E3%82%8A%E3%83%94%E3%83%BC" dan="16,16,17,16" rate="2189.40,2131.28,2254.69,2092.99" sx="M,M,M,M"/><TAIKYOKU oya="0"/><INIT seed="0,0,0,0,3,13" ten="250,250,250,250" oya="0" hai0="18,79,30,9,20,121,98,90,33,68,97,21,125" hai1="69,77,101,126,7,129,4,130,40,47,46,88,38" hai2="113,16,44,17,87,70,135,82,58,5,103,62,57" hai3="56,134,102,27,112,12,84,109,120,61,133,93,111"/><T36/><D36/><U99/><E69/><V78/><F113/><W108/><G112/><T119/><D68/><U107/><E126/><V106/><F135/><N who="3" m="51723" /><G120/><T25/><D121/><U91/><E47/><V94/><F70/><W86/><G27/><T110/><D125/><U81/><E4/><V59/><F5/><W60/><G12/><T66/><D119/><U26/><E7/><V41/><F106/><W2/><G2/><T35/><D79/><U64/><E64/><V15/><F15/><W54/><G61/><T73/><D66/><U1/><E1/><V6/><F6/><W127/><G127/><T39/><D39/><U24/><E24/><V50/><F62/><W105/><G105/><T75/><D90/><U23/><E129/><V117/><F117/><W95/><G102/><T3/><D3/><U128/><E128/><V96/><AGARI ba="0,0" hai="16,17,41,44,50,57,58,59,78,82,87,94,96,103" machi="96" ten="30,8000,1" yaku="0,1,8,1,52,2,54,1" doraHai="13" who="2" fromWho="2" sc="250,-40,250,-20,250,80,250,-20" /><INIT seed="1,0,0,2,3,95" ten="210,230,330,230" oya="1" hai0="10,79,86,108,18,35,130,7,47,127,122,112,92" hai1="54,123,63,33,88,2,37,87,98,15,58,53,126" hai2="50,82,117,4,6,97,40,120,73,48,1,5,89" hai3="65,114,103,113,100,111,52,29,16,132,30,69,26"/><U28/><E123/><V84/><F117/><W76/><G132/><T119/><D112/><U17/><E2/><V105/><F120/><W133/><G111/><T99/><D119/><U57/><E37/><V61/><F1/><W83/><G133/><T102/><D122/><U3/><E3/><V107/><F73/><W135/><G135/><T80/><D108/><U68/><E68/><V51/><F40/><W85/><G30/><T134/><D134/><U43/><E43/><V21/><F21/><W31/><G31/><T93/><D35/><U42/><E42/><V39/><F61/><W104/><G103/><T74/><D130/><U131/><E131/><V118/><F39/><W129/><G129/><T19/><D127/><U96/><E28/><V75/><F118/><W36/><G36/><T101/><D47/><U12/><E12/><V72/><REACH who="2" step="1"/><F107/><REACH who="2" ten="210,230,320,230" step="2"/><W0/><G0/><T67/><D74/><U32/><E33/><V34/><F34/><W14/><G113/><T121/><D121/><U25/><E32/><V20/><F20/><W128/><G128/><T66/><D7/><U27/><E126/><V38/><F38/><W24/><G104/><T59/><D10/><N who="1" m="6391" /><E25/><V9/><F9/><W55/><G26/><T23/><D23/><U60/><E27/><V45/><F45/><W77/><G24/><T125/><D125/><U62/><E62/><V109/><F109/><W46/><G114/><T91/><D59/><U71/><E71/><V11/><F11/><W64/><G69/><T49/><D19/><U22/><E22/><V44/><F44/><W70/><G46/><RYUUKYOKU ba="0,1" sc="210,-15,230,15,320,15,230,-15" hai1="53,54,57,58,60,63,87,88,96,98" hai2="4,5,6,48,50,51,72,75,82,84,89,97,105" /><INIT seed="1,1,1,5,5,130" ten="195,245,335,215" oya="1" hai0="3,119,30,79,33,43,112,96,106,14,15,69,100" hai1="26,103,134,80,7,65,117,97,55,66,17,121,8" hai2="19,51,129,44,75,16,2,28,6,115,5,53,9" hai3="41,116,99,11,21,59,54,123,38,25,85,90,114"/><U47/><E117/><V58/><F129/><W39/><G123/><T60/><D119/><U1/><E121/><V68/><F68/><W23/><G114/><T111/><D112/><U42/><E55/><V22/><F115/><W84/><G116/><T13/><D111/><U94/><E80/><V91/><F75/><W104/><G11/><T56/><D3/><U10/><E134/><V74/><F74/><W107/><G85/><T48/><D79/><U34/><E10/><V76/><F76/><W133/><G21/><T88/><D43/><U32/><E32/><V35/><F35/><W37/><G41/><T52/><D69/><U40/><E40/><V62/><F91/><W57/><G133/><T135/><D135/><U49/><REACH who="1" step="1"/><E17/><REACH who="1" ten="195,235,335,215" step="2"/><N who="2" m="6731" /><F9/><W0/><G54/><T89/><REACH who="0" step="1"/><D48/><REACH who="0" ten="185,235,335,215" step="2"/><U72/><E72/><V36/><F36/><W77/><G39/><T122/><D122/><U87/><E87/><V128/><F128/><W102/><G84/><T108/><D108/><U73/><E73/><V109/><F109/><W127/><G38/><T86/><D86/><U132/><E132/><V27/><F2/><W64/><G37/><T120/><D120/><U125/><E125/><V98/><F98/><W118/><G0/><T126/><D126/><U67/><E67/><AGARI ba="1,3" hai="5,6,22,27,28,44,51,53,58,62,67" m="6731" machi="67" ten="30,2000,0" yaku="8,1,54,1" doraHai="130" who="2" fromWho="1" sc="185,0,235,-23,335,53,215,0" /><INIT seed="2,0,0,0,3,24" ten="185,212,388,215" oya="2" hai0="54,52,40,11,2,103,41,76,121,122,33,94,91" hai1="108,111,28,58,93,32,99,119,101,19,8,130,120" hai2="70,134,71,20,61,131,53,126,60,23,39,18,72" hai3="128,77,12,135,75,43,88,63,9,118,78,59,44"/><V116/><F72/><W50/><G118/><T117/><D33/><U17/><E119/><V81/><F116/><W127/><G75/><T35/><D35/><U14/><E130/><V30/><F81/><W129/><G127/><T112/><D76/><U66/><E120/><V100/><F39/><W105/><G105/><T31/><D117/><U49/><E19/><V42/><F42/><W132/><G88/><T95/><D112/><U26/><REACH who="1" step="1"/><E49/><REACH who="1" ten="185,202,388,215" step="2"/><V90/><F18/><N who="3" m="8463" /><G129/><T125/><D125/><U57/><E57/><V45/><F126/><W96/><G128/><T37/><D37/><U13/><E13/><V36/><F36/><W6/><G6/><T62/><D2/><U67/><E67/><V48/><F48/><W80/><G135/><T123/><D123/><U115/><E115/><V110/><F70/><W5/><G5/><T102/><D62/><AGARI ba="0,1" hai="8,14,17,26,28,32,58,62,66,93,99,101,108,111" machi="62" ten="40,5200,0" yaku="1,1,52,1,53,1" doraHai="24" doraHaiUra="4" who="1" fromWho="0" sc="185,-52,202,62,388,0,215,0" /><INIT seed="3,0,0,5,1,129" ten="133,264,388,215" oya="3" hai0="19,6,81,46,36,134,119,11,10,99,63,56,96" hai1="114,120,5,42,68,132,59,107,27,57,51,90,43" hai2="7,50,78,22,40,135,41,26,14,29,30,76,94" hai3="128,80,24,92,126,79,98,48,23,39,87,62,74"/><W16/><G128/><T9/><D119/><U20/><E107/><V118/><F135/><W103/><G39/><T60/><D81/><U75/><E132/><V113/><F113/><W109/><G126/><T49/><D36/><U127/><E59/><V121/><F121/><W104/><G109/><T18/><D134/><U89/><E89/><V35/><F30/><W122/><G122/><T69/><D69/><U86/><E43/><V21/><F35/><W15/><G48/><T77/><D77/><U91/><E90/><V61/><F61/><W0/><G0/><T82/><D82/><U102/><E20/><V31/><F118/><W95/><G74/><T8/><N who="0" m="2048" /><DORA hai="34" /><T65/><D6/><U52/><E86/><V38/><F7/><W12/><REACH who="3" step="1"/><G62/><REACH who="3" ten="133,264,388,205" step="2"/><T73/><D73/><U66/><E51/><V112/><F38/><W45/><G45/><T70/><D18/><U115/><E75/><V47/><F41/><W33/><G33/><T110/><D19/><U100/><E42/><V13/><F112/><W131/><G131/><T55/><REACH who="0" step="1"/><D110/><REACH who="0" ten="123,264,388,205" step="2"/><U133/><E115/><V130/><F130/><W93/><AGARI ba="0,2" hai="12,15,16,23,24,79,80,87,92,93,95,98,103,104" machi="93" ten="30,6000,0" yaku="1,1,0,1,54,1,53,0" doraHai="129,34" doraHaiUra="37,3" who="3" fromWho="3" sc="123,-20,264,-20,388,-20,205,80" /><INIT seed="3,1,0,1,4,105" ten="103,244,368,285" oya="3" hai0="62,10,114,109,15,132,2,120,81,41,33,96,17" hai1="34,11,36,93,37,44,74,91,27,101,73,22,119" hai2="102,85,58,86,19,45,128,38,25,13,90,48,112" hai3="116,26,108,14,40,24,84,59,12,83,66,21,32"/><W77/><G116/><T52/><D120/><U92/><E119/><V121/><F112/><W129/><G129/><T5/><D114/><U70/><E70/><V8/><F121/><W56/><G108/><T67/><D109/><U60/><E34/><V124/><F38/><W100/><G32/><T46/><D132/><U63/><E11/><V16/><F128/><W9/><G40/><T115/><D115/><U64/><E101/><V43/><F124/><W23/><G100/><T20/><D96/><U28/><E44/><V106/><F106/><W1/><G1/><T3/><D3/><U7/><E7/><V30/><F102/><W50/><G14/><T49/><D81/><U75/><E93/><V87/><F58/><N who="3" m="22059" /><G50/><T97/><D97/><U98/><REACH who="1" step="1"/><E64/><REACH who="1" ten="103,234,368,285" step="2"/><V122/><F122/><W94/><G94/><T65/><D33/><U54/><E54/><V133/><F45/><W123/><G66/><T0/><D0/><U72/><N who="1" m="18432" /><DORA hai="103" /><U95/><E95/><V80/><F8/><W110/><G110/><T69/><D65/><U68/><E68/><V88/><F43/><W31/><G123/><T35/><D35/><U104/><E104/><V51/><F133/><W42/><G42/><T71/><D71/><U18/><E18/><V6/><F16/><N who="3" m="8207" /><G31/><T134/><D134/><U113/><E113/><V130/><F19/><W89/><G23/><T4/><D4/><U61/><AGARI ba="1,1" hai="22,27,28,36,37,60,61,63,91,92,98" m="18432" machi="61" ten="60,12000,2" yaku="1,1,0,1,52,4,53,0" doraHai="105,103" doraHaiUra="39,82" who="1" fromWho="1" sc="103,-31,234,133,368,-31,285,-61" owari="72,-42.8,367,46.7,337,13.7,224,-17.6" /></mjloggm>