<mjloggm ver="2.3"><GO type="225" lobby="0"/><UN n0="%E3%83%B4%E3%82%A3%E3%83%AF%E3%82%B3%E3%82%B0%E3%83%8B" n1="%E5%8D%A0%E3%81%84%E5%B8%AB%E8%A3%8F%E3%81%AA%E3%81%84%E3%81%97" n2="%E3%81%A4%E3%81%A3%E3%81%B1%E3%82%8A%E3%83%9D%E3%83%BC%E3%83%AB" n3="%E3%81%BF%E3%81%BF%E3%81%9A" dan="17,17,17,17" rate="2206.56,2201.74,2166.12,2174.82" sx="M,M,M,M"/><TAIKYOKU oya="0"/><INIT seed="0,0,0,0,4,123" ten="250,250,250,250" oya="0" hai0="47,31,37,28,93,16,52,106,17,129,67,66,12" hai1="124,36,107,105,25,55,26,68,1,122,64,42,10" hai2="53,135,20,75,59,113,69,88,51,126,4,74,34" hai3="91,46,60,61,13,7,133,27,72,0,43,90,82"/><T19/><D129/><U39/><E122/><V33/><F113/><W8/><G133/><T57/><D106/><U84/><E124/><V99/><F69/><W111/><G111/><T5/><D93/><U22/><E64/><N who="0" m="24617" /><D37/><U115/><E68/><V23/><F135/><W92/><G27/><T56/><D47/><U128/><E128/><V29/><F4/><W21/><G21/><T44/><D44/><U73/><E22/><V11/><F23/><W63/><G13/><T110/><D110/><U30/><E42/><V62/><F126/><W131/><G131/><T108/><D108/><U70/><E70/><V76/><F11/><W86/><G91/><T95/><D95/><U100/><E10/><V54/><F76/><N who="3" m="44295" /><G92/><T101/><D101/><U98/><E100/><V87/><F99/><W3/><G0/><T118/><D118/><U32/><E98/><V114/><F114/><W119/><G119/><T45/><D45/><U104/><E1/><V85/><F34/><W15/><G86/><T125/><D125/><U18/><E115/><V79/><F85/><W96/><G96/><T127/><D127/><U80/><E73/><N who="2" m="27659" /><F33/><W58/><G90/><T38/><D38/><N who="1" m="14379" /><E25/><N who="2" m="16551" /><F79/><W40/><G3/><T49/><D57/><U78/><E18/><N who="0" m="7273" /><D5/><U48/><E107/><V94/><F53/><N who="3" m="33871" /><G40/><T134/><D134/><U50/><E55/><V116/><F116/><W71/><G71/><T112/><D112/><U24/><E24/><V117/><F117/><W97/><G97/><T102/><D102/><U9/><E9/><AGARI ba="0,0" hai="9,12,19,28,31,49,52,56" m="7273,24617" machi="9" ten="30,5800,0" yaku="8,1,54,2" doraHai="123" who="0" fromWho="1" sc="250,58,250,-58,250,0,250,0" /><BYE who="3" /><INIT seed="0,1,0,5,4,62" ten="308,192,250,250" oya="0" hai0="117,9,40,50,85,93,123,106,83,32,2,103,125" hai1="20,124,33,55,60,61,79,57,120,102,82,39,54" hai2="0,7,133,12,36,35,21,72,74,34,56,75,122" hai3="115,42,23,19,38,113,1,16,99,69,86,109,47"/><T66/><D117/><U100/><E120/><UN n3="%E3%81%BF%E3%81%BF%E3%81%9A" /><V92/><F122/><W104/><G1/><T44/><D125/><U3/><E33/><V52/><F133/><W53/><G69/><T70/><D123/><U114/><E124/><V59/><F36/><W78/><G109/><T48/><D32/><U43/><E3/><V25/><F0/><W45/><G104/><T110/><D106/><U41/><E114/><V112/><F112/><W84/><G99/><T116/><D116/><U24/><E39/><V14/><F59/><W129/><G129/><T5/><D110/><U76/><E57/><V90/><F7/><W105/><G105/><T91/><D48/><U95/><E95/><V119/><F35/><W132/><G132/><T46/><D44/><U94/><E94/><V71/><F71/><W29/><G29/><T73/><D103/><U128/><E20/><V51/><F34/><W127/><G127/><T107/><D107/><U96/><E128/><V18/><REACH who="2" step="1"/><F119/><REACH who="2" ten="308,192,240,250" step="2"/><W26/><G113/><T98/><D70/><U111/><E111/><V108/><F108/><W11/><G115/><T130/><D130/><U17/><E17/><V31/><F31/><W37/><G78/><T134/><D134/><U81/><REACH who="1" step="1"/><E24/><REACH who="1" ten="308,182,240,250" step="2"/><V97/><AGARI ba="1,2" hai="12,14,18,21,25,51,52,56,72,74,75,90,92,97" machi="97" ten="30,4000,0" yaku="1,1,0,1,54,1,53,0" doraHai="62" doraHaiUra="77" who="2" fromWho="2" sc="308,-21,182,-11,240,63,250,-11" /><INIT seed="1,0,0,2,2,19" ten="287,171,303,239" oya="1" hai0="108,64,73,76,3,24,103,28,123,14,66,117,77" hai1="133,112,135,51,104,114,84,72,91,125,122,105,100" hai2="48,17,89,44,74,110,131,118,86,78,107,39,128" hai3="87,116,0,56,95,121,12,96,37,88,34,6,97"/><U99/><E122/><V67/><F118/><W119/><G121/><T47/><D123/><U54/><E72/><V5/><F110/><W7/><G34/><T1/><D108/><U109/><E109/><V101/><F107/><W130/><G37/><T69/><D103/><U13/><E105/><V18/><F39/><W42/><G42/><T20/><D117/><N who="3" m="45129" /><G130/><N who="2" m="49705" /><F101/><W16/><G56/><T52/><D14/><U22/><E125/><V79/><F5/><N who="3" m="1547" /><G0/><T124/><D124/><U58/><E133/><V126/><F67/><W90/><G90/><T4/><D69/><U41/><E41/><N who="2" m="24591" /><F74/><W98/><G98/><T9/><D1/><U50/><E50/><V15/><F126/><W2/><G2/><T92/><D92/><N who="1" m="54375" /><E135/><V21/><F18/><AGARI ba="0,0" hai="13,18,22,51,54,58,99,100,104,112,114" m="54375" machi="18" ten="30,2900,0" yaku="25,1,52,1" doraHai="19" who="1" fromWho="2" sc="287,0,171,29,303,-29,239,0" /><INIT seed="1,1,0,1,2,57" ten="287,200,274,239" oya="1" hai0="45,46,30,42,94,51,114,2,99,104,93,126,91" hai1="135,15,98,36,52,77,26,101,82,124,22,108,113" hai2="112,13,56,128,0,123,44,7,29,10,1,11,125" hai3="132,66,106,34,121,85,37,76,61,81,59,50,54"/><U100/><E113/><V39/><F123/><W64/><G121/><T115/><D2/><U32/><E36/><V83/><F112/><W53/><G132/><T118/><D118/><U43/><E135/><V63/><F128/><W3/><G3/><T95/><D126/><U71/><E71/><V35/><F125/><W6/><G106/><T127/><D127/><U21/><E43/><V78/><F29/><W49/><G37/><T80/><D30/><U12/><E32/><V89/><F89/><W130/><G34/><T86/><REACH who="0" step="1"/><D45/><REACH who="0" ten="277,200,274,239" step="2"/><U134/><E124/><V27/><F44/><N who="3" m="27815" /><G130/><T4/><D4/><U73/><E134/><V119/><F7/><W88/><G6/><T97/><D97/><U31/><E108/><V55/><F1/><W129/><G129/><T24/><D24/><U48/><E98/><V23/><F27/><W28/><G28/><T120/><D120/><U75/><E75/><N who="2" m="43487" /><F0/><W117/><G117/><T109/><D109/><U72/><E73/><V18/><F119/><W25/><G25/><T68/><D68/><U8/><E15/><V14/><F14/><W5/><G5/><T9/><D9/><U111/><E111/><V62/><F11/><W90/><G64/><T65/><D65/><U103/><E26/><V116/><F10/><W122/><G122/><T84/><D84/><U92/><E31/><V58/><F116/><W107/><G107/><T96/><D96/><N who="1" m="59399" /><E21/><V67/><F35/><W41/><G66/><T79/><D79/><U60/><E22/><V102/><F102/><AGARI ba="1,1" hai="42,46,51,80,86,91,93,94,95,99,102,104,114,115" machi="102" ten="40,1300,0" yaku="1,1,53,0" doraHai="57" doraHaiUra="33" who="0" fromWho="2" sc="277,26,200,0,274,-16,239,0" /><INIT seed="2,0,0,5,1,56" ten="303,200,258,239" oya="2" hai0="19,94,37,48,72,112,58,38,47,21,123,130,16" hai1="89,25,29,66,81,116,17,102,105,24,28,11,45" hai2="110,113,74,67,91,64,22,109,90,79,41,83,95" hai3="121,98,31,115,101,76,23,30,33,5,111,51,96"/><V120/><F120/><W107/><G121/><T80/><D112/><U42/><E116/><V2/><F113/><W106/><G111/><N who="2" m="42505" /><F2/><W14/><G115/><T44/><D19/><U124/><E124/><V9/><F41/><W92/><G33/><T1/><D1/><U131/><E131/><V82/><F9/><W7/><G76/><T53/><D123/><U40/><E102/><V50/><F50/><W60/><G51/><T117/><D130/><U87/><E105/><V73/><F22/><W68/><G14/><T6/><D6/><U49/><E42/><V129/><F129/><W43/><G43/><T71/><D71/><U75/><E75/><N who="2" m="43391" /><F91/><W62/><G68/><T85/><D117/><U65/><E11/><V118/><F118/><W119/><G119/><T27/><D37/><U122/><E122/><V35/><F35/><W20/><G92/><T132/><D94/><U88/><E89/><V52/><F52/><W78/><G78/><T55/><D38/><U125/><E125/><V127/><F83/><W77/><G77/><T104/><D44/><U128/><E128/><V100/><F100/><AGARI ba="0,0" hai="5,7,20,23,30,31,60,62,96,98,100,101,106,107" machi="100" ten="25,6400,0" yaku="22,2,52,2" doraHai="56" who="3" fromWho="2" sc="303,0,200,0,258,-64,239,64" /><INIT seed="3,0,0,3,4,29" ten="303,200,194,303" oya="3" hai0="115,41,11,49,91,95,30,33,24,94,81,93,39" hai1="38,104,55,109,56,6,86,75,64,117,37,125,121" hai2="98,129,72,135,85,14,107,114,116,2,122,97,119" hai3="100,133,102,50,15,110,112,101,47,79,27,44,87"/><W70/><G112/><T62/><D115/><U35/><E121/><V68/><RYUUKYOKU type="yao9" ba="0,0" sc="303,0,200,0,194,0,303,0" hai2="2,14,68,72,85,97,98,107,114,116,119,122,129,135" /><INIT seed="3,1,0,0,1,24" ten="303,200,194,303" oya="3" hai0="38,45,12,39,18,61,112,91,3,70,41,75,50" hai1="69,8,6,67,29,0,99,122,85,16,108,33,129" hai2="107,83,35,97,1,44,23,60,89,125,34,21,20" hai3="57,65,56,101,110,117,13,32,43,96,123,95,77"/><W86/><G117/><T27/><D3/><U81/><E122/><V36/><F1/><W15/><G123/><T54/><D75/><U132/><E69/><V58/><F125/><W88/><G32/><T47/><D27/><U79/><E67/><V73/><F36/><W25/><G110/><T133/><D133/><U80/><E33/><V31/><F44/><W53/><G43/><T17/><D112/><U124/><E29/><V52/><F31/><W7/><G77/><T72/><D72/><U48/><E132/><V121/><F121/><W42/><G42/><T28/><D28/><U82/><E108/><V126/><F126/><W55/><G15/><T62/><D38/><U130/><E124/><V9/><F9/><N who="3" m="4287" /><G25/><T120/><D120/><U134/><E134/><V111/><F111/><W94/><G57/><T37/><D37/><U105/><E130/><V74/><F74/><W10/><G10/><T98/><D70/><U26/><E129/><V78/><REACH who="2" step="1"/><F107/><REACH who="2" ten="303,200,184,303" step="2"/><W59/><G59/><T14/><D39/><U113/><E113/><V119/><F119/><W92/><G94/><AGARI ba="1,1" hai="20,21,23,34,35,52,58,60,73,78,83,89,94,97" machi="94" ten="40,5200,0" yaku="1,1,54,1,53,1" doraHai="24" doraHaiUra="51" who="2" fromWho="3" sc="303,0,200,0,184,65,303,-55" owari="303,40.3,200,-30.0,249,4.9,248,-15.2" /></mjloggm>