<mjloggm ver="2.3"><GO type="225" lobby="0"/><UN n0="%E5%8F%AF%E5%85%90%E9%82%A3%E7%94%B1%E5%A4%9A" n1="%E3%81%95%E3%81%8D%E3%81%9F%E3%81%BE%E6%9E%97%E6%AA%8E" n2="%E4%BF%BA%E3%81%A8%E5%A6%96%E5%A4%A2" n3="%72%65%6E%6B%75%6E" dan="16,16,16,17" rate="2094.06,2134.80,2202.04,2187.90" sx="F,M,F,M"/><TAIKYOKU oya="0"/><INIT seed="0,0,0,4,2,66" ten="250,250,250,250" oya="0" hai0="100,9,44,114,116,36,112,3,102,91,54,17,81" hai1="50,87,90,2,57,61,42,115,31,51,25,111,27" hai2="58,84,62,4,7,65,38,83,49,63,96,89,53" hai3="67,131,22,120,72,16,20,130,14,48,113,74,30"/><T78/><D116/><U47/><E111/><V109/><F38/><W5/><G113/><T110/><D110/><U18/><E115/><V82/><F109/><W133/><G5/><T119/><D119/><U75/><E75/><V35/><F35/><W86/><G120/><T127/><D127/><U71/><E2/><V68/><F96/><W10/><G133/><T80/><D114/><U41/><E71/><V12/><F12/><W24/><G67/><T33/><D33/><U128/><E128/><N who="3" m="49194" /><G48/><T132/><D112/><U13/><E31/><V73/><REACH who="2" step="1"/><F62/><REACH who="2" ten="250,250,240,250" step="2"/><W59/><G59/><T123/><D36/><U135/><E135/><V1/><F1/><W21/><G86/><T39/><D39/><U126/><E126/><V107/><F107/><W92/><G92/><T46/><D3/><U104/><E104/><V121/><F121/><W29/><G29/><T79/><D123/><U32/><E61/><V11/><F11/><W105/><G105/><T101/><D132/><U55/><E32/><AGARI ba="0,1" hai="10,14,16,20,21,22,24,30,32,72,74" m="49194" machi="32" ten="30,2000,0" yaku="19,1,54,1" doraHai="66" who="3" fromWho="1" sc="250,0,250,-20,240,0,250,30" /><INIT seed="1,0,0,2,4,47" ten="250,230,240,280" oya="1" hai0="83,124,16,2,8,11,108,84,89,23,97,88,26" hai1="128,70,123,105,99,75,55,42,22,41,18,100,98" hai2="6,53,102,109,131,119,48,118,107,36,56,61,12" hai3="87,52,135,96,106,32,20,92,113,59,58,35,29"/><U90/><E123/><V10/><F36/><W25/><G113/><T126/><D108/><U73/><E128/><V21/><F109/><W74/><G74/><T50/><D2/><U133/><E133/><V117/><F131/><W130/><G130/><T79/><D126/><U85/><E70/><V82/><F102/><W7/><G135/><T34/><D34/><U45/><E98/><V9/><F107/><W116/><G116/><T91/><D124/><U78/><E78/><V31/><F82/><W134/><G134/><T77/><D77/><U103/><E103/><V1/><F21/><W4/><G106/><T65/><D65/><U67/><E67/><V60/><REACH who="2" step="1"/><F31/><REACH who="2" ten="250,230,230,280" step="2"/><W39/><G39/><T43/><D97/><U72/><E90/><V49/><F49/><N who="3" m="30991" /><G32/><T19/><D19/><AGARI ba="0,1" hai="1,6,9,10,12,19,48,53,56,60,61,117,118,119" machi="19" ten="40,2600,0" yaku="1,1,52,1,53,0" doraHai="47" doraHaiUra="111" who="2" fromWho="0" sc="250,-26,230,0,230,36,280,0" /><INIT seed="2,0,0,1,0,121" ten="224,230,266,280" oya="2" hai0="114,12,36,129,107,105,48,119,83,75,90,82,18" hai1="29,104,26,85,126,88,133,66,6,8,47,13,89" hai2="93,22,57,86,59,34,42,87,4,80,124,2,103" hai3="70,0,35,69,72,33,51,132,17,95,31,73,131"/><V101/><F34/><N who="3" m="12811" /><G17/><T53/><D36/><U68/><E126/><V56/><F124/><W7/><G95/><T108/><D114/><U98/><E98/><V40/><F4/><W135/><G51/><T125/><D125/><U45/><E133/><N who="3" m="51274" /><G31/><T39/><D39/><U3/><E104/><V15/><F2/><W120/><G120/><T122/><D122/><U32/><E3/><V112/><F112/><W14/><G14/><T97/><D129/><U81/><REACH who="1" step="1"/><E89/><REACH who="1" ten="224,220,266,280" step="2"/><N who="2" m="53431" /><F103/><W27/><G131/><T11/><D97/><U58/><E58/><V92/><F101/><W134/><G134/><T117/><D105/><U41/><E41/><V37/><F59/><W1/><G27/><T62/><D107/><U65/><E65/><V64/><F57/><W25/><G25/><T23/><D90/><U130/><E130/><V52/><F64/><W16/><G0/><T94/><D119/><U78/><E78/><V21/><F40/><W127/><G127/><T61/><D117/><U67/><E67/><V77/><F42/><W128/><G128/><T20/><D53/><U110/><E110/><V63/><F52/><W30/><G70/><T84/><D108/><U74/><E74/><V106/><F106/><W38/><G69/><T55/><D75/><U113/><E113/><V79/><F56/><W109/><G109/><T91/><D61/><AGARI ba="0,1" hai="6,8,13,26,29,32,45,47,61,66,68,81,85,88" machi="61" ten="40,2600,0" yaku="1,1,54,1,53,0" doraHai="121" doraHaiUra="96" who="1" fromWho="0" sc="224,-26,220,36,266,0,280,0" /><INIT seed="3,0,0,0,0,106" ten="198,256,266,280" oya="3" hai0="85,112,12,59,74,15,21,116,126,70,67,39,78" hai1="108,115,8,134,132,95,114,38,125,47,7,30,48" hai2="102,49,122,54,56,4,25,66,17,131,26,113,87" hai3="0,61,84,90,27,20,5,107,32,133,24,101,1"/><W52/><G133/><N who="1" m="51306" /><E38/><V28/><F113/><N who="1" m="43017" /><E30/><V86/><F131/><W120/><G120/><T36/><D112/><U109/><E95/><V76/><F122/><W10/><G0/><T105/><D116/><U44/><E48/><V111/><F111/><N who="1" m="42569" /><E125/><V51/><F28/><W58/><G32/><T89/><D105/><U50/><E50/><V65/><F49/><W124/><G124/><T71/><D126/><U73/><E73/><V2/><F102/><W99/><G20/><T83/><D36/><U135/><N who="1" m="51314" /><U130/><DORA hai="13" /><E130/><V96/><F51/><W80/><AGARI ba="0,0" hai="1,5,10,24,27,52,58,61,80,84,90,99,101,107" machi="80" ten="20,3900,0" yaku="0,1,7,1,54,1" doraHai="106,13" who="3" fromWho="3" sc="198,-13,256,-13,266,-13,280,39" owari="185,-31.5,243,-15.7,253,5.3,319,41.9" /></mjloggm>