<mjloggm ver="2.3"><GO type="225" lobby="0"/><UN n0="%E3%81%94%E3%81%BE%E6%B2%B9%E9%A3%B2%E3%81%BF%E5%A4%AA%E9%83%8E" n1="%E3%81%BF%E3%81%BF%E3%81%9A" n2="%E3%81%8B%E3%82%8F%E3%81%A1%E3%82%83%E3%82%93%35%38" n3="%E7%99%BD%E5%92%B2%E8%8A%B1%E3%81%A1%E3%82%83%E3%82%93" dan="16,17,16,16" rate="2067.54,2190.48,2151.49,2152.32" sx="M,M,M,F"/><TAIKYOKU oya="0"/><INIT seed="0,0,0,0,1,106" ten="250,250,250,250" oya="0" hai0="37,56,102,3,43,61,78,83,58,46,5,115,95" hai1="17,41,126,77,20,33,53,36,25,45,90,6,52" hai2="110,84,130,118,81,89,29,66,88,23,39,31,112" hai3="12,10,133,120,18,101,27,122,57,75,111,96,131"/><T125/><D115/><U82/><E126/><V71/><F112/><W99/><G111/><T97/><D125/><U35/><E90/><V50/><F39/><W132/><G131/><T55/><D61/><U98/><E98/><N who="3" m="37418" /><G101/><T0/><D0/><U54/><REACH who="1" step="1"/><E6/><REACH who="1" ten="250,240,250,250" step="2"/><V48/><F89/><W40/><G122/><T69/><D5/><U51/><E51/><V59/><F50/><W119/><G120/><T38/><D38/><U76/><E76/><V14/><F48/><W44/><G119/><T86/><D3/><U92/><E92/><V116/><F118/><W2/><G2/><T68/><REACH who="0" step="1"/><D55/><REACH who="0" ten="240,240,250,250" step="2"/><U34/><E34/><V64/><F116/><W28/><G132/><T121/><D121/><U123/><E123/><V100/><F130/><W30/><G133/><T47/><D47/><U93/><E93/><V21/><F110/><W105/><G44/><T9/><D9/><U135/><E135/><V109/><F109/><W32/><G10/><T1/><D1/><U85/><AGARI ba="0,2" hai="17,20,25,33,35,36,41,45,52,53,54,77,82,85" machi="85" ten="30,4000,0" yaku="1,1,0,1,54,1,53,0" doraHai="106" doraHaiUra="8" who="1" fromWho="1" sc="240,-20,240,60,250,-10,250,-10" /><INIT seed="1,0,0,2,4,86" ten="220,300,240,240" oya="1" hai0="46,2,13,83,92,135,67,5,87,79,78,19,82" hai1="44,119,76,122,60,8,117,116,77,42,20,51,80" hai2="130,111,36,3,127,33,7,40,100,22,118,90,68" hai3="70,102,124,73,18,114,34,112,109,81,45,6,15"/><U84/><E20/><V56/><F68/><W131/><G70/><T95/><D135/><U48/><E122/><V43/><F33/><W57/><G34/><T52/><D5/><U113/><E113/><V97/><F118/><W108/><G124/><T71/><D2/><U64/><E8/><V50/><F36/><W14/><G102/><T106/><D106/><U69/><REACH who="1" step="1"/><E51/><REACH who="1" ten="220,290,240,240" step="2"/><V29/><F50/><W62/><G112/><T31/><D31/><U93/><E93/><V49/><F49/><W123/><G114/><T66/><D95/><U47/><E47/><V63/><F22/><W32/><G123/><T35/><D92/><U103/><E103/><V126/><F100/><W110/><G45/><T99/><D46/><U11/><E11/><V21/><F21/><W98/><G108/><T37/><D37/><U91/><AGARI ba="0,1" hai="42,44,48,60,64,69,76,77,80,84,91,116,117,119" machi="91" ten="30,6000,0" yaku="1,1,0,1,52,1,53,0" doraHai="86" doraHaiUra="4" who="1" fromWho="1" sc="220,-20,290,70,240,-20,240,-20" /><INIT seed="1,1,0,2,0,12" ten="200,360,220,220" oya="1" hai0="113,25,41,28,44,107,130,91,84,89,40,85,81" hai1="10,119,46,5,1,77,61,93,54,26,74,103,14" hai2="66,104,94,133,106,42,116,135,68,86,83,50,125" hai3="131,112,92,16,72,109,114,45,55,88,87,71,128"/><U69/><E119/><V35/><F35/><W76/><G71/><T96/><D113/><U30/><E74/><V78/><F116/><W59/><G45/><T75/><D75/><U90/><E77/><V4/><F125/><W118/><G118/><T123/><D130/><N who="3" m="49705" /><G109/><T6/><D6/><U13/><E103/><V23/><F4/><W111/><G111/><T127/><D127/><U0/><E13/><V57/><F68/><W53/><G53/><T79/><D123/><U49/><E61/><N who="2" m="38191" /><F94/><W36/><G36/><T129/><D129/><U134/><E69/><V99/><F99/><W117/><G117/><T64/><D64/><U73/><E73/><V17/><F50/><N who="3" m="31223" /><G16/><T102/><D44/><U124/><E134/><N who="2" m="51211" /><F42/><W122/><G122/><T34/><REACH who="0" step="1"/><D79/><REACH who="0" ten="190,360,220,220" step="2"/><U22/><E124/><V51/><F51/><W121/><G121/><T56/><D56/><U60/><E60/><V48/><F48/><W67/><G67/><T19/><D19/><U18/><REACH who="1" step="1"/><E5/><REACH who="1" ten="190,350,220,220" step="2"/><V38/><F38/><W62/><G62/><T15/><D15/><AGARI ba="1,2" hai="15,17,23,78,83,86,104,106" m="51211,38191" machi="15" ten="30,2000,0" yaku="20,1,52,1" doraHai="12" who="2" fromWho="0" sc="190,-23,350,0,220,43,220,0" /><INIT seed="2,0,0,2,0,35" ten="167,350,263,220" oya="2" hai0="21,27,13,71,34,116,100,125,92,105,77,49,56" hai1="84,57,43,81,101,0,23,12,118,15,112,127,48" hai2="82,4,50,79,45,58,74,113,85,91,110,54,63" hai3="106,22,2,65,28,97,122,25,64,30,124,42,75"/><V103/><F110/><W73/><G122/><T8/><D125/><U55/><E112/><V51/><F113/><W131/><G124/><T120/><D71/><U9/><E127/><V89/><F103/><W88/><G131/><T99/><D120/><U36/><E118/><V130/><F130/><W90/><G42/><T123/><D34/><U18/><E101/><V98/><F4/><W47/><G47/><T61/><D123/><U94/><E94/><V119/><F119/><W39/><G39/><T40/><D105/><U76/><E36/><V46/><F98/><W3/><G22/><T24/><D77/><U68/><E68/><V6/><F6/><W108/><G97/><T93/><D93/><U95/><E95/><V114/><F114/><W59/><G59/><T117/><D49/><U104/><E104/><V67/><REACH who="2" step="1"/><F74/><REACH who="2" ten="167,350,253,220" step="2"/><W133/><G108/><T78/><D117/><U129/><E129/><V72/><F72/><W115/><G115/><T86/><D116/><U132/><E132/><V5/><F5/><W102/><G133/><T126/><D126/><U53/><E0/><V41/><AGARI ba="0,1" hai="41,45,46,50,51,54,58,63,67,79,82,85,89,91" machi="41" ten="20,7800,0" yaku="1,1,0,1,7,1,8,1,53,0" doraHai="35" doraHaiUra="33" who="2" fromWho="2" sc="167,-26,350,-26,253,88,220,-26" /><INIT seed="2,1,0,2,3,94" ten="141,324,341,194" oya="2" hai0="132,7,135,77,121,100,41,17,93,13,26,10,18" hai1="56,28,134,66,72,114,81,115,38,30,27,62,19" hai2="20,125,109,48,34,39,96,69,50,120,71,15,130" hai3="80,45,101,14,49,31,104,12,35,63,43,5,70"/><V126/><F34/><W117/><G5/><T106/><D106/><U90/><E38/><V44/><F20/><W118/><G80/><T47/><D77/><U8/><E134/><V133/><F15/><W57/><G57/><T64/><D64/><U79/><E28/><V87/><F87/><W29/><G29/><T58/><D58/><U46/><E46/><V60/><F96/><N who="3" m="61479" /><G117/><T83/><D83/><U97/><E8/><V16/><F16/><N who="0" m="6250" /><D26/><U128/><E19/><V78/><F78/><W21/><G21/><T32/><D32/><U91/><E128/><V84/><F84/><W88/><G88/><T73/><D73/><U6/><E6/><V85/><F85/><W0/><G0/><T55/><D55/><U67/><E66/><V42/><F130/><W2/><G2/><T107/><D107/><U119/><E119/><V51/><F133/><N who="0" m="51274" /><D121/><U129/><E129/><V108/><F120/><W24/><G118/><T59/><D59/><U37/><E37/><V127/><F60/><W116/><G116/><T22/><D22/><U54/><E67/><AGARI ba="1,0" hai="12,14,24,31,35,43,45,49,63,67,70" m="61479" machi="67" ten="30,2000,0" yaku="25,1,52,1" doraHai="94" who="3" fromWho="1" sc="141,0,324,-23,341,0,194,23" /><INIT seed="3,0,0,3,4,18" ten="141,301,341,217" oya="3" hai0="90,84,134,48,49,22,89,97,126,103,66,117,34" hai1="109,3,62,46,120,7,83,74,79,116,30,56,121" hai2="118,67,28,12,110,1,14,132,23,92,25,20,68" hai3="52,27,102,86,129,63,130,101,19,65,119,50,111"/><W88/><G119/><T32/><D126/><U131/><E116/><V13/><F118/><W69/><G111/><T29/><D134/><U115/><E109/><V40/><F110/><W21/><G129/><T60/><D117/><U44/><E115/><V47/><F1/><W85/><G130/><T58/><D32/><U127/><E127/><V70/><F132/><W113/><G113/><T107/><D34/><U72/><E131/><V95/><F23/><W24/><G24/><T6/><D6/><U31/><E7/><V100/><F67/><W64/><G64/><T36/><D36/><U123/><E3/><V42/><F42/><W5/><G5/><T53/><D84/><U124/><E124/><V104/><F104/><W128/><G128/><T38/><D38/><U105/><E105/><V37/><REACH who="2" step="1"/><F100/><REACH who="2" ten="141,301,331,217" step="2"/><W0/><G0/><T45/><REACH who="0" step="1"/><D49/><REACH who="0" ten="131,301,331,217" step="2"/><U71/><E121/><V11/><F11/><W122/><G122/><T80/><D80/><U125/><E125/><V15/><N who="2" m="3072" /><DORA hai="26" /><V82/><F82/><W114/><G86/><T77/><D77/><U133/><E133/><V93/><AGARI ba="0,2" hai="20,25,28,37,40,47,68,70,92,93,95" m="3072" machi="93" ten="50,8000,1" yaku="1,1,0,1,52,2,53,0" doraHai="18,26" doraHaiUra="78,4" who="2" fromWho="2" sc="131,-20,301,-20,331,100,217,-40" owari="111,-38.9,281,8.1,431,53.1,177,-22.3" /></mjloggm>