<mjloggm ver="2.3"><GO type="225" lobby="0"/><UN n0="%4C%4F%4C%49%54%41" n1="%41%6F%54" n2="%E3%81%BF%E3%81%BF%E3%81%9A" n3="%E3%82%B3%E3%83%90%E3%83%AC%E3%82%A4" dan="16,16,17,16" rate="2079.48,2098.67,2181.62,2159.70" sx="F,M,M,M"/><TAIKYOKU oya="0"/><INIT seed="0,0,0,5,3,12" ten="250,250,250,250" oya="0" hai0="123,1,82,37,62,69,21,16,105,111,38,61,80" hai1="36,40,67,117,4,97,129,114,113,127,130,122,70" hai2="108,83,126,15,6,11,26,94,77,132,9,121,65" hai3="58,17,116,5,74,73,124,104,60,99,3,76,42"/><T57/><D123/><U59/><E4/><V93/><F121/><W119/><G124/><T90/><D105/><U78/><E122/><V23/><F126/><W24/><G42/><T18/><D1/><U103/><E127/><V96/><F108/><W131/><G131/><N who="1" m="50186" /><E78/><V25/><F132/><W101/><G5/><T50/><D111/><U100/><E117/><V49/><F9/><W33/><G3/><T68/><D50/><U115/><E70/><V20/><F65/><W44/><G44/><T88/><D21/><U13/><E13/><V19/><F49/><W106/><G104/><T102/><D57/><U54/><E67/><V89/><F94/><W48/><G48/><T53/><D53/><U98/><E40/><V112/><F112/><W109/><G109/><T135/><D102/><N who="1" m="38955" /><E36/><V46/><F46/><W92/><G106/><T35/><D35/><U8/><E8/><V34/><F34/><W22/><G33/><T79/><D79/><U91/><E91/><V125/><F125/><W66/><REACH who="3" step="1"/><G76/><REACH who="3" ten="250,250,250,240" step="2"/><T134/><AGARI ba="0,1" hai="16,18,37,38,61,62,68,69,80,82,88,90,134,135" machi="134" ten="25,18000,2" yaku="0,1,22,2,52,2,54,2" doraHai="12" who="0" fromWho="0" sc="250,190,250,-60,250,-60,240,-60" /><INIT seed="0,1,0,5,0,53" ten="440,190,190,180" oya="0" hai0="99,6,78,129,85,103,3,43,132,1,116,93,89" hai1="79,11,44,25,120,16,86,2,97,58,87,102,115" hai2="27,69,127,75,124,70,64,113,72,119,105,37,66" hai3="5,77,107,100,17,83,0,122,19,47,106,76,130"/><T65/><D116/><U92/><E120/><V108/><F113/><W63/><G122/><T55/><D43/><U56/><E115/><V118/><F27/><W112/><G112/><T62/><D129/><U48/><E2/><V23/><F23/><W81/><G5/><T67/><D132/><U13/><E25/><V32/><F105/><W134/><G0/><T14/><D78/><U36/><E36/><V91/><F91/><W135/><G47/><T71/><D67/><N who="2" m="25642" /><F32/><W18/><G63/><T46/><D46/><U21/><E21/><V39/><F108/><W73/><G130/><T80/><D55/><N who="1" m="30087" /><E87/><V38/><F72/><W9/><G9/><T50/><D50/><U34/><E34/><V24/><F24/><W104/><G100/><T109/><D109/><U31/><E31/><V41/><F41/><W10/><G10/><T26/><D26/><U131/><E131/><V133/><F75/><AGARI ba="1,0" hai="17,18,19,73,75,76,77,81,83,104,106,107,134,135" machi="75" ten="50,1600,0" yaku="9,1" doraHai="53" who="3" fromWho="2" sc="440,0,190,0,190,-19,180,19" /><INIT seed="1,0,0,5,4,89" ten="440,190,171,199" oya="1" hai0="98,81,29,130,34,131,97,83,61,109,71,111,11" hai1="67,13,50,15,113,35,5,115,77,132,117,30,93" hai2="6,87,107,19,57,84,43,79,85,4,10,90,14" hai3="105,88,41,119,58,94,63,80,38,122,56,133,33"/><U9/><E117/><V7/><F107/><W116/><G105/><T21/><D34/><U17/><E77/><V27/><F43/><W73/><G33/><T120/><D120/><U95/><E132/><V20/><F79/><W32/><G32/><T66/><D11/><U106/><E106/><V114/><F114/><W36/><G133/><T70/><D21/><U74/><E74/><V23/><F23/><W135/><G135/><T49/><D49/><U12/><E67/><V72/><F72/><W55/><G122/><T64/><REACH who="0" step="1"/><D61/><REACH who="0" ten="430,190,171,199" step="2"/><U75/><E113/><V59/><REACH who="2" step="1"/><F90/><REACH who="2" ten="430,190,161,199" step="2"/><W102/><G119/><T42/><D42/><U31/><E115/><V82/><F82/><W99/><G41/><T44/><D44/><U112/><E112/><V78/><F78/><W18/><G116/><T100/><D100/><U28/><E35/><V53/><F53/><W126/><G102/><T86/><D86/><U40/><E75/><V39/><F39/><W103/><G38/><T134/><D134/><U47/><REACH who="1" step="1"/><E17/><AGARI ba="0,2" hai="4,6,7,10,14,17,19,20,27,57,59,84,85,87" machi="17" ten="40,2600,0" yaku="1,1,8,1,53,0" doraHai="89" doraHaiUra="69" who="2" fromWho="1" sc="430,0,190,-26,161,46,199,0" /><INIT seed="2,0,0,1,2,14" ten="430,164,207,199" oya="2" hai0="55,0,35,117,115,10,60,108,22,109,97,129,42" hai1="127,25,86,106,71,99,4,87,125,67,16,78,133" hai2="76,26,2,47,40,5,119,80,131,3,1,89,15" hai3="111,130,94,13,23,123,59,62,49,43,39,135,70"/><V31/><F119/><W105/><G105/><T132/><D35/><U24/><E133/><V68/><F68/><W12/><G135/><T21/><D132/><U11/><E71/><V95/><F131/><W17/><G130/><T90/><D129/><U104/><E67/><V113/><F113/><W32/><G32/><T41/><D115/><U120/><E120/><V65/><F65/><W118/><G123/><T18/><D117/><U72/><E72/><V101/><F101/><W84/><G118/><T126/><D126/><N who="1" m="48139" /><E99/><V45/><F5/><W19/><G39/><T46/><D60/><U82/><E87/><V6/><F6/><W36/><G36/><T134/><D21/><N who="1" m="13351" /><E25/><V110/><F110/><W51/><G70/><T73/><D97/><U53/><E53/><V50/><F15/><AGARI ba="0,0" hai="4,11,15,78,82,86,104,106" m="13351,48139" machi="15" ten="30,3900,0" yaku="18,1,52,1,54,1" doraHai="14" who="1" fromWho="2" sc="430,0,164,39,207,-39,199,0" /><INIT seed="3,0,0,0,2,54" ten="430,203,168,199" oya="3" hai0="56,94,61,84,64,129,102,117,75,41,111,25,95" hai1="63,19,98,79,132,5,66,33,35,6,16,134,43" hai2="78,126,55,53,81,62,32,50,72,101,80,21,28" hai3="65,121,30,10,29,36,70,112,58,124,4,57,76"/><W2/><G36/><T118/><D75/><U51/><E79/><V0/><F0/><W87/><G112/><T130/><D111/><U107/><E51/><V133/><F133/><N who="1" m="51305" /><E43/><V122/><F126/><W71/><G124/><T7/><D7/><N who="1" m="2571" /><E98/><V17/><F122/><W23/><G121/><T1/><D25/><U114/><E107/><V42/><F101/><W97/><G97/><N who="0" m="59703" /><D41/><U96/><E96/><V52/><F81/><W24/><G30/><T105/><D1/><U15/><E114/><V44/><F32/><N who="1" m="12361" /><E15/><V86/><F28/><W18/><G29/><T26/><D26/><U27/><E27/><N who="2" m="14767" /><F72/><W93/><G65/><T8/><D8/><U125/><E125/><V59/><AGARI ba="0,0" hai="42,44,50,52,53,55,59,62,78,80,86" m="14767" machi="59" ten="30,4000,0" yaku="8,1,52,1,54,1" doraHai="54" who="2" fromWho="2" sc="430,-10,203,-10,168,40,199,-20" owari="420,52.0,193,-20.7,208,0.8,179,-32.1" /></mjloggm>