<mjloggm ver="2.3"><GO type="225" lobby="0"/><UN n0="%E6%A1%9C%E8%8A%B1%E9%96%83%E3%80%85" n1="%72%61%6B%33" n2="%E6%81%A5%E6%99%92%E3%81%97" n3="%E3%82%A2%E3%83%9E%E3%83%9D%EF%BD%9E%EF%BD%9E%E3%83%A9" dan="16,16,16,17" rate="2151.54,2082.02,2093.94,2068.30" sx="M,M,M,M"/><TAIKYOKU oya="0"/><INIT seed="0,0,0,5,2,37" ten="250,250,250,250" oya="0" hai0="4,118,22,19,13,2,122,74,57,100,17,23,75" hai1="59,81,63,89,129,45,124,68,113,43,128,24,12" hai2="20,114,78,53,18,96,86,126,64,90,79,31,119" hai3="101,102,99,117,35,16,82,66,65,133,132,111,110"/><T135/><D118/><U29/><E124/><V93/><F114/><W94/><G35/><T28/><D122/><U44/><E68/><V3/><F126/><W6/><G6/><T39/><D135/><N who="3" m="51785" /><G117/><T50/><D39/><U1/><E1/><V62/><F3/><W51/><G82/><T15/><D100/><U69/><E69/><V42/><F119/><W34/><G34/><T104/><D104/><U91/><E12/><V32/><F53/><W120/><G120/><T52/><REACH who="0" step="1"/><D28/><REACH who="0" ten="240,250,250,250" step="2"/><U26/><E29/><V14/><F31/><W85/><G102/><T67/><D67/><U108/><E113/><V92/><F64/><W10/><G66/><T56/><D56/><U105/><E59/><V106/><F106/><W0/><G65/><T84/><D84/><U71/><E105/><V125/><F86/><W40/><G85/><T70/><D70/><U25/><E71/><V123/><F125/><W83/><G101/><T21/><D21/><U95/><E129/><V30/><F20/><W80/><G99/><T134/><D134/><U49/><E128/><V116/><F30/><W7/><G111/><T54/><D54/><U131/><E131/><V27/><F116/><W33/><G110/><T127/><D127/><U130/><E108/><V97/><F123/><W121/><G121/><T5/><D5/><U48/><E130/><V76/><F97/><W73/><G33/><T47/><D47/><U109/><E45/><V58/><F96/><W98/><G98/><T88/><D88/><N who="1" m="33867" /><E44/><V41/><F32/><W46/><G46/><T72/><D72/><U77/><E109/><RYUUKYOKU ba="0,1" sc="240,30,250,-10,250,-10,250,-10" hai0="2,4,13,15,17,19,22,23,50,52,57,74,75" /><INIT seed="0,1,1,4,2,26" ten="270,240,240,240" oya="0" hai0="128,98,48,23,31,135,61,93,21,1,74,119,97" hai1="7,104,116,96,123,87,33,76,72,22,25,81,121" hai2="83,27,44,117,73,51,126,106,132,10,13,47,105" hai3="37,32,45,75,28,30,5,100,125,130,92,18,69"/><T113/><D113/><U89/><E7/><V9/><F126/><W4/><G75/><T50/><D119/><U127/><E33/><V115/><F115/><W91/><G32/><T107/><D74/><U19/><E116/><V95/><F117/><W70/><G125/><T49/><D1/><U82/><REACH who="1" step="1"/><E127/><REACH who="1" ten="270,230,240,240" step="2"/><V34/><F34/><W80/><G4/><T124/><D124/><U58/><E58/><V71/><F71/><W11/><G70/><T12/><D135/><U40/><E40/><V60/><F132/><W122/><G69/><T131/><D131/><U8/><E8/><V94/><F9/><W111/><G5/><T2/><D128/><U15/><E15/><V55/><F13/><N who="3" m="7487" /><G130/><T38/><D12/><U134/><E134/><V66/><F10/><W77/><G122/><T64/><D23/><U63/><E63/><V0/><F60/><W39/><G111/><T41/><D61/><U46/><E46/><V118/><F47/><W3/><G3/><T108/><D2/><U59/><E59/><V42/><F118/><W52/><G45/><T129/><D108/><U54/><E54/><V17/><F55/><W29/><G52/><T56/><D56/><U24/><E24/><V110/><F0/><W65/><G65/><T78/><D64/><U109/><E109/><V120/><F66/><W88/><G39/><T84/><D38/><U57/><E57/><V20/><F110/><W101/><G37/><T6/><D6/><U114/><E114/><V14/><F120/><W103/><G92/><N who="2" m="35369" /><F27/><W43/><G43/><T112/><D41/><U16/><E16/><RYUUKYOKU ba="1,2" sc="270,-30,230,10,240,10,240,10" hai1="19,22,25,72,76,81,82,87,89,96,104,121,123" hai2="14,17,20,42,44,51,73,83,105,106" hai3="28,29,30,77,80,88,91,100,101,103" /><INIT seed="1,2,2,5,4,98" ten="240,240,250,250" oya="1" hai0="65,124,67,101,44,97,84,19,29,32,41,133,80" hai1="58,62,30,63,57,56,48,9,81,34,75,100,33" hai2="83,123,40,6,114,10,94,42,26,117,46,109,116" hai3="2,107,7,60,25,71,55,128,37,78,21,86,96"/><U112/><E112/><V135/><F123/><W92/><G37/><T47/><D124/><U115/><E115/><V36/><F114/><W119/><G128/><T89/><D133/><U16/><E48/><V1/><F135/><W61/><G107/><T66/><D19/><U54/><E100/><V17/><F109/><W8/><G71/><T88/><D89/><U99/><E99/><V79/><F42/><W39/><G39/><T105/><REACH who="0" step="1"/><D41/><REACH who="0" ten="230,240,250,250" step="2"/><U35/><E30/><V0/><F17/><W77/><G77/><T27/><AGARI ba="2,3" hai="27,29,32,44,47,65,66,67,80,84,88,97,101,105" machi="27" ten="30,8000,1" yaku="1,1,2,1,0,1,52,1,54,1,53,0" doraHai="98" doraHaiUra="13" who="0" fromWho="0" sc="230,116,240,-42,250,-22,250,-22" /><INIT seed="2,0,0,2,0,85" ten="346,198,228,228" oya="2" hai0="78,83,4,90,41,98,57,111,0,33,37,104,128" hai1="18,71,119,121,16,74,42,35,132,68,114,47,25" hai2="134,81,122,110,76,102,30,63,135,12,123,7,31" hai3="100,80,107,75,2,15,26,50,48,64,89,92,22"/><V13/><F102/><W36/><G36/><T39/><D33/><U126/><E114/><V58/><F81/><W106/><G2/><T11/><D111/><U66/><E119/><V28/><F76/><W99/><G64/><T6/><D6/><U56/><E126/><V108/><F58/><W113/><G15/><N who="2" m="5705" /><F7/><W19/><G113/><T27/><D57/><U131/><E74/><V65/><F63/><W101/><G107/><T14/><D104/><U117/><E56/><V5/><F5/><W9/><G9/><T82/><D82/><U23/><E66/><V69/><F69/><W44/><G106/><T29/><D83/><U120/><E117/><V84/><F84/><N who="3" m="50311" /><G75/><T129/><D78/><U87/><E71/><V51/><F51/><N who="3" m="19499" /><G44/><T17/><D39/><U70/><E47/><V43/><F43/><W24/><G24/><T94/><D41/><U62/><E42/><V34/><F34/><W72/><G72/><T20/><D37/><U96/><E35/><V97/><F97/><W38/><G38/><T86/><D98/><U133/><E96/><V77/><F77/><W60/><G60/><T115/><D115/><U59/><E68/><V46/><F46/><W1/><G1/><T109/><D0/><U118/><E70/><V49/><F49/><W105/><G105/><T61/><D61/><U21/><E62/><V112/><F112/><W67/><G67/><T3/><D3/><U40/><E40/><V45/><F65/><W54/><G101/><T32/><D32/><U127/><E59/><V103/><F45/><W73/><G73/><T125/><D4/><RYUUKYOKU ba="0,0" sc="346,-10,198,-10,228,-10,228,30" hai3="19,22,26,54,92,99,100" /><INIT seed="3,1,0,0,5,93" ten="336,188,218,258" oya="3" hai0="123,86,60,30,3,26,115,88,9,134,112,2,69" hai1="76,31,62,15,53,24,99,121,110,122,100,73,11" hai2="51,4,27,78,64,103,129,38,66,89,119,70,113" hai3="12,17,75,56,107,72,102,109,74,118,135,71,87"/><W106/><G71/><T23/><D123/><U46/><E110/><V114/><F119/><W19/><G118/><T45/><D45/><U52/><E73/><V124/><F38/><W41/><G109/><T54/><D134/><U130/><E76/><V21/><F4/><W61/><G41/><T8/><D54/><U83/><E83/><V95/><F124/><W131/><G131/><T84/><D60/><U120/><E130/><V82/><F103/><W133/><G87/><N who="0" m="33323" /><D88/><U63/><E46/><V44/><F129/><W35/><G35/><T48/><D48/><U126/><E126/><V80/><F113/><N who="0" m="43594" /><D69/><U22/><E63/><V68/><F114/><W42/><G42/><T16/><D30/><U14/><E62/><V116/><F68/><W36/><G36/><T128/><D128/><U50/><E50/><V49/><F70/><W67/><G135/><T85/><D85/><U1/><E1/><AGARI ba="1,0" hai="1,2,3,8,9,16,23,26" m="43594,33323" machi="1" ten="30,2000,0" yaku="11,1,54,1" doraHai="93" who="0" fromWho="1" sc="336,23,188,-23,218,0,258,0" owari="359,45.9,165,-33.5,218,-18.2,258,5.8" /></mjloggm>