<mjloggm ver="2.3"><GO type="225" lobby="0"/><UN n0="%E4%BF%BA%E3%81%A8%E5%A6%96%E5%A4%A2" n1="%E3%82%A4%E3%83%BC%E3%82%B1%E3%83%97%E3%83%A9" n2="%E6%9C%88%E5%B3%B6%E5%9F%BA" n3="%E7%B4%94%E6%BD%94%E3%83%94%E3%83%A9%E3%83%8B%E3%82%A2" dan="16,16,17,17" rate="2155.44,2096.49,2201.90,2219.93" sx="F,M,M,M"/><TAIKYOKU oya="0"/><INIT seed="0,0,0,0,3,12" ten="250,250,250,250" oya="0" hai0="57,124,52,93,60,34,69,70,77,22,121,114,96" hai1="14,135,9,1,102,97,6,129,103,116,66,86,31" hai2="118,7,50,43,38,82,41,94,47,87,27,61,11" hai3="4,74,45,42,40,112,28,62,10,80,89,67,101"/><T29/><D114/><U130/><E116/><V128/><F118/><W113/><G101/><T53/><D121/><U36/><E36/><V16/><F128/><N who="1" m="49257" /><E135/><V98/><F61/><W35/><G42/><T126/><D34/><U24/><E66/><V26/><F38/><W100/><G100/><N who="1" m="38442" /><E97/><V33/><F33/><W48/><G28/><T18/><D29/><U55/><E55/><N who="2" m="30175" /><F7/><W125/><G35/><T134/><D53/><U122/><E86/><V0/><F0/><W65/><G65/><T83/><D134/><U75/><E75/><V92/><F27/><W3/><G125/><N who="0" m="48235" /><D83/><U108/><E108/><V44/><F44/><W107/><G107/><T15/><D77/><U131/><N who="1" m="49265" /><U68/><DORA hai="85" /><E68/><V81/><F81/><W79/><G89/><AGARI ba="0,0" hai="15,18,22,52,57,60,69,70,89,93,96" m="48235" machi="89" ten="30,11600,0" yaku="18,1,52,2,54,1" doraHai="12,85" who="0" fromWho="3" sc="250,116,250,0,250,0,250,-116" /><INIT seed="0,1,0,3,2,113" ten="366,250,250,134" oya="0" hai0="75,19,32,98,68,26,73,48,49,12,110,25,76" hai1="65,51,103,22,18,57,9,95,82,106,10,50,99" hai2="123,21,97,44,8,4,135,16,2,116,96,58,79" hai3="117,62,29,93,78,84,133,130,24,3,127,80,118"/><T72/><D68/><U101/><E106/><V31/><F123/><W115/><G115/><T83/><D110/><U52/><E103/><V88/><F135/><W128/><G3/><T7/><D7/><U90/><E65/><V69/><F69/><W55/><G133/><T33/><D98/><U100/><E51/><V111/><F111/><W27/><G93/><T11/><D26/><U34/><E34/><V36/><F31/><W38/><G38/><T47/><D49/><U112/><E112/><V120/><F79/><W109/><G109/><T15/><D15/><U14/><E82/><V54/><F116/><N who="3" m="44651" /><G127/><T1/><D1/><U125/><E125/><V87/><F120/><W132/><G132/><T20/><D33/><U53/><E101/><V124/><F124/><W108/><G108/><T61/><D61/><U70/><E70/><V126/><F126/><W105/><G105/><T39/><D39/><U5/><E100/><V114/><F114/><W134/><G134/><T60/><D60/><N who="1" m="35879" /><E5/><V129/><F36/><W107/><G107/><T45/><D32/><U89/><E89/><V102/><F102/><W59/><G29/><T81/><D81/><U13/><E13/><V56/><F96/><W92/><G92/><T74/><D48/><U40/><E40/><V46/><F97/><W64/><G64/><T77/><D77/><U41/><E41/><V28/><F2/><W86/><G84/><T94/><D94/><U23/><E9/><V66/><F66/><W37/><G37/><T122/><D122/><U42/><E42/><V43/><F43/><W35/><G35/><RYUUKYOKU ba="1,0" sc="366,10,250,10,250,-30,134,10" hai0="11,12,19,20,25,45,47,72,73,74,75,76,83" hai1="10,14,18,22,23,50,53,90,95,99" hai3="24,27,55,59,62,78,80,86,128,130" /><INIT seed="0,2,0,0,3,123" ten="376,260,220,144" oya="0" hai0="104,72,59,97,50,73,65,100,91,68,122,24,81" hai1="127,21,40,23,78,45,109,41,3,63,4,49,80" hai2="90,115,99,12,39,25,111,64,30,66,130,0,32" hai3="108,83,55,71,84,18,56,94,31,1,134,33,62"/><T37/><D122/><U26/><E127/><V113/><F0/><W54/><G134/><T129/><D37/><U75/><E41/><V87/><F39/><W135/><G135/><T82/><D129/><U125/><E125/><V133/><F130/><W29/><G1/><T69/><D24/><U105/><E105/><V107/><F133/><W106/><G106/><T88/><D72/><U36/><E49/><V98/><F113/><W126/><G126/><T92/><D91/><U10/><E63/><V48/><F115/><W67/><G33/><T101/><D101/><U19/><E23/><N who="2" m="15679" /><F107/><W15/><G94/><T17/><D17/><U85/><E85/><V6/><F32/><W42/><G42/><T60/><D50/><U95/><E95/><N who="2" m="54751" /><F111/><AGARI ba="2,0" hai="3,4,10,19,21,26,36,40,45,75,78,80,109,111" machi="111" ten="40,8000,1" yaku="25,2,52,2" doraHai="123" who="1" fromWho="2" sc="376,0,260,86,220,-86,144,0" /><INIT seed="1,0,0,0,2,39" ten="376,346,134,144" oya="1" hai0="112,38,81,74,135,86,104,106,51,7,127,55,35" hai1="76,12,62,84,72,41,83,25,69,80,27,56,118" hai2="70,10,67,43,42,66,20,18,24,113,95,114,99" hai3="3,73,109,23,98,122,32,14,63,61,36,89,52"/><U59/><E118/><V121/><F121/><W116/><G3/><T101/><D112/><N who="2" m="43114" /><F10/><W71/><G32/><T130/><D38/><U65/><E12/><V105/><F105/><W79/><G36/><T68/><D74/><U117/><E117/><V91/><F70/><W9/><G109/><T126/><D35/><U110/><E110/><V97/><F97/><W82/><G71/><T21/><D68/><U64/><E41/><AGARI ba="0,0" hai="18,20,24,41,42,43,66,67,91,95,99" m="43114" machi="41" ten="30,7700,0" yaku="11,1,52,3" doraHai="39" who="2" fromWho="1" sc="376,0,346,-77,134,77,144,0" /><INIT seed="2,0,0,5,5,115" ten="376,269,211,144" oya="2" hai0="43,9,110,59,95,28,3,89,106,30,55,51,8" hai1="83,73,92,129,49,15,61,79,29,4,109,34,135" hai2="27,119,117,26,78,53,14,124,1,122,121,88,105" hai3="70,12,120,69,24,21,35,62,37,111,82,20,58"/><V87/><F1/><W0/><G0/><T84/><D106/><U133/><E109/><V18/><F105/><W2/><G2/><T128/><D110/><U47/><E129/><V80/><F124/><W25/><G37/><T114/><D114/><U44/><E61/><V42/><F42/><W40/><G40/><T46/><D128/><U68/><E68/><V103/><F103/><W96/><G111/><T93/><D93/><U116/><E116/><V76/><F121/><W72/><G12/><T13/><D3/><U64/><E64/><V108/><F122/><W52/><G35/><T7/><REACH who="0" step="1"/><D8/><REACH who="0" ten="366,269,211,144" step="2"/><U56/><E92/><V31/><F108/><W130/><G120/><T57/><D57/><U102/><E56/><V90/><F117/><W97/><G130/><T71/><D71/><U16/><E133/><V81/><F119/><W11/><G11/><T38/><AGARI ba="0,1" hai="7,9,13,28,30,38,43,46,51,55,59,84,89,95" machi="38" ten="20,5200,0" yaku="1,1,0,1,7,1,53,1" doraHai="115" doraHaiUra="86" who="0" fromWho="0" sc="366,62,269,-13,211,-26,144,-13" /><INIT seed="3,0,0,2,4,56" ten="428,256,185,131" oya="3" hai0="17,135,99,71,74,52,49,73,93,108,91,24,67" hai1="9,53,104,18,131,109,100,61,28,101,6,40,3" hai2="78,58,25,22,2,31,121,89,123,85,10,0,43" hai3="103,54,122,88,127,65,72,55,41,132,111,48,70"/><W79/><G122/><N who="2" m="46601" /><F78/><W120/><G120/><T133/><D108/><U77/><E109/><V4/><F43/><W47/><G111/><T129/><D129/><U16/><E131/><V26/><F58/><W95/><G132/><N who="0" m="50763" /><D67/><U21/><E40/><V84/><F2/><W125/><G103/><T63/><D63/><U11/><E77/><V106/><F106/><W117/><G117/><T128/><D71/><U69/><E101/><V80/><F26/><W134/><G134/><T13/><D24/><U23/><E23/><V113/><F85/><W34/><G34/><T97/><D97/><U94/><E104/><V98/><F98/><W38/><G72/><T126/><D126/><N who="3" m="48137" /><G79/><T29/><D29/><U50/><E28/><V37/><F37/><W46/><G95/><T130/><D130/><U59/><E94/><V62/><F62/><N who="3" m="40247" /><G88/><T107/><D107/><U105/><E100/><V12/><F0/><W66/><G66/><T42/><D128/><U36/><E3/><V35/><F113/><W116/><G116/><T75/><D75/><U19/><E36/><V5/><F35/><W102/><G102/><T114/><D114/><U96/><E96/><V76/><F76/><W81/><G81/><T14/><D74/><U60/><E105/><V57/><F5/><W92/><G92/><T86/><D73/><U7/><E69/><V82/><F82/><W119/><G119/><T39/><D99/><U64/><E64/><V8/><F8/><N who="1" m="3145" /><E21/><V15/><F15/><W32/><G32/><T118/><D118/><U83/><E83/><V44/><F80/><W87/><G87/><RYUUKYOKU ba="0,0" sc="428,-15,256,15,185,-15,131,15" hai1="6,7,16,18,19,50,53,59,60,61" hai3="38,41,46,47,48,54,55" /><INIT seed="3,1,0,0,5,92" ten="413,271,170,146" oya="3" hai0="15,56,127,75,102,24,133,114,43,85,84,29,47" hai1="73,12,4,55,124,129,110,50,63,31,40,126,112" hai2="7,28,119,23,78,48,71,103,132,33,0,39,34" hai3="93,111,2,79,105,95,125,27,3,20,97,128,36"/><W65/><G36/><T122/><D122/><U91/><E112/><V61/><F39/><W107/><G128/><T116/><D116/><U118/><E118/><V83/><F103/><W49/><G125/><N who="1" m="48234" /><E73/><V66/><F7/><W64/><G79/><T121/><D127/><U94/><E110/><V52/><F0/><W19/><G111/><T22/><D121/><U13/><E129/><V38/><F38/><W87/><G2/><T90/><D75/><U14/><E31/><V9/><F9/><W135/><G3/><T37/><D114/><U16/><E4/><V8/><F8/><W120/><G120/><T86/><D133/><U18/><E63/><V6/><F6/><W51/><G135/><T108/><D102/><U100/><E40/><V58/><F119/><W99/><G87/><T72/><D72/><U62/><E62/><V54/><F132/><W46/><G107/><T80/><D108/><U30/><E30/><V25/><F54/><N who="3" m="30007" /><G51/><T32/><D56/><N who="1" m="32887" /><E100/><V82/><F34/><W98/><G105/><T130/><D130/><U77/><E77/><V69/><F33/><W57/><G57/><T109/><D109/><U60/><E60/><V117/><F117/><W76/><G76/><T45/><D47/><U74/><E74/><V67/><F78/><W123/><G123/><T42/><D42/><U131/><E131/><V5/><F5/><W35/><G35/><T68/><D68/><U89/><E89/><V81/><F69/><W21/><G21/><T59/><D59/><U88/><E91/><V11/><F11/><W41/><G41/><T106/><D106/><RYUUKYOKU ba="1,0" sc="413,0,271,0,170,0,146,0" hai0="15,22,24,29,32,37,43,45,80,84,85,86,90" hai1="12,13,14,16,18,88,94" hai2="23,25,28,48,52,58,61,66,67,71,81,82,83" hai3="19,20,27,64,65,93,95,97,98,99" /><INIT seed="3,2,0,1,4,83" ten="413,271,170,146" oya="3" hai0="90,42,135,15,7,4,130,104,68,119,36,113,71" hai1="65,92,128,0,58,121,3,117,57,118,27,49,53" hai2="12,60,88,33,16,55,66,61,110,82,44,24,18" hai3="112,17,13,93,105,132,48,47,19,11,5,10,52"/><W129/><G105/><T26/><D119/><N who="1" m="45579" /><E121/><V87/><F110/><W108/><G112/><T103/><D26/><U80/><E128/><V63/><F33/><W14/><G129/><T34/><D34/><U101/><E80/><V6/><F66/><W109/><G132/><T2/><D2/><N who="1" m="555" /><E27/><V51/><F24/><W100/><REACH who="3" step="1"/><G5/><REACH who="3" ten="413,271,170,136" step="2"/><T73/><D4/><U85/><E65/><V96/><F96/><AGARI ba="2,1" hai="10,11,13,14,17,19,47,48,52,93,96,100,108,109" machi="96" ten="40,12000,1" yaku="1,1,2,1,9,1,54,1,53,0" doraHai="83" doraHaiUra="115" who="3" fromWho="2" sc="413,0,271,0,170,-126,136,136" /><INIT seed="3,3,0,4,4,109" ten="413,271,44,272" oya="3" hai0="110,112,35,61,86,48,4,67,130,19,122,82,124" hai1="119,89,127,46,13,62,118,93,7,63,120,45,6" hai2="10,69,43,85,75,105,16,114,101,51,128,91,17" hai3="117,94,41,107,74,95,135,26,32,21,90,33,29"/><W27/><G117/><N who="1" m="44554" /><E120/><V116/><F116/><W98/><G74/><T73/><D122/><U37/><E127/><V39/><F75/><W28/><G135/><T18/><D35/><U38/><E45/><V50/><F69/><W121/><G121/><T52/><D73/><U84/><E46/><V22/><F39/><N who="1" m="14857" /><E13/><V66/><F128/><W3/><G3/><T123/><D19/><U129/><E129/><V103/><F105/><W58/><G41/><T111/><D86/><U56/><E63/><V24/><F43/><W55/><G21/><T20/><D82/><U102/><E102/><V30/><F66/><AGARI ba="3,0" hai="6,7,56,62,66,84,89,93" m="14857,44554" machi="66" ten="30,1000,0" yaku="12,1" doraHai="109" who="1" fromWho="2" sc="413,0,271,19,44,-19,272,0" owari="413,51.3,290,9.0,25,-47.5,272,-12.8" /></mjloggm>