<mjloggm ver="2.3"><GO type="225" lobby="0"/><UN n0="%E6%A3%AE%E5%B1%B1%E7%94%B0%E7%9B%B4%E5%A4%AA%E6%9C%97%E4%B9%8B%E4%BB%8B" n1="%E3%83%A9%E3%82%B9%E7%8E%87%EF%BC%93%E5%89%B2" n2="%E3%80%90%E3%83%88%E3%83%AA%E3%83%A5%E3%83%95%E3%80%91" n3="%72%69%6F%75%63%68%61%6E" dan="16,16,16,16" rate="2169.66,2216.47,2092.38,2189.64" sx="M,F,M,M"/><TAIKYOKU oya="0"/><INIT seed="0,0,0,5,1,96" ten="250,250,250,250" oya="0" hai0="45,100,82,98,122,50,38,77,67,1,94,107,6" hai1="2,104,29,4,60,74,115,41,31,75,89,117,39" hai2="64,3,73,8,90,86,72,87,36,19,35,7,88" hai3="37,12,52,42,135,25,56,62,123,113,76,110,40"/><T32/><D122/><U105/><E117/><V92/><F36/><W53/><G113/><T79/><D32/><U24/><E89/><V63/><F19/><W0/><G0/><T13/><D107/><U128/><E60/><V130/><F130/><W91/><G110/><T109/><D1/><U17/><E17/><V71/><REACH who="2" step="1"/><F35/><REACH who="2" ten="250,250,240,250" step="2"/><W126/><G37/><T18/><D109/><U118/><E39/><V20/><F20/><W14/><G123/><T112/><D38/><U5/><E128/><V103/><F103/><W44/><G126/><T127/><D112/><U10/><E115/><V33/><F33/><W26/><G135/><T61/><D127/><U80/><E118/><V57/><F57/><W131/><G131/><T70/><D6/><U68/><E68/><V43/><F43/><W46/><G91/><T49/><D45/><N who="3" m="17513" /><G76/><T51/><REACH who="0" step="1"/><D82/><AGARI ba="0,1" hai="3,7,8,63,64,71,72,73,82,86,87,88,90,92" machi="82" ten="30,8000,1" yaku="1,1,7,1,54,1,53,2" doraHai="96" doraHaiUra="106" who="2" fromWho="0" sc="250,-80,250,0,240,90,250,0" /><INIT seed="1,0,0,0,3,28" ten="170,250,330,250" oya="1" hai0="66,98,38,43,107,49,126,113,116,58,102,31,101" hai1="117,73,16,76,83,129,60,20,6,74,64,85,42" hai2="21,8,111,4,61,124,5,57,79,82,41,7,80" hai3="121,88,52,95,72,123,55,26,77,128,34,63,18"/><U122/><E117/><V78/><F111/><W127/><G128/><T53/><D116/><U130/><E122/><V27/><F124/><W56/><G127/><T12/><D126/><U35/><E6/><V36/><F8/><W131/><G131/><N who="1" m="50186" /><E42/><V15/><F15/><W97/><G55/><T44/><D113/><U103/><E103/><V92/><F92/><W93/><G93/><T48/><D102/><U47/><E47/><V75/><F41/><W45/><G45/><T62/><D12/><N who="1" m="9223" /><E35/><V70/><F36/><W2/><G2/><T114/><D114/><U13/><E13/><V40/><F40/><W51/><G51/><T115/><D115/><U30/><E30/><V25/><F21/><N who="3" m="13623" /><G34/><T133/><D133/><U0/><E0/><V89/><F70/><AGARI ba="0,0" hai="60,64,70,73,74,76,83,85" m="9223,50186" machi="70" ten="30,2900,0" yaku="19,1,54,1" doraHai="28" who="1" fromWho="2" sc="170,0,250,29,330,-29,250,0" /><INIT seed="1,1,0,5,3,71" ten="170,279,301,250" oya="1" hai0="33,42,62,2,9,38,26,31,23,16,106,51,107" hai1="4,124,50,67,118,68,117,18,49,57,34,20,19" hai2="6,121,70,82,45,88,134,104,90,102,36,69,46" hai3="100,116,30,25,123,96,61,21,10,127,86,44,15"/><U47/><E34/><V14/><F121/><W89/><G127/><T114/><D62/><U54/><E124/><V29/><F29/><W111/><G111/><T85/><D114/><U135/><E4/><V72/><F104/><W130/><G130/><T27/><D51/><U22/><E68/><V109/><F109/><W65/><G123/><T13/><D85/><U12/><E135/><V80/><F134/><W48/><G116/><T59/><D59/><U126/><E126/><V125/><F125/><W98/><G100/><T128/><D128/><U77/><E77/><V73/><F6/><W97/><G61/><T11/><D11/><U7/><E7/><V75/><F102/><W3/><G3/><T83/><D83/><U129/><E129/><V58/><F72/><W87/><G65/><T94/><D94/><U113/><E113/><V0/><F58/><W56/><G56/><T119/><D119/><U81/><E81/><V5/><F5/><N who="3" m="3535" /><G89/><T132/><D132/><U60/><REACH who="1" step="1"/><E50/><REACH who="1" ten="170,269,301,250" step="2"/><V8/><F69/><W133/><G133/><T122/><D122/><U110/><E110/><V55/><F70/><W52/><AGARI ba="1,1" hai="21,25,30,44,48,52,86,87,96,97,98" m="3535" machi="52" ten="30,2000,0" yaku="8,1,54,1" doraHai="71" who="3" fromWho="3" sc="170,-6,269,-11,301,-6,250,33" /><INIT seed="2,0,0,3,0,63" ten="164,258,295,283" oya="2" hai0="24,67,14,37,106,131,90,48,57,30,122,13,89" hai1="2,38,96,103,36,97,77,23,105,50,47,114,91" hai2="16,45,104,25,119,12,112,102,58,121,62,53,10" hai3="100,42,46,110,34,65,113,51,7,132,40,120,85"/><V117/><F112/><W29/><G120/><T130/><D122/><U74/><E2/><V60/><F121/><W134/><G113/><T61/><D106/><U1/><E1/><V15/><F25/><N who="3" m="18735" /><G7/><T26/><D37/><U107/><E114/><V109/><F109/><W76/><G110/><T54/><D13/><U5/><E5/><V92/><F104/><W64/><G100/><T49/><D14/><U56/><E23/><N who="2" m="11655" /><F117/><W125/><G40/><T135/><D135/><N who="3" m="51753" /><G125/><T55/><D48/><U75/><E50/><N who="2" m="28879" /><F119/><W66/><G85/><T39/><D39/><U41/><E38/><V68/><F68/><W72/><G76/><T128/><D54/><U31/><E77/><V80/><F58/><W32/><G72/><T8/><D8/><U44/><E56/><V22/><F22/><W86/><G86/><T28/><D24/><U123/><E123/><V69/><F69/><W127/><G127/><T115/><D115/><U17/><E74/><V20/><F20/><W94/><G94/><T95/><D26/><U78/><E75/><V70/><F70/><W6/><G6/><T27/><D27/><U71/><E71/><V108/><F108/><W79/><G79/><T52/><D55/><U99/><E78/><V19/><F80/><W124/><G124/><T33/><D33/><AGARI ba="0,0" hai="32,33,42,46,51,64,65,66" m="51753,18735" machi="33" ten="30,7700,0" yaku="20,1,52,3" doraHai="63" who="3" fromWho="0" sc="164,-77,258,0,295,0,283,77" /><INIT seed="3,0,0,0,0,114" ten="87,258,295,360" oya="3" hai0="26,8,75,125,131,71,65,68,52,77,78,86,56" hai1="4,18,128,81,83,30,127,82,15,96,92,60,118" hai2="35,111,57,58,74,116,91,123,13,11,10,9,19" hai3="22,112,36,121,55,62,27,69,132,129,72,28,2"/><W31/><G112/><T97/><D75/><U66/><E128/><V64/><F74/><W48/><G121/><T101/><D131/><U124/><E30/><V76/><F76/><W12/><G129/><T0/><D125/><U67/><E4/><V73/><F73/><W6/><G36/><T50/><D71/><U126/><E60/><V41/><F35/><W135/><G72/><T32/><D86/><U24/><E24/><V61/><F111/><W63/><G2/><T70/><D70/><U133/><E133/><N who="3" m="51274" /><G69/><T3/><D0/><U85/><E85/><V80/><F123/><W106/><G106/><T113/><D113/><U51/><E51/><V99/><F41/><W87/><G28/><T79/><D3/><U29/><E29/><V100/><F57/><N who="3" m="32999" /><G87/><T5/><D32/><U94/><E118/><V37/><F37/><W90/><G90/><T98/><D26/><U23/><E96/><V107/><F91/><W44/><G44/><T122/><D122/><U102/><E102/><V49/><F80/><W40/><G40/><T54/><D54/><U103/><E103/><V39/><F39/><W20/><G6/><T25/><D25/><U45/><E45/><V119/><REACH who="2" step="1"/><F49/><REACH who="2" ten="87,258,285,360" step="2"/><W110/><G110/><T42/><D42/><U47/><E47/><V108/><F108/><W109/><G109/><T93/><D98/><U1/><E1/><V84/><F84/><W95/><G95/><AGARI ba="0,1" hai="15,18,23,66,67,81,82,83,92,94,95,124,126,127" machi="95" ten="50,1600,0" yaku="18,1" doraHai="114" who="1" fromWho="3" sc="87,0,258,26,285,0,360,-16" owari="87,-41.3,284,-11.6,285,8.5,344,44.4" /></mjloggm>