<mjloggm ver="2.3"><GO type="225" lobby="0"/><UN n0="%4B%2E%32%2E%4B%2E" n1="%70%68%65%6E%6F%6D%65" n2="%E3%81%BF%E3%81%BF%E3%81%9A" n3="%72%61%6B%33" dan="17,16,17,16" rate="2198.40,2181.47,2195.50,2110.09" sx="M,M,M,M"/><TAIKYOKU oya="0"/><INIT seed="0,0,0,4,2,123" ten="250,250,250,250" oya="0" hai0="99,48,4,27,108,36,97,134,81,58,66,111,91" hai1="35,54,25,100,116,79,114,132,71,67,73,51,69" hai2="119,107,62,50,76,57,59,98,89,121,40,80,122" hai3="13,72,2,38,60,104,7,75,12,46,115,29,135"/><T68/><D36/><U85/><E116/><V65/><F119/><W24/><G115/><T74/><D134/><U20/><E73/><V125/><F125/><W42/><G135/><T120/><D120/><U84/><E132/><V129/><F129/><W33/><G13/><T82/><D68/><U105/><E35/><V131/><F131/><W22/><G104/><T19/><D4/><U43/><E43/><V117/><F117/><W64/><G22/><N who="0" m="13791" /><D74/><U44/><E67/><V8/><F8/><N who="3" m="2167" /><G12/><T6/><D6/><U128/><E114/><V11/><F11/><W56/><G56/><T103/><D91/><U30/><E128/><V61/><F50/><W3/><G3/><T28/><D28/><U1/><E1/><V95/><F40/><W63/><G63/><N who="0" m="38263" /><D48/><U17/><E30/><V5/><F107/><W112/><G112/><T88/><D99/><U32/><E32/><V77/><F5/><W90/><G90/><T87/><D97/><N who="1" m="61583" /><E79/><V31/><F77/><W93/><G93/><N who="0" m="54431" /><D103/><U109/><E69/><V124/><F31/><W126/><G126/><T47/><D47/><U34/><E71/><V130/><F124/><W14/><G75/><T118/><D118/><U94/><E34/><V110/><F130/><W9/><G72/><T15/><D15/><U70/><E70/><V92/><F92/><W96/><G14/><T0/><D0/><U10/><E94/><V23/><F23/><W113/><G113/><T83/><D83/><U133/><E133/><V53/><F110/><N who="0" m="42026" /><D82/><U26/><E109/><V127/><F127/><W52/><G33/><T41/><D81/><RYUUKYOKU ba="0,0" sc="250,15,250,-15,250,15,250,-15" hai0="41" hai2="53,57,59,61,62,65,76,80,89,95,98,121,122" /><INIT seed="0,1,0,5,5,128" ten="265,235,265,235" oya="0" hai0="2,94,67,113,28,64,66,33,96,20,52,75,100" hai1="9,45,92,46,107,55,49,111,98,130,26,124,70" hai2="102,16,40,1,65,72,120,119,29,135,115,43,133" hai3="78,61,3,123,81,48,56,27,82,104,24,121,80"/><T114/><D75/><U57/><E130/><V11/><F135/><W50/><G78/><T51/><D33/><U35/><E111/><V23/><F72/><W17/><G104/><T38/><D38/><U127/><E107/><V6/><F115/><W25/><G3/><T84/><D2/><U97/><E70/><V95/><F120/><N who="3" m="46155" /><G17/><T103/><D84/><U76/><E76/><V30/><F133/><W59/><G61/><T21/><D103/><U42/><E46/><V36/><F65/><W7/><G7/><T47/><REACH who="0" step="1"/><D28/><REACH who="0" ten="255,235,265,235" step="2"/><U112/><E35/><V34/><F34/><W44/><G44/><T116/><D116/><U126/><E45/><V19/><F29/><W129/><G129/><T15/><D15/><U131/><E131/><V118/><F36/><W79/><G79/><T39/><D39/><U89/><E126/><V53/><F30/><W132/><G132/><T69/><D69/><U31/><E124/><V93/><F119/><W117/><G117/><T62/><D62/><U32/><E127/><V105/><F118/><W0/><G0/><T73/><D73/><U74/><E74/><V109/><F102/><W60/><G60/><T37/><D37/><U4/><E32/><V68/><F68/><W41/><G41/><T85/><D85/><N who="1" m="52271" /><E42/><V77/><F43/><W88/><G88/><T71/><D71/><U10/><E31/><V101/><F40/><W134/><G134/><T87/><D87/><U125/><E125/><V91/><F101/><W83/><N who="3" m="20480" /><DORA hai="22" /><W108/><G108/><T90/><D90/><U54/><E98/><N who="2" m="57663" /><F109/><W13/><G13/><RYUUKYOKU ba="1,1" sc="255,15,235,-15,265,-15,235,15" hai0="20,21,47,51,52,64,66,67,94,96,100,113,114" hai3="24,25,27,48,50,56,59" /><INIT seed="0,2,1,2,0,109" ten="270,220,250,250" oya="0" hai0="122,28,96,118,51,113,85,115,81,93,48,39,0" hai1="62,43,33,124,12,25,97,76,63,114,2,55,75" hai2="120,53,129,16,103,6,21,100,47,44,92,111,15" hai3="59,135,38,32,24,67,42,99,130,37,71,107,83"/><T61/><D118/><U106/><E2/><V119/><F120/><W123/><G123/><T34/><D122/><U18/><E43/><V20/><F111/><W86/><G59/><T84/><D39/><U10/><E124/><V79/><F119/><W105/><G130/><T121/><D121/><U5/><E75/><V27/><F129/><W125/><G135/><T58/><D0/><U23/><E76/><V90/><F79/><W40/><G125/><T19/><D19/><U126/><E126/><V128/><F128/><W102/><G107/><T94/><D28/><U116/><E116/><V30/><F6/><W54/><G54/><T66/><D34/><U110/><E110/><V8/><F8/><W29/><G40/><T91/><D94/><U112/><E33/><V26/><F15/><W108/><G42/><T82/><D48/><U68/><E55/><V73/><F73/><W88/><G108/><T72/><D51/><U56/><E68/><V131/><F131/><W60/><AGARI ba="2,1" hai="24,29,32,37,38,60,67,71,83,86,88,99,102,105" machi="60" ten="30,7900,0" yaku="0,1,25,2,54,1" doraHai="109" who="3" fromWho="3" sc="270,-41,220,-22,250,-22,250,95" /><INIT seed="1,0,0,4,2,12" ten="229,198,228,345" oya="1" hai0="84,28,68,78,58,82,72,26,101,96,51,120,75" hai1="66,91,41,70,124,90,76,102,89,13,62,7,22" hai2="86,44,113,38,123,114,5,133,127,100,47,6,25" hai3="34,105,80,92,20,130,126,24,55,111,125,116,128"/><U81/><E124/><N who="3" m="47722" /><G105/><T57/><D120/><U45/><E102/><V64/><F127/><W46/><G111/><T97/><D97/><U83/><E76/><V67/><F123/><W4/><G116/><T15/><D68/><U8/><REACH who="1" step="1"/><E22/><REACH who="1" ten="229,188,228,345" step="2"/><V16/><F100/><W61/><G20/><T42/><D78/><U129/><E129/><V104/><F104/><W93/><G130/><T54/><D101/><U77/><E77/><V56/><F114/><W43/><G128/><T14/><D75/><U103/><E103/><V65/><F113/><W119/><G119/><T35/><D72/><U37/><AGARI ba="0,1" hai="7,8,13,37,41,45,62,66,70,81,83,89,90,91" machi="37" ten="30,3000,0" yaku="1,1,0,1,53,0" doraHai="12" doraHaiUra="95" who="1" fromWho="1" sc="229,-10,188,40,228,-10,345,-10" /><INIT seed="1,1,0,1,2,51" ten="219,228,218,335" oya="1" hai0="11,83,68,30,93,25,74,113,21,114,46,134,71" hai1="111,34,73,48,17,61,103,98,55,64,7,22,102" hai2="127,19,101,52,31,132,41,135,26,40,28,79,117" hai3="43,59,14,81,130,99,126,20,65,67,56,12,87"/><U32/><E73/><V57/><F117/><W112/><G112/><T97/><D134/><N who="2" m="51242" /><F127/><W84/><G130/><T107/><D107/><U91/><E7/><V58/><F79/><W106/><G126/><T116/><D116/><U82/><E111/><V0/><F0/><W45/><G106/><T42/><D11/><U80/><E32/><V38/><F101/><N who="1" m="38409" /><E34/><V121/><F58/><W2/><G99/><T5/><D5/><U37/><E37/><V70/><F70/><W75/><G75/><T85/><D74/><U27/><E64/><V54/><F121/><W53/><G59/><T36/><D113/><U49/><E49/><N who="2" m="30863" /><F54/><W16/><G56/><T122/><D114/><U124/><E124/><V47/><F41/><W104/><G53/><T44/><D122/><U4/><E61/><V123/><F123/><W115/><G43/><T105/><D46/><N who="1" m="28055" /><E4/><V92/><F92/><AGARI ba="1,0" hai="17,22,27,80,82,91,92,98" m="28055,38409" machi="92" ten="30,2900,0" yaku="8,1,52,1" doraHai="51" who="1" fromWho="2" sc="219,0,228,32,218,-32,335,0" /><INIT seed="1,2,0,3,0,4" ten="219,260,186,335" oya="1" hai0="77,133,109,82,103,57,43,48,132,106,119,135,51" hai1="36,35,41,38,131,37,129,102,97,83,72,127,1" hai2="46,30,11,98,104,125,15,111,81,64,114,63,80" hai3="12,113,25,49,42,110,50,58,126,116,18,87,20"/><U107/><E127/><V68/><F125/><W40/><G126/><T92/><D119/><U33/><E41/><V55/><F104/><W59/><G113/><T70/><D70/><U34/><REACH who="1" step="1"/><E1/><REACH who="1" ten="219,250,186,335" step="2"/><V9/><F114/><W2/><G2/><T53/><D43/><U21/><E21/><V66/><F111/><W76/><G40/><T31/><D109/><U67/><E67/><V120/><F120/><W17/><G110/><T5/><D132/><U101/><E101/><V105/><F66/><W6/><G20/><T89/><D103/><U23/><E23/><V29/><F64/><W14/><G42/><T13/><D133/><U115/><E115/><V32/><F32/><W39/><G39/><T94/><D135/><U56/><E56/><V3/><F3/><W61/><G59/><T112/><D57/><U108/><E108/><V19/><F68/><W117/><G58/><T73/><D112/><U8/><E8/><V26/><F9/><W10/><G10/><T88/><D53/><U100/><E100/><N who="2" m="62615" /><F63/><W44/><G61/><T54/><D54/><U86/><E86/><V93/><F55/><W65/><G65/><T47/><D51/><U75/><E75/><V22/><F46/><W128/><G50/><T24/><D48/><U118/><E118/><V52/><F52/><W62/><G49/><T124/><D47/><U95/><E95/><V27/><F93/><N who="0" m="35946" /><D124/><U121/><E121/><V123/><F123/><W28/><G44/><T85/><D106/><U16/><E16/><V122/><F122/><W60/><G117/><T78/><D73/><U45/><E45/><RYUUKYOKU ba="2,1" sc="219,-15,250,15,186,15,335,-15" hai1="33,34,35,36,37,38,72,83,97,102,107,129,131" hai2="11,15,19,22,26,27,29,30,80,81" /><INIT seed="1,3,1,4,5,27" ten="204,265,201,320" oya="1" hai0="55,119,106,35,104,43,121,14,131,41,46,101,52" hai1="21,2,30,37,105,28,96,5,44,32,7,23,9" hai2="93,13,11,82,83,57,102,129,56,45,74,71,85" hai3="26,20,91,130,29,135,114,124,31,132,16,53,22"/><U81/><E7/><V126/><F71/><W122/><G122/><T33/><D119/><U49/><E37/><V61/><F129/><W8/><G114/><T77/><D77/><U59/><E59/><V24/><F126/><W112/><G112/><T70/><D101/><U103/><E81/><V115/><F74/><W94/><G124/><T125/><D125/><U50/><E50/><V111/><F111/><W15/><G130/><T133/><D131/><U79/><E79/><V0/><F0/><W42/><G42/><N who="0" m="15883" /><D14/><U92/><E105/><N who="0" m="40553" /><D46/><U90/><E103/><V25/><F45/><W72/><G53/><N who="0" m="20555" /><D133/><N who="3" m="51273" /><G72/><T63/><D63/><U127/><E127/><V134/><F115/><W17/><G20/><T68/><D121/><U76/><E76/><N who="2" m="46279" /><F83/><W89/><G89/><T58/><D58/><N who="2" m="22634" /><F61/><W47/><G47/><T109/><D109/><U123/><E123/><V65/><F65/><W78/><G78/><T38/><D38/><U12/><E32/><AGARI ba="3,1" hai="32,33,35,68,70" m="20555,40553,15883" machi="32" ten="40,5200,0" yaku="28,2,54,1" doraHai="27" who="0" fromWho="1" sc="204,71,265,-61,201,0,320,0" /><INIT seed="2,0,0,2,5,27" ten="275,204,201,320" oya="2" hai0="42,69,19,75,114,24,36,55,83,123,44,121,102" hai1="51,112,12,105,11,3,62,111,129,78,81,41,74" hai2="71,30,21,82,122,119,73,76,133,57,106,63,1" hai3="86,70,84,117,96,20,90,66,49,104,99,39,85"/><V100/><F119/><W98/><G39/><T127/><D114/><U97/><E112/><V53/><F122/><W132/><G117/><T103/><D69/><U37/><E111/><V65/><F133/><W34/><G34/><T120/><D127/><U50/><E129/><V135/><F135/><W15/><G132/><T4/><D55/><U118/><E118/><V28/><F1/><W108/><G108/><T26/><D19/><U109/><E109/><V128/><F21/><W13/><G104/><T110/><D110/><U68/><E105/><V72/><F73/><W23/><G90/><T14/><D103/><U7/><E97/><V9/><F9/><W5/><G70/><T94/><D94/><U124/><E12/><N who="3" m="4682" /><G66/><T87/><D102/><U79/><E79/><V8/><F8/><W95/><G95/><T10/><REACH who="0" step="1"/><D75/><REACH who="0" ten="265,204,201,320" step="2"/><U60/><E124/><V31/><F128/><W101/><G101/><T130/><D130/><U92/><E92/><V115/><F115/><W43/><G5/><T48/><D48/><N who="1" m="18475" /><E68/><V80/><F80/><W107/><G107/><T54/><D54/><U22/><E60/><V58/><REACH who="2" step="1"/><F53/><REACH who="2" ten="265,204,191,320" step="2"/><W125/><G125/><T89/><AGARI ba="0,2" hai="4,10,14,24,26,36,42,44,83,87,89,120,121,123" machi="89" ten="30,2000,0" yaku="1,1,0,1,53,0" doraHai="27" doraHaiUra="91" who="0" fromWho="0" sc="265,40,204,-5,191,-10,320,-5" /><INIT seed="3,0,0,1,2,15" ten="305,199,181,315" oya="3" hai0="39,12,113,96,61,27,34,77,94,6,80,16,33" hai1="41,123,4,92,17,14,125,129,56,76,22,19,54" hai2="131,79,98,75,107,74,18,81,36,38,51,42,110" hai3="102,112,48,103,43,50,85,133,116,59,87,31,23"/><W108/><G112/><T83/><D39/><U68/><E123/><V25/><F75/><W88/><G116/><T24/><D113/><U20/><E68/><V109/><F131/><W99/><G133/><T21/><D61/><N who="1" m="35991" /><E129/><V122/><F122/><W49/><G108/><N who="2" m="41577" /><F42/><W52/><G87/><N who="0" m="48527" /><D34/><U60/><E125/><V101/><F51/><N who="3" m="31135" /><G99/><T82/><D33/><U127/><E127/><V104/><F107/><W70/><G70/><T118/><D118/><U44/><E76/><V73/><F74/><W106/><G106/><T45/><D45/><U90/><E60/><V84/><F73/><W115/><G43/><T86/><D6/><U10/><E44/><V7/><F7/><W97/><G97/><T63/><D63/><U124/><E41/><V78/><F79/><W47/><G47/><T2/><D2/><U32/><E124/><V5/><F5/><W3/><G3/><T128/><D128/><U40/><E40/><V64/><F64/><W66/><G66/><T65/><D65/><U89/><E32/><V28/><F28/><W11/><G115/><T58/><D58/><U91/><E92/><V0/><F0/><W8/><G103/><N who="0" m="60823" /><D86/><U62/><E62/><V121/><F121/><W134/><G102/><T13/><D27/><N who="1" m="14735" /><E4/><V117/><F117/><W111/><G111/><T1/><D1/><U72/><E72/><V53/><F53/><W95/><G134/><T132/><D132/><U30/><E30/><V130/><F130/><W67/><G67/><T71/><D71/><U100/><E100/><V114/><F114/><W9/><G31/><T135/><D135/><RYUUKYOKU ba="0,0" sc="305,0,199,0,181,0,315,0" hai0="12,13,16,21,24,82,83" hai1="10,14,19,22,89,90,91" hai2="18,25,36,38,78,81,84,98,101,104" hai3="8,9,11,23,48,49,50,85,88,95" owari="305,10.5,199,-20.1,181,-31.9,315,41.5" /></mjloggm>