<mjloggm ver="2.3"><GO type="225" lobby="0"/><UN n0="%E9%A6%AC%E5%BC%95%E7%81%AB%33" n1="%68%75%69%68%75%69" n2="%79%75%72%69%6D%6F%67" n3="%45%6C%79%73%69%75%6D" dan="16,16,16,16" rate="2169.54,2114.27,2188.83,2093.13" sx="M,M,F,M"/><TAIKYOKU oya="0"/><INIT seed="0,0,0,1,4,35" ten="250,250,250,250" oya="0" hai0="88,69,108,1,6,65,73,100,118,28,67,95,68" hai1="105,70,99,66,10,78,57,52,21,126,29,63,45" hai2="19,75,20,50,15,46,129,92,33,113,2,41,91" hai3="3,5,79,25,135,64,53,71,43,11,56,9,60"/><T55/><D118/><U58/><E126/><V27/><F129/><W110/><G110/><T48/><D73/><U61/><E78/><V51/><F75/><W83/><G135/><T38/><D38/><U125/><E125/><V98/><F113/><W121/><G121/><T0/><D100/><U109/><E109/><V86/><F2/><W122/><G122/><T76/><D76/><U90/><E70/><V16/><F33/><W96/><G11/><T74/><D74/><U93/><E105/><V40/><F98/><W23/><G96/><T131/><D108/><U111/><E111/><V47/><F15/><W13/><G43/><T133/><D28/><AGARI ba="0,0" hai="16,19,20,27,28,40,41,46,47,50,51,86,91,92" machi="28" ten="30,7700,0" yaku="7,1,9,1,8,1,54,1" doraHai="35" who="2" fromWho="0" sc="250,-77,250,0,250,77,250,0" /><INIT seed="1,0,0,5,4,74" ten="173,250,327,250" oya="1" hai0="119,116,117,102,18,134,75,33,83,19,63,93,77" hai1="40,24,109,85,1,125,118,43,132,50,94,95,86" hai2="7,121,89,115,88,57,55,16,110,79,61,104,39" hai3="17,3,81,51,58,22,112,5,70,68,113,52,62"/><U25/><E1/><V23/><F104/><W66/><G70/><T4/><D134/><U127/><E50/><V8/><F121/><W130/><G130/><T46/><D33/><U12/><E12/><N who="2" m="5151" /><F110/><W71/><G71/><T124/><D124/><U111/><REACH who="1" step="1"/><E132/><REACH who="1" ten="173,240,327,250" step="2"/><V9/><F115/><W76/><G3/><T36/><D119/><AGARI ba="0,1" hai="24,25,40,43,85,86,94,95,109,111,118,119,125,127" machi="119" ten="25,18000,2" yaku="1,1,2,1,22,2,53,2" doraHai="74" doraHaiUra="90" who="1" fromWho="0" sc="173,-180,240,190,327,0,250,0" owari="-7,-50.7,430,53.0,327,12.7,250,-15.0" /></mjloggm>