<mjloggm ver="2.3"><GO type="225" lobby="0"/><UN n0="%E3%81%94%E3%81%BE%E6%B2%B9%E9%A3%B2%E3%81%BF%E5%A4%AA%E9%83%8E" n1="%E3%83%96%E3%83%83%E3%83%91%E3%82%AA%E3%83%96%E3%83%81%E3%82%AD%E3%83%B3" n2="%E4%BC%8A%E9%81%94%E6%9C%B1%E9%87%8C%E7%B4%97" n3="%E3%83%A9%E3%82%B9%E7%8E%87%EF%BC%93%E5%89%B2" dan="16,16,16,16" rate="2103.05,2131.51,2068.76,2193.80" sx="M,M,F,F"/><TAIKYOKU oya="0"/><INIT seed="0,0,0,3,3,80" ten="250,250,250,250" oya="0" hai0="8,115,57,116,84,133,74,125,50,28,83,100,40" hai1="4,89,95,60,24,71,66,5,73,11,127,97,27" hai2="118,10,55,128,111,36,13,102,69,2,64,90,59" hai3="62,124,94,135,47,129,110,29,99,22,131,123,46"/><T54/><D115/><U98/><E127/><V23/><F111/><W87/><G110/><T19/><D116/><U44/><E73/><V1/><F118/><W86/><G124/><T120/><D120/><U53/><E5/><V78/><F36/><W109/><G109/><T81/><D74/><U7/><E4/><N who="2" m="3271" /><F78/><W37/><G135/><T91/><D100/><U117/><E117/><V25/><F102/><N who="3" m="60791" /><G123/><T48/><D133/><U75/><E75/><V26/><F26/><N who="3" m="16599" /><G62/><T113/><D28/><U16/><E16/><N who="2" m="12519" /><F128/><N who="3" m="49227" /><G37/><T35/><D113/><U132/><E132/><V121/><F121/><W45/><AGARI ba="0,0" hai="45,46,47,86,87" m="49227,16599,60791" machi="45" ten="30,4000,0" yaku="19,1,52,2" doraHai="80" who="3" fromWho="3" sc="250,-20,250,-10,250,-10,250,40" /><INIT seed="1,0,0,1,5,4" ten="230,240,240,290" oya="1" hai0="9,122,56,112,86,62,134,1,130,30,92,13,47" hai1="22,82,93,101,115,39,109,76,7,37,125,6,83" hai2="41,46,132,49,131,69,99,54,29,51,85,135,44" hai3="64,55,123,95,118,96,111,129,40,89,128,120,84"/><U67/><E115/><V21/><F69/><W17/><G64/><T70/><D112/><U107/><E107/><V117/><F117/><W114/><G114/><T73/><D73/><U75/><E67/><V81/><F99/><W61/><G40/><T35/><D1/><U78/><E125/><V65/><F65/><W100/><G61/><T15/><D15/><U59/><E59/><V11/><F131/><N who="3" m="50251" /><G55/><T12/><D12/><U88/><E101/><V57/><F57/><W79/><G17/><T19/><D134/><U32/><E32/><V20/><F11/><W87/><G111/><T3/><D3/><U77/><E75/><V53/><F41/><W27/><G27/><T113/><D113/><U10/><E109/><V36/><F36/><W106/><G118/><T108/><D108/><U71/><E71/><V23/><REACH who="2" step="1"/><F29/><REACH who="2" ten="230,240,230,290" step="2"/><W98/><G98/><T74/><D70/><U2/><E39/><V97/><F97/><W133/><G133/><T121/><D56/><U119/><E37/><V5/><F5/><W110/><G110/><T60/><D130/><U80/><E7/><V127/><F127/><W94/><G106/><T48/><D122/><U34/><E119/><V103/><F103/><W18/><G18/><T124/><D121/><U50/><E6/><V45/><F45/><W58/><G58/><T116/><D124/><U66/><E2/><V24/><F24/><W25/><G25/><T38/><D38/><U72/><E66/><V31/><F31/><W91/><G100/><T63/><D30/><U104/><E10/><V68/><F68/><W8/><G8/><RYUUKYOKU ba="0,1" sc="230,-15,240,-15,230,15,290,15" hai2="20,21,23,44,46,49,51,53,54,81,85,132,135" hai3="79,84,87,89,91,94,95,96,120,123" /><INIT seed="2,1,1,0,5,18" ten="215,225,245,305" oya="2" hai0="134,54,72,9,22,69,113,16,26,88,81,95,74" hai1="115,38,71,3,60,62,78,32,24,126,23,105,93" hai2="57,51,87,79,25,114,119,39,123,77,30,107,135" hai3="1,85,80,15,41,124,118,133,111,40,2,90,120"/><V31/><F114/><W102/><G118/><T56/><D69/><U33/><E115/><V97/><F119/><W65/><G120/><T122/><D122/><U86/><E105/><V27/><F39/><W36/><G111/><T46/><D113/><U50/><E38/><V100/><F135/><W49/><G36/><T44/><D134/><U106/><E3/><V17/><F123/><W125/><G133/><T11/><D81/><U128/><E106/><V96/><F17/><W92/><G65/><T101/><D101/><U130/><E50/><V53/><F97/><N who="3" m="59687" /><G15/><N who="0" m="7279" /><D11/><U70/><E126/><N who="3" m="48746" /><G49/><N who="0" m="30799" /><D74/><U35/><E71/><V19/><F87/><W89/><G89/><T47/><D72/><U59/><E70/><V61/><F19/><W84/><G84/><N who="0" m="52615" /><D47/><U63/><E93/><V67/><F67/><W21/><G2/><T117/><D117/><U66/><E86/><V8/><F8/><W73/><G1/><T99/><D99/><U14/><E78/><V4/><F4/><W83/><G83/><T45/><D45/><U104/><E104/><V29/><F77/><W82/><G82/><T109/><D109/><U129/><REACH who="1" step="1"/><E14/><REACH who="1" ten="215,215,245,305" step="2"/><V10/><F79/><W91/><G73/><T43/><D43/><U98/><E98/><V76/><F76/><W0/><G0/><T7/><D7/><U103/><E103/><V64/><REACH who="2" step="1"/><F10/><REACH who="2" ten="215,215,235,305" step="2"/><W52/><G85/><T75/><D75/><U42/><E42/><V58/><AGARI ba="1,3" hai="25,27,29,30,31,51,53,57,58,61,64,96,100,107" machi="58" ten="30,6000,0" yaku="1,1,2,1,0,1,53,0" doraHai="18" doraHaiUra="110" who="2" fromWho="2" sc="215,-21,215,-21,235,93,305,-21" /><INIT seed="2,2,0,0,5,56" ten="194,194,328,284" oya="2" hai0="1,126,31,127,67,9,34,2,77,17,43,104,18" hai1="110,119,133,78,61,105,87,98,113,53,90,129,79" hai2="40,64,3,47,13,33,21,72,107,66,15,75,54" hai3="0,131,6,106,27,93,96,14,102,41,114,36,7"/><V29/><F107/><W37/><G0/><N who="0" m="107" /><D43/><U45/><E113/><V97/><F3/><W101/><G114/><T112/><D77/><U35/><E119/><V50/><F33/><W76/><G131/><T130/><D67/><U48/><E35/><V59/><F75/><W111/><G111/><T70/><D70/><U39/><E110/><V25/><F72/><W57/><G76/><T51/><D51/><U95/><E129/><V28/><F28/><W74/><G74/><T82/><D82/><U55/><E133/><V8/><F97/><W23/><G101/><T32/><D104/><U116/><E116/><V52/><F15/><W117/><G41/><T128/><D31/><U88/><E39/><V80/><F80/><W103/><G103/><T46/><D46/><U16/><E105/><V73/><F73/><W91/><G117/><T22/><D112/><U100/><E100/><V122/><F122/><W83/><G83/><T42/><D42/><U134/><E134/><V69/><F69/><W11/><G37/><T44/><D44/><U60/><E55/><V121/><F121/><W24/><G36/><T5/><D128/><U118/><E118/><V123/><F123/><W89/><G106/><T85/><D85/><U125/><E79/><V19/><F54/><W132/><G132/><T68/><D68/><U20/><E78/><V65/><F65/><W38/><G96/><T12/><D130/><U4/><E125/><N who="0" m="47625" /><D17/><U71/><E71/><V109/><F109/><W99/><G102/><T30/><D30/><U120/><E120/><V115/><F115/><W58/><G38/><AGARI ba="2,0" hai="8,13,19,21,25,29,38,40,47,50,52,59,64,66" machi="38" ten="30,5800,0" yaku="6,1,7,1,54,1" doraHai="56" who="2" fromWho="3" sc="194,0,194,0,328,64,284,-64" /><INIT seed="2,3,0,0,5,77" ten="194,194,392,220" oya="2" hai0="20,80,121,57,9,106,63,132,48,18,2,117,115" hai1="124,72,120,83,22,64,113,34,16,126,84,21,42" hai2="107,27,0,40,128,37,23,56,19,38,112,55,98" hai3="86,119,123,49,90,131,102,93,11,50,13,114,5"/><V79/><F112/><W85/><G119/><T65/><D115/><U122/><E113/><V60/><F0/><W3/><G114/><T109/><D121/><N who="1" m="46699" /><E34/><V104/><F128/><W68/><G68/><T88/><D106/><U14/><E72/><V47/><F37/><W75/><G75/><T54/><D109/><U35/><E35/><V45/><F45/><W82/><G131/><T15/><D132/><U110/><E110/><V31/><F79/><W70/><G70/><T125/><D125/><N who="1" m="48235" /><E64/><V87/><F87/><W108/><G108/><T73/><D73/><U44/><E44/><V129/><F129/><W116/><G116/><T130/><D130/><U51/><E51/><V4/><F4/><W10/><G123/><T89/><D117/><U135/><E42/><V96/><F31/><W8/><G8/><T52/><D54/><U105/><E105/><V46/><F46/><W101/><G50/><T78/><D2/><U95/><E135/><V67/><F107/><W103/><G49/><T100/><D9/><N who="1" m="6223" /><E95/><V26/><F104/><W43/><G43/><T25/><D25/><N who="2" m="9226" /><F67/><W7/><REACH who="3" step="1"/><G103/><REACH who="3" ten="194,194,392,210" step="2"/><T133/><D100/><U92/><E92/><V17/><F40/><W66/><G66/><T6/><D133/><U134/><E134/><V91/><F55/><W99/><G99/><T53/><D53/><U71/><E71/><V76/><F98/><W58/><G58/><N who="0" m="33031" /><D6/><U39/><E39/><V30/><F96/><W127/><G127/><T97/><D97/><U118/><E118/><V24/><F38/><W28/><G28/><T74/><D65/><U81/><E84/><RYUUKYOKU ba="3,1" sc="194,10,194,10,392,-30,210,10" hai0="15,18,20,57,63,74,78,80,88,89" hai1="21,22,81,83" hai3="3,5,7,10,11,13,82,85,86,90,93,101,102" /><INIT seed="3,4,1,5,4,2" ten="204,204,362,220" oya="3" hai0="31,90,55,33,106,16,131,96,82,59,125,89,27" hai1="19,13,4,18,38,126,57,34,6,22,20,5,58" hai2="75,110,112,88,29,54,70,11,32,43,98,122,77" hai3="65,93,1,91,15,66,121,104,128,49,40,133,111"/><W17/><G104/><T10/><D131/><U45/><E34/><V47/><F54/><W118/><G1/><T119/><D119/><U73/><E73/><V105/><F70/><W69/><G69/><T103/><D125/><U36/><E126/><V123/><F11/><W30/><G30/><T21/><D10/><U0/><E0/><V84/><F112/><W135/><G128/><T48/><D82/><U35/><E35/><V120/><F110/><W130/><G130/><T50/><D48/><U61/><E45/><V127/><F127/><W76/><G76/><T81/><D81/><U3/><E3/><V14/><F14/><AGARI ba="4,1" hai="14,16,21,27,31,33,50,55,59,89,90,96,103,106" machi="14" ten="30,2000,0" yaku="7,1,54,1" doraHai="2" who="0" fromWho="2" sc="204,42,204,0,362,-32,220,0" owari="246,4.6,204,-29.6,330,43.0,220,-18.0" /></mjloggm>