<mjloggm ver="2.3"><GO type="225" lobby="0"/><UN n0="%E3%81%A4%E3%81%A3%E3%81%B1%E3%82%8A%E3%83%9D%E3%83%BC%E3%83%AB" n1="%E7%99%BD%E5%80%89%E5%AF%9B%E4%B9%8B" n2="%E5%8D%A0%E3%81%84%E5%B8%AB%E8%A3%8F%E3%81%AA%E3%81%84%E3%81%97" n3="%E6%B4%BE%E9%81%A3%E3%81%AE%E3%82%B8%E3%83%A3%E3%83%83%E3%82%AF" dan="17,16,17,17" rate="2117.95,2185.76,2169.60,2191.56" sx="M,M,M,M"/><TAIKYOKU oya="0"/><INIT seed="0,0,0,5,4,117" ten="250,250,250,250" oya="0" hai0="48,21,85,38,67,100,9,73,89,103,8,132,107" hai1="80,47,30,34,43,128,60,88,93,58,102,130,115" hai2="95,71,79,37,124,49,105,51,135,11,99,40,15" hai3="114,75,12,76,14,111,42,31,39,19,112,94,108"/><T126/><D38/><U1/><E1/><V28/><F124/><W113/><G31/><T127/><D73/><U50/><E115/><V125/><F71/><W118/><G118/><T27/><D67/><U4/><E4/><V10/><F105/><W55/><G94/><T2/><D132/><U134/><E134/><V17/><F125/><N who="0" m="47626" /><D48/><U22/><E34/><V65/><F65/><W5/><G5/><N who="0" m="1079" /><D9/><U90/><E102/><V78/><F135/><W64/><G64/><T97/><D103/><U82/><E22/><V91/><F28/><W59/><G42/><T13/><D13/><U106/><E30/><V96/><F37/><W68/><G68/><T92/><D21/><U26/><E26/><AGARI ba="0,0" hai="26,27,85,89,92,97,100,107" m="1079,47626" machi="26" ten="30,1500,0" yaku="18,1" doraHai="117" who="0" fromWho="1" sc="250,15,250,-15,250,0,250,0" /><INIT seed="0,1,0,5,1,57" ten="265,235,250,250" oya="0" hai0="38,62,8,29,81,96,2,37,49,108,90,73,56" hai1="82,92,13,22,131,32,76,0,45,14,115,87,63" hai2="77,94,104,12,54,31,124,91,42,6,26,133,52" hai3="40,98,89,69,48,117,80,58,88,9,132,39,36"/><T114/><D114/><U41/><E32/><V28/><F104/><W34/><G34/><T43/><D29/><U107/><E107/><V15/><F133/><W105/><G69/><T112/><D112/><U74/><E0/><V95/><F124/><W21/><G117/><T30/><D30/><U25/><E115/><V84/><F42/><W19/><G9/><T85/><D73/><U68/><E131/><V100/><F77/><W16/><G132/><T75/><D75/><U123/><E123/><V109/><F109/><W83/><G105/><T71/><D71/><U121/><E121/><V53/><F6/><W46/><G39/><T134/><D134/><U65/><E92/><V70/><F70/><W3/><G3/><T4/><D96/><U129/><E74/><V10/><F10/><W64/><G36/><T11/><D11/><U27/><E129/><V103/><F28/><W59/><G59/><T78/><D78/><U60/><E60/><V106/><F106/><W102/><G102/><T5/><D5/><U7/><E7/><V93/><F103/><W72/><G72/><T127/><D127/><U110/><E110/><V18/><F18/><N who="3" m="6699" /><G21/><T35/><D35/><U120/><E120/><V86/><F100/><W66/><G98/><T79/><D108/><U116/><E116/><V119/><F119/><W126/><G126/><T51/><D37/><N who="1" m="21679" /><E22/><N who="2" m="15831" /><F91/><N who="3" m="34891" /><G58/><T101/><D101/><U135/><E135/><V55/><N who="2" m="13312" /><DORA hai="125" /><V50/><F50/><W24/><G24/><N who="1" m="9290" /><E13/><AGARI ba="1,0" hai="12,13,15,84,86,93,94,95" m="13312,15831" machi="13" ten="50,3200,0" yaku="8,1,54,1" doraHai="57,125" who="2" fromWho="1" sc="265,0,235,-35,250,35,250,0" /><INIT seed="1,0,0,5,1,3" ten="265,200,285,250" oya="1" hai0="56,30,80,103,100,117,12,82,27,79,99,23,18" hai1="7,26,121,84,16,123,22,83,50,135,110,45,20" hai2="63,70,25,48,51,104,120,41,17,81,65,108,39" hai3="34,105,61,130,96,64,134,122,58,32,87,78,42"/><U44/><E135/><V40/><F104/><W14/><G122/><T62/><D117/><U114/><E114/><V98/><F120/><W76/><G134/><T106/><D103/><U107/><E107/><V4/><F108/><W72/><G72/><T66/><REACH who="0" step="1"/><D79/><REACH who="0" ten="255,200,285,250" step="2"/><U31/><E110/><V113/><F113/><W111/><G76/><T35/><AGARI ba="0,1" hai="12,18,23,27,30,35,56,62,66,80,82,99,100,106" machi="35" ten="20,5200,0" yaku="1,1,2,1,0,1,7,1,53,0" doraHai="3" doraHaiUra="33" who="0" fromWho="0" sc="255,62,200,-26,285,-13,250,-13" /><INIT seed="2,0,0,1,0,77" ten="317,174,272,237" oya="2" hai0="40,34,95,63,36,105,42,110,93,12,89,109,76" hai1="84,5,132,71,85,72,124,10,52,57,115,23,101" hai2="126,107,35,90,120,134,127,98,2,30,22,21,6" hai3="43,7,50,45,123,16,70,24,111,51,114,29,41"/><V108/><F120/><W18/><G123/><T20/><D105/><U112/><E72/><V99/><F134/><W56/><G70/><T14/><D34/><U118/><E71/><V9/><F35/><W60/><G111/><N who="0" m="42507" /><D36/><U68/><E68/><V0/><F108/><W96/><G7/><T128/><D76/><U49/><E132/><V86/><F0/><W80/><G96/><N who="2" m="36905" /><F30/><W33/><G114/><T37/><D128/><U73/><E73/><V48/><F48/><W67/><REACH who="3" step="1"/><G80/><REACH who="3" ten="317,174,272,227" step="2"/><T17/><D37/><U53/><E115/><V106/><F106/><W61/><G61/><T46/><D63/><U55/><E112/><V54/><F107/><W91/><G91/><T13/><D89/><U121/><E121/><V87/><F90/><W62/><G62/><T104/><D104/><U59/><E101/><V25/><F6/><W32/><G32/><T27/><D95/><U44/><E118/><V4/><F4/><W122/><G122/><T131/><D93/><U11/><E124/><V75/><F127/><W74/><G74/><T129/><D129/><U83/><E5/><V58/><F75/><W28/><G28/><T135/><D131/><U103/><E103/><V119/><F119/><W1/><G1/><T69/><D69/><U3/><E3/><V82/><F82/><W64/><G64/><T116/><D135/><U39/><E83/><V79/><F126/><W117/><G117/><T38/><D116/><U26/><E84/><N who="2" m="32299" /><F79/><W8/><G8/><N who="1" m="3114" /><E85/><V15/><F2/><W78/><G78/><T97/><D97/><U92/><E92/><V47/><F9/><RYUUKYOKU ba="0,1" sc="317,15,174,-15,272,-15,227,15" hai0="12,13,14,17,20,27,38,40,42,46" hai3="16,18,24,29,33,41,43,45,50,51,56,60,67" /><INIT seed="3,1,1,1,0,3" ten="332,159,257,242" oya="3" hai0="82,107,58,119,118,123,8,10,12,50,53,100,108" hai1="1,72,92,90,98,20,126,55,25,88,71,112,13" hai2="23,133,75,11,101,94,125,49,5,2,114,84,83" hai3="9,48,39,30,121,103,67,129,134,60,97,18,102"/><W89/><G39/><T41/><D123/><U6/><E112/><V24/><F114/><W70/><G121/><T69/><D69/><U28/><E126/><V115/><F115/><W66/><G66/><T38/><D108/><U116/><E116/><V57/><F125/><W22/><G129/><T99/><D8/><U51/><E71/><V110/><F110/><W35/><G134/><T19/><D82/><U4/><E1/><V14/><F133/><W42/><G89/><T85/><D85/><U15/><E72/><V21/><F75/><W63/><G63/><T109/><D109/><U113/><E113/><V80/><F23/><W61/><G61/><T45/><AGARI ba="1,1" hai="10,12,19,38,41,45,50,53,58,99,100,107,118,119" machi="45" ten="30,1100,0" yaku="0,1" doraHai="3" who="0" fromWho="0" sc="332,24,159,-4,257,-4,242,-6" owari="356,45.6,155,-34.5,253,5.3,236,-16.4" /></mjloggm>