<mjloggm ver="2.3"><GO type="225" lobby="0"/><UN n0="%E3%83%81%E3%83%83%E3%82%BF%E3%82%BD%E3%83%BC" n1="%E3%82%A4%E3%82%AD%E3%83%AA" n2="%72%65%6E%6B%75%6E" n3="%E3%81%95%E3%81%8D%E3%81%9F%E3%81%BE%E6%9E%97%E6%AA%8E" dan="16,16,17,16" rate="2195.51,2052.01,2175.14,2085.97" sx="F,M,M,M"/><TAIKYOKU oya="0"/><INIT seed="0,0,0,3,1,43" ten="250,250,250,250" oya="0" hai0="36,110,121,51,45,88,90,55,122,10,100,41,30" hai1="60,32,9,17,77,84,3,7,54,68,67,21,28" hai2="12,92,96,63,135,0,129,19,109,44,105,66,81" hai3="22,91,133,124,27,14,47,102,49,87,18,115,16"/><T8/><D110/><U126/><E126/><V38/><F0/><W116/><G133/><T69/><D69/><U76/><E84/><V74/><F135/><W131/><G131/><T58/><D100/><U86/><E86/><V57/><F109/><W104/><G124/><T103/><D103/><U31/><E54/><V23/><F129/><W13/><G116/><T50/><D30/><U61/><E61/><V25/><F105/><W64/><G115/><T94/><D36/><U113/><E113/><V98/><F74/><W89/><G104/><T4/><D90/><U99/><E99/><V5/><F81/><W83/><G102/><T2/><REACH who="0" step="1"/><D10/><REACH who="0" ten="240,250,250,250" step="2"/><U106/><E31/><V71/><F71/><W85/><G91/><T112/><D112/><U52/><E106/><V11/><REACH who="2" step="1"/><F92/><REACH who="2" ten="240,250,240,250" step="2"/><W56/><G83/><T40/><D40/><AGARI ba="0,2" hai="5,11,12,19,23,25,38,40,44,57,63,66,96,98" machi="40" ten="40,5200,0" yaku="1,1,2,1,52,1,53,0" doraHai="43" doraHaiUra="108" who="2" fromWho="0" sc="240,-52,250,0,240,72,250,0" /><INIT seed="1,0,0,2,1,7" ten="188,250,312,250" oya="1" hai0="59,49,64,78,24,126,25,110,41,85,10,108,61" hai1="9,104,90,47,15,20,70,40,39,53,42,4,1" hai2="60,38,131,97,36,32,3,2,75,73,92,71,77" hai3="112,22,68,122,76,80,134,69,62,26,6,74,23"/><U115/><E115/><V72/><F77/><W118/><G122/><T86/><D126/><U99/><E70/><V27/><F131/><W82/><G118/><T57/><D41/><U133/><E133/><V103/><F27/><W16/><G134/><T107/><D107/><U5/><E42/><V0/><F32/><W120/><G120/><T105/><D105/><U95/><E104/><V56/><REACH who="2" step="1"/><F71/><REACH who="2" ten="188,250,302,250" step="2"/><W93/><G69/><T18/><D78/><U102/><E53/><AGARI ba="0,1" hai="0,2,3,36,38,53,56,60,72,73,75,92,97,103" machi="53" ten="50,3200,0" yaku="1,1,2,1,53,0" doraHai="7" doraHaiUra="125" who="2" fromWho="1" sc="188,0,250,-32,302,42,250,0" /><INIT seed="2,0,0,1,4,61" ten="188,218,344,250" oya="2" hai0="39,93,1,30,15,50,103,44,54,107,21,11,127" hai1="86,62,10,131,104,8,122,83,45,119,96,60,71" hai2="49,28,26,88,67,42,53,46,95,92,17,99,87" hai3="38,128,31,23,120,134,27,81,55,76,85,63,9"/><V7/><F7/><W64/><G120/><T82/><D127/><U74/><E119/><V125/><F125/><W25/><G134/><T117/><D117/><U69/><E74/><V2/><F2/><W72/><G128/><T91/><D1/><U57/><E131/><V70/><F17/><W65/><G38/><T32/><D32/><U68/><E122/><V114/><F114/><W6/><G72/><T89/><D39/><U79/><E45/><V90/><F70/><W123/><G123/><T115/><D115/><U116/><E116/><V16/><F67/><N who="3" m="25675" /><G27/><N who="0" m="16751" /><D107/><U110/><E110/><V36/><F36/><W124/><G124/><T41/><D82/><U130/><E130/><V75/><F75/><W106/><G106/><T43/><D103/><U37/><E37/><V78/><F78/><W112/><G112/><T33/><D33/><U113/><E113/><V35/><REACH who="2" step="1"/><F16/><REACH who="2" ten="188,218,334,250" step="2"/><W24/><G31/><T14/><D14/><U100/><E71/><V109/><F109/><W29/><G25/><T133/><D133/><U73/><E69/><V20/><F20/><W108/><G108/><T98/><D15/><U4/><E73/><V135/><F135/><W12/><G55/><AGARI ba="0,1" hai="26,28,35,42,46,49,53,55,87,88,90,92,95,99" machi="55" ten="40,3900,0" yaku="1,1,54,1,53,0" doraHai="61" doraHaiUra="3" who="2" fromWho="3" sc="188,0,218,0,334,49,250,-39" /><INIT seed="2,1,0,3,5,50" ten="188,218,383,211" oya="2" hai0="63,17,89,39,13,6,99,45,70,44,25,58,71" hai1="84,104,66,57,114,116,53,35,32,76,92,62,79" hai2="52,110,49,23,124,105,68,33,75,108,64,122,37" hai3="77,21,47,28,101,117,106,55,56,7,16,107,1"/><V118/><F33/><W27/><G117/><T120/><D120/><U134/><E114/><V132/><F75/><W5/><G77/><T115/><D115/><U86/><E116/><V10/><F105/><W81/><G81/><T11/><D39/><U31/><E104/><V95/><F37/><W61/><G28/><T126/><D126/><U131/><E131/><V60/><F118/><W112/><G112/><T2/><D70/><U41/><E134/><V82/><F82/><W88/><G88/><T34/><D71/><U67/><E41/><V15/><F122/><W119/><G119/><T46/><D34/><U80/><E31/><V29/><F95/><W18/><G18/><T22/><D2/><U40/><E40/><V96/><F96/><W19/><G19/><T111/><D111/><N who="2" m="42538" /><F29/><W12/><G107/><T129/><D129/><U130/><E130/><V127/><F23/><W9/><G106/><T73/><D73/><U102/><E35/><V26/><F26/><W30/><G101/><T128/><D128/><U69/><E69/><V36/><F36/><W93/><G93/><N who="0" m="56751" /><D44/><U91/><E32/><V48/><F48/><N who="3" m="29087" /><G1/><T3/><D3/><U97/><E76/><V20/><F20/><W24/><G24/><T43/><D43/><U123/><E123/><V103/><F103/><W0/><G0/><T14/><D14/><U74/><E74/><V121/><F121/><W98/><G98/><T42/><D42/><U113/><E113/><V59/><F132/><W72/><G72/><T4/><D4/><AGARI ba="1,0" hai="4,10,15,49,52,59,60,64,68,124,127" m="42538" machi="4" ten="30,11600,0" yaku="14,1,10,1,52,1,54,1" doraHai="50" who="2" fromWho="0" sc="188,-119,218,0,383,119,211,0" /><INIT seed="2,2,0,1,3,35" ten="69,218,502,211" oya="2" hai0="98,135,68,11,124,88,48,91,47,75,14,122,67" hai1="44,33,28,38,123,108,128,126,4,16,131,49,106" hai2="90,118,54,73,79,69,12,125,19,61,45,64,93" hai3="25,107,17,26,37,83,74,18,55,7,9,60,2"/><V34/><F34/><W117/><G107/><T56/><D122/><U43/><E106/><V51/><F125/><W13/><G117/><T59/><D75/><U89/><E126/><V132/><F132/><W72/><G37/><T62/><D124/><U50/><E123/><V57/><F118/><W120/><G120/><T111/><D111/><U105/><E105/><V77/><F73/><W97/><G97/><T127/><D127/><U86/><E108/><V116/><F69/><W40/><G40/><T41/><D135/><U119/><E119/><V113/><F113/><W87/><G74/><T109/><D109/><U63/><E4/><V8/><REACH who="2" step="1"/><F116/><REACH who="2" ten="69,218,492,211" step="2"/><W24/><G72/><T99/><D99/><AGARI ba="2,1" hai="8,12,19,45,51,54,57,61,64,77,79,90,93,99" machi="99" ten="30,12000,1" yaku="1,1,2,1,7,1,8,1,53,1" doraHai="35" doraHaiUra="52" who="2" fromWho="0" sc="69,-126,218,0,492,136,211,0" owari="-57,-55.7,218,1.8,628,72.8,211,-18.9" /></mjloggm>