<mjloggm ver="2.3"><GO type="225" lobby="0"/><UN n0="%E3%82%B2%E3%82%B9%E8%8C%82%E5%8B%9D" n1="%E3%81%A9%E3%82%93%E3%82%88%E3%81%8F%4D%6B%2E%32" n2="%E3%82%8F%E3%81%8B%E3%81%B0%2A%E3%82%AC%E3%83%BC%E3%83%AB" n3="%E3%81%A4%E3%81%AE%E3%81%A0%E2%98%86%E3%81%B2%E3%82%8D" dan="16,16,17,16" rate="2118.29,2131.99,2219.08,2173.38" sx="F,M,M,M"/><TAIKYOKU oya="0"/><INIT seed="0,0,0,0,1,3" ten="250,250,250,250" oya="0" hai0="131,99,126,40,46,42,22,69,121,84,104,10,56" hai1="120,92,51,116,103,18,78,53,44,83,4,71,115" hai2="86,101,0,13,49,87,31,122,47,58,135,75,16" hai3="54,32,85,39,64,106,25,45,97,73,134,38,26"/><T48/><D131/><U102/><E120/><V67/><F122/><W72/><G134/><T24/><D126/><U1/><E116/><V124/><F75/><W37/><G85/><T11/><D121/><U89/><E71/><V17/><F0/><W7/><G54/><T113/><D113/><U35/><E35/><V34/><F124/><W132/><G45/><T21/><D69/><U108/><E108/><V128/><F128/><W105/><G132/><T8/><D40/><U130/><E130/><V41/><F135/><W60/><G7/><T50/><D84/><U76/><E18/><V23/><F101/><W43/><G43/><T15/><D99/><U30/><E30/><V111/><F111/><W61/><G97/><T129/><D104/><N who="3" m="40041" /><G64/><T2/><D129/><U74/><E78/><V14/><F31/><W36/><N who="3" m="9216" /><DORA hai="20" /><W127/><G32/><T133/><D2/><U123/><E123/><V70/><F34/><W79/><G79/><T33/><D133/><U95/><E115/><V100/><F100/><W112/><G112/><T110/><D110/><U77/><E77/><V9/><REACH who="2" step="1"/><F58/><REACH who="2" ten="250,250,240,250" step="2"/><W52/><G127/><T125/><D33/><U28/><E28/><V68/><F68/><W94/><G73/><T91/><D125/><U81/><E103/><V5/><F5/><W59/><G72/><T62/><D56/><U6/><E102/><V57/><F57/><W98/><G61/><AGARI ba="0,1" hai="9,13,14,16,17,23,41,47,49,61,67,70,86,87" machi="61" ten="40,8000,1" yaku="1,1,54,1,53,3" doraHai="3,20" doraHaiUra="80,63" who="2" fromWho="3" sc="250,0,250,0,240,90,250,-80" /><INIT seed="1,0,0,2,0,115" ten="250,250,330,170" oya="1" hai0="126,79,73,54,38,80,2,107,24,44,63,112,3" hai1="116,91,17,32,67,25,60,129,31,39,62,104,78" hai2="83,33,122,71,95,10,103,117,28,36,81,75,74" hai3="114,46,124,18,109,118,86,40,125,12,64,82,72"/><U20/><E104/><V110/><F71/><W94/><G114/><T113/><D126/><U8/><E39/><V121/><F36/><W7/><G109/><T106/><D54/><U96/><E129/><V58/><F110/><W70/><G94/><T55/><D55/><U49/><E78/><V68/><F68/><W100/><G100/><T13/><D13/><U16/><E116/><V123/><F58/><W87/><G7/><T35/><D63/><U102/><E49/><V119/><F10/><W65/><G72/><N who="2" m="27689" /><F28/><W84/><G82/><N who="2" m="31241" /><F33/><W132/><G132/><T1/><D112/><U5/><E91/><V21/><F21/><W85/><G70/><T134/><D134/><U99/><E99/><AGARI ba="0,0" hai="95,99,103,117,119,121,122,123" m="31241,27689" machi="99" ten="40,8000,1" yaku="34,2,52,2" doraHai="115" who="2" fromWho="1" sc="250,0,250,-80,330,80,170,0" /><INIT seed="2,0,0,0,5,13" ten="250,170,410,170" oya="2" hai0="125,21,130,9,126,32,70,76,48,115,39,47,99" hai1="12,17,20,4,41,31,5,35,134,42,82,110,71" hai2="81,83,22,135,80,40,62,84,1,78,131,113,43" hai3="63,57,2,88,29,65,95,79,114,3,51,25,122"/><V23/><F113/><W100/><G122/><T105/><D32/><U75/><E71/><V112/><F112/><W46/><G79/><T24/><D115/><U6/><E110/><V102/><F1/><W109/><G109/><T129/><D39/><U52/><E134/><V96/><F135/><W27/><G114/><T53/><D70/><U103/><E103/><V120/><F120/><W64/><G64/><T60/><D60/><U98/><E98/><V89/><F62/><W59/><G59/><T108/><D108/><U104/><E104/><V28/><F80/><W14/><G14/><T50/><D76/><U38/><E38/><V26/><F22/><W54/><G100/><N who="0" m="62623" /><D9/><U107/><E107/><V7/><F7/><W72/><G72/><T49/><D48/><U37/><E37/><V123/><F131/><N who="0" m="50186" /><D49/><U92/><E92/><N who="2" m="58631" /><F123/><W73/><G73/><T116/><D116/><U55/><E75/><V128/><F128/><W44/><G44/><T19/><AGARI ba="0,0" hai="19,21,24,47,50,53,125,126" m="50186,62623" machi="19" ten="30,2000,0" yaku="19,1,52,1" doraHai="13" who="0" fromWho="0" sc="250,20,170,-5,410,-10,170,-5" /><INIT seed="3,0,0,2,0,13" ten="270,165,400,165" oya="3" hai0="75,108,59,45,42,79,64,39,84,35,16,109,5" hai1="17,124,73,30,29,69,55,119,68,63,118,53,135" hai2="85,20,80,28,81,87,95,10,52,125,18,54,47" hai3="58,131,0,43,76,114,130,123,133,83,6,27,7"/><W60/><G114/><T89/><D35/><U90/><E90/><N who="2" m="53711" /><F125/><W31/><G43/><T46/><D5/><U126/><E73/><V12/><F28/><W32/><G123/><T82/><D46/><U21/><E135/><V71/><F71/><W117/><G117/><N who="1" m="44554" /><E29/><V88/><F47/><W65/><G133/><T8/><D59/><N who="1" m="35311" /><E55/><N who="2" m="21035" /><F10/><W101/><G101/><T49/><D64/><U56/><E30/><V38/><F38/><W51/><G51/><T132/><D132/><U40/><E56/><V3/><F3/><W19/><G19/><T24/><D39/><U100/><E40/><V70/><F70/><N who="1" m="27241" /><E100/><V102/><F102/><W94/><G94/><AGARI ba="0,0" hai="12,18,20,80,81,87,88,94" m="21035,53711" machi="94" ten="30,7700,0" yaku="8,1,52,1,54,2" doraHai="13" who="2" fromWho="3" sc="270,0,165,0,400,77,165,-77" owari="270,7.0,165,-23.5,477,57.7,88,-41.2" /></mjloggm>