<mjloggm ver="2.3"><GO type="225" lobby="0"/><UN n0="%E7%B4%94%E6%BD%94%E3%83%94%E3%83%A9%E3%83%8B%E3%82%A2" n1="%E3%83%81%E3%83%AF%E3%83%AF%E9%9A%8A%E9%95%B7" n2="%4B%2E%32%2E%4B%2E" n3="%E3%81%90%E3%81%A1%E3%82%84%E3%81%BE" dan="17,16,17,16" rate="2187.59,2091.29,2187.16,2137.31" sx="M,M,M,M"/><TAIKYOKU oya="0"/><INIT seed="0,0,0,1,3,28" ten="250,250,250,250" oya="0" hai0="63,107,99,26,95,132,2,50,59,36,131,76,127" hai1="81,52,11,48,110,120,20,27,78,44,104,33,35" hai2="60,43,118,19,0,106,15,77,80,51,98,69,34" hai3="121,49,25,90,1,22,105,82,129,17,73,126,5"/><T113/><D26/><U31/><E120/><V122/><F122/><W3/><G121/><T86/><D50/><U91/><E104/><V93/><F0/><W16/><G105/><T111/><D86/><U7/><E91/><V56/><F106/><W23/><G129/><T38/><D59/><U89/><E89/><V67/><F118/><W37/><G37/><T68/><D63/><U29/><E110/><V135/><F135/><W39/><G39/><T53/><D53/><U108/><E108/><V102/><F34/><W24/><G126/><T96/><D99/><U4/><E29/><V114/><F114/><W109/><G109/><T74/><D96/><U84/><E4/><V87/><F69/><W71/><G71/><T92/><D76/><U130/><E130/><V14/><REACH who="2" step="1"/><F19/><REACH who="2" ten="250,250,240,250" step="2"/><W112/><BYE who="1" /><G112/><T117/><D92/><UN n1="%E3%83%81%E3%83%AF%E3%83%AF%E9%9A%8A%E9%95%B7" /><U116/><E116/><V57/><F57/><W94/><G5/><T128/><D95/><U119/><E119/><V41/><F41/><W101/><G1/><AGARI ba="0,1" hai="1,7,11,20,27,31,33,35,44,48,52,78,81,84" machi="1" ten="30,7700,0" yaku="7,1,52,2,54,1" doraHai="28" who="1" fromWho="3" sc="250,0,250,87,240,0,250,-77" /><INIT seed="1,0,0,2,0,47" ten="250,337,240,173" oya="1" hai0="68,100,115,93,61,120,78,26,48,31,101,99,105" hai1="0,43,113,112,25,90,46,119,51,104,14,118,1" hai2="38,108,44,11,40,60,123,37,19,20,96,135,83" hai3="84,28,17,57,88,111,97,52,74,87,126,62,80"/><U41/><E104/><V79/><F123/><W16/><G111/><T4/><D120/><U3/><E14/><V35/><F35/><W13/><G126/><T50/><D115/><U18/><E41/><V124/><F108/><W10/><G74/><T2/><D78/><U127/><E127/><V66/><F124/><W67/><G28/><T15/><D2/><U77/><E77/><V103/><F135/><W9/><G97/><T5/><D100/><U86/><E18/><N who="3" m="7274" /><G13/><T133/><D93/><U121/><E25/><V33/><F33/><W8/><G87/><T65/><D133/><U72/><E72/><V64/><F11/><W36/><G36/><T89/><D89/><U94/><REACH who="1" step="1"/><E121/><REACH who="1" ten="250,327,240,173" step="2"/><V102/><F37/><W56/><G8/><N who="0" m="4487" /><D5/><U24/><E24/><V63/><F38/><W73/><G73/><T22/><D22/><U27/><E27/><V128/><F20/><W82/><G82/><T81/><D81/><U29/><E29/><V58/><F83/><W106/><G106/><T59/><D26/><U134/><E134/><V132/><F132/><W39/><G39/><T71/><D31/><U12/><E12/><V55/><F19/><W130/><G130/><T125/><D125/><U34/><E34/><V129/><F129/><W95/><G80/><T42/><D42/><U54/><E54/><V109/><F128/><W92/><G92/><T69/><D105/><U70/><E70/><V23/><F109/><W116/><G116/><AGARI ba="0,1" hai="0,1,3,43,46,51,86,90,94,112,113,116,118,119" machi="116" ten="50,4800,0" yaku="1,1,52,1,53,0" doraHai="47" doraHaiUra="21" who="1" fromWho="3" sc="250,0,327,58,240,0,173,-48" /><INIT seed="1,1,0,3,3,70" ten="250,385,240,125" oya="1" hai0="3,126,28,60,87,22,45,65,71,24,112,78,120" hai1="49,47,97,26,69,59,104,25,130,102,33,29,37" hai2="128,40,106,8,122,85,111,50,10,66,11,135,67" hai3="19,113,77,73,12,39,125,79,61,51,103,134,72"/><U1/><E1/><V62/><F122/><W91/><G113/><T123/><D112/><U58/><E130/><V54/><F106/><W121/><G121/><N who="0" m="46667" /><D3/><U30/><E69/><V88/><F128/><W52/><G125/><T129/><D129/><U43/><REACH who="1" step="1"/><E49/><REACH who="1" ten="250,375,240,125" step="2"/><V90/><F50/><W63/><G51/><T99/><D71/><U92/><E92/><V127/><F127/><W74/><G134/><T38/><D126/><U2/><E2/><V6/><F135/><W116/><G116/><T93/><D60/><U16/><E16/><V36/><F62/><W98/><G61/><T80/><D65/><U110/><E110/><V101/><F67/><W13/><G63/><T108/><D108/><U57/><E57/><V105/><F66/><W27/><G19/><T131/><D131/><U68/><E68/><V46/><F111/><W83/><G39/><T14/><D38/><U132/><E132/><V133/><F133/><W32/><G52/><T89/><D45/><U55/><E55/><V114/><F54/><W96/><G74/><T56/><D56/><U64/><E64/><V81/><F46/><W42/><G73/><T100/><D14/><U118/><E118/><V0/><F0/><W15/><G72/><T21/><D28/><U117/><E117/><V109/><F109/><W76/><G42/><T7/><D7/><U31/><E31/><V44/><F6/><W23/><G12/><T95/><D24/><U18/><E18/><V115/><F115/><W75/><G13/><T94/><D94/><U53/><E53/><V84/><F114/><W119/><G119/><RYUUKYOKU ba="1,1" sc="250,15,375,15,240,-15,125,-15" hai0="21,22,78,80,87,89,93,95,99,100" hai1="25,26,29,30,33,37,43,47,58,59,97,102,104" /><INIT seed="1,2,1,2,3,104" ten="265,390,225,110" oya="1" hai0="85,132,54,71,44,28,65,111,77,14,47,108,24" hai1="32,21,31,133,127,16,70,128,73,116,74,75,9" hai2="39,99,8,76,27,37,59,96,33,43,5,34,105" hai3="25,29,123,53,122,22,107,94,7,57,81,101,64"/><U19/><E116/><V124/><F124/><W45/><G107/><T42/><D132/><U1/><E70/><V86/><F59/><W36/><G64/><T12/><D54/><U79/><E127/><V92/><F105/><W80/><G7/><T18/><D85/><U110/><E133/><V93/><F86/><W3/><G3/><T30/><D77/><U51/><E128/><V120/><F76/><W56/><G123/><T103/><D103/><U68/><E68/><V84/><F84/><W117/><G117/><T118/><D118/><U66/><E66/><V112/><F43/><W72/><G122/><T115/><D115/><U109/><E79/><V83/><F83/><W69/><G69/><T2/><D2/><U95/><E32/><V131/><F120/><W38/><G57/><T125/><D125/><U100/><E31/><V98/><F131/><W67/><G72/><T78/><D78/><U119/><E119/><V41/><F41/><W26/><G26/><T102/><D24/><U62/><E62/><V40/><F40/><W63/><G38/><T35/><D65/><U61/><E61/><V15/><F112/><W13/><G13/><T60/><D60/><U88/><E100/><V46/><F46/><W87/><G36/><N who="2" m="13897" /><F34/><W55/><G55/><T58/><D42/><U90/><E51/><V113/><F113/><W50/><REACH who="3" step="1"/><G87/><REACH who="3" ten="265,390,225,100" step="2"/><T6/><D58/><U126/><E126/><V4/><F5/><W134/><G134/><T106/><D106/><U91/><E74/><V10/><F4/><W0/><G0/><T135/><D135/><U17/><E1/><RYUUKYOKU ba="2,2" sc="265,-10,390,-10,225,-10,100,30" hai3="22,25,29,45,50,53,56,63,67,80,81,94,101" /><INIT seed="2,3,2,0,4,113" ten="255,380,215,130" oya="2" hai0="49,30,81,87,11,124,76,59,9,86,126,52,96" hai1="10,98,54,25,4,73,128,111,97,67,2,22,114" hai2="31,99,121,85,89,125,26,82,68,79,35,21,119" hai3="55,42,69,109,103,84,17,115,64,13,1,110,60"/><V90/><F121/><W27/><G1/><T8/><D30/><U75/><E114/><V95/><F125/><N who="0" m="48234" /><D96/><U41/><E111/><N who="3" m="42506" /><G115/><T71/><D71/><U108/><E108/><V118/><F68/><W70/><G70/><T80/><D80/><U43/><E67/><V83/><F83/><W56/><G42/><T112/><D112/><U19/><E128/><V3/><F3/><W57/><G27/><T131/><D131/><U106/><E54/><V122/><F122/><W45/><G103/><T20/><D20/><U91/><E97/><V61/><F61/><W40/><G84/><AGARI ba="3,2" hai="8,9,11,49,52,59,76,81,84,86,87" m="48234" machi="84" ten="30,2000,0" yaku="18,1,54,1" doraHai="113" who="0" fromWho="3" sc="255,49,380,0,215,0,130,-29" /><INIT seed="3,0,0,4,2,62" ten="304,380,215,101" oya="3" hai0="14,64,16,94,108,52,6,116,17,103,112,73,96" hai1="111,132,1,109,7,121,56,21,42,131,9,76,20" hai2="41,31,3,34,135,97,35,105,89,13,24,70,130" hai3="118,83,38,126,54,50,87,91,80,48,49,81,63"/><W58/><G118/><T98/><D116/><U61/><E121/><V92/><F70/><W127/><REACH who="3" step="1"/><G38/><REACH who="3" ten="304,380,215,91" step="2"/><T11/><D112/><U33/><E111/><V114/><F114/><W29/><G29/><T82/><D108/><U47/><E109/><V22/><F31/><W95/><AGARI ba="0,1" hai="48,49,50,54,58,63,80,81,83,87,91,95,126,127" machi="95" ten="40,7800,0" yaku="1,1,0,1,53,1" doraHai="62" doraHaiUra="84" who="3" fromWho="3" sc="304,-26,380,-26,215,-26,91,88" /><INIT seed="3,1,0,4,3,108" ten="278,354,189,179" oya="3" hai0="2,74,135,110,55,12,69,36,120,128,21,68,37" hai1="113,92,23,11,98,63,46,111,85,64,129,130,133" hai2="29,15,99,82,72,27,54,75,44,79,101,20,7" hai3="115,77,65,94,70,91,42,124,1,52,50,57,24"/><W53/><G115/><T66/><D12/><U105/><E113/><V90/><F90/><W40/><G1/><T43/><D21/><U118/><E111/><V121/><F121/><W125/><G77/><T132/><D74/><U39/><E118/><V100/><F75/><W86/><G53/><T88/><D88/><U114/><E114/><V119/><F119/><W28/><G65/><T95/><D95/><U45/><E133/><V112/><F112/><W22/><REACH who="3" step="1"/><G70/><REACH who="3" ten="278,354,189,169" step="2"/><T49/><D2/><U5/><E64/><V109/><F109/><W51/><G51/><T62/><D49/><U31/><E39/><V17/><F7/><W103/><G103/><T19/><D66/><U6/><E6/><V59/><F44/><W33/><G33/><T127/><D55/><U97/><E5/><V9/><F99/><W48/><G48/><AGARI ba="1,1" hai="9,15,17,20,27,29,48,54,59,72,79,82,100,101" machi="48" ten="30,1000,0" yaku="7,1" doraHai="108" who="2" fromWho="3" sc="278,0,354,0,189,23,169,-13" owari="278,7.8,354,45.4,212,-18.8,156,-34.4" /></mjloggm>