<mjloggm ver="2.3"><GO type="225" lobby="0"/><UN n0="%E6%A1%9C%E8%8A%B1%E9%96%83%E3%80%85" n1="%E5%8D%A0%E3%81%84%E5%B8%AB%E8%A3%8F%E3%81%AA%E3%81%84%E3%81%97" n2="%E3%81%BD%E3%81%A1%E3%81%9F%E3%81%93%E3%82%84" n3="%E7%99%BD%E5%80%89%E5%AF%9B%E4%B9%8B" dan="16,17,17,16" rate="2131.52,2179.82,2139.35,2176.56" sx="M,M,M,M"/><TAIKYOKU oya="0"/><INIT seed="0,0,0,3,4,73" ten="250,250,250,250" oya="0" hai0="135,29,129,122,40,128,12,57,116,59,75,113,3" hai1="9,36,119,0,101,45,74,104,20,31,61,112,1" hai2="84,25,76,47,30,26,90,2,105,117,24,23,62" hai3="58,108,39,33,35,79,78,60,34,8,22,109,43"/><T110/><D29/><U5/><E119/><V55/><F105/><W10/><G22/><T68/><D12/><U106/><E112/><V37/><F2/><W50/><G39/><T131/><D3/><U53/><E0/><V87/><F117/><W27/><G27/><T89/><D116/><U71/><E101/><V85/><F37/><W70/><G70/><T125/><D122/><U21/><E21/><V32/><F76/><N who="3" m="29227" /><G50/><T92/><D75/><U41/><E74/><V46/><F90/><W111/><G43/><T56/><D113/><U86/><E86/><V64/><F55/><AGARI ba="0,0" hai="8,10,33,34,35,55,58,60,108,109,111" m="29227" machi="55" ten="40,8000,1" yaku="14,1,52,3" doraHai="73" who="3" fromWho="2" sc="250,0,250,0,250,-80,250,80" /><INIT seed="1,0,0,2,4,126" ten="250,250,170,330" oya="1" hai0="73,50,109,84,11,29,80,58,34,82,70,69,128" hai1="113,67,115,6,76,8,125,42,61,112,23,65,26" hai2="100,81,52,51,41,47,44,132,116,90,79,111,21" hai3="105,74,93,30,122,78,86,43,134,131,99,14,56"/><U15/><E125/><V108/><F116/><W85/><G43/><T102/><D102/><U0/><E0/><V13/><F132/><W83/><G30/><T114/><D114/><U87/><E42/><V98/><F90/><W46/><G46/><T53/><D109/><N who="2" m="42058" /><F13/><W31/><G31/><T22/><D22/><U130/><E130/><V10/><F10/><W101/><G131/><T94/><D11/><U45/><E45/><N who="2" m="27759" /><F21/><W25/><G25/><T19/><D34/><U96/><E96/><V57/><F57/><W119/><G134/><T55/><D58/><U89/><E76/><V64/><F64/><W92/><G119/><T27/><D70/><U20/><E26/><V88/><F41/><W18/><G56/><T104/><D27/><U71/><REACH who="1" step="1"/><E67/><REACH who="1" ten="250,240,170,330" step="2"/><V103/><F103/><W33/><G101/><T97/><D128/><U16/><E16/><V63/><F88/><W120/><G18/><T38/><D19/><U91/><E91/><V72/><F63/><W66/><G66/><T48/><D29/><U9/><E9/><V118/><F118/><W4/><G99/><T32/><D97/><U49/><E49/><V60/><F60/><W75/><G78/><T5/><D50/><U133/><E133/><V77/><F79/><W12/><G12/><T3/><D48/><U117/><E117/><V7/><F7/><W127/><G4/><T28/><D5/><U107/><E107/><AGARI ba="0,1" hai="44,47,72,77,81,98,100,107" m="27759,42058" machi="107" ten="30,2000,0" yaku="14,1,54,1" doraHai="126" who="2" fromWho="1" sc="250,0,240,-20,170,30,330,0" /><INIT seed="2,0,0,1,3,59" ten="250,220,200,330" oya="2" hai0="108,58,127,99,47,38,17,44,82,57,23,93,67" hai1="29,71,81,25,132,94,77,33,91,134,26,119,64" hai2="11,122,85,3,128,98,0,30,12,34,48,5,73" hai3="6,113,114,70,46,95,62,61,84,16,107,19,89"/><V42/><F73/><W90/><G107/><T124/><D82/><U60/><E119/><V133/><F122/><W83/><G6/><T15/><D108/><U125/><E125/><N who="0" m="48201" /><D67/><U69/><E69/><V116/><F116/><W63/><G70/><T36/><D44/><U53/><E53/><V24/><F128/><W115/><G46/><T104/><D104/><U4/><E4/><V96/><F133/><N who="1" m="51305" /><E25/><V9/><F85/><AGARI ba="0,0" hai="16,19,61,62,63,83,84,85,89,90,95,113,114,115" machi="85" ten="50,8000,1" yaku="11,1,52,3,54,1" doraHai="59" who="3" fromWho="2" sc="250,0,220,0,200,-80,330,80" /><INIT seed="3,0,0,2,1,114" ten="250,220,120,410" oya="3" hai0="108,100,120,1,83,14,133,79,22,117,124,7,6" hai1="118,26,65,72,82,52,121,122,45,43,125,110,132" hai2="76,84,50,112,12,24,32,109,21,90,128,129,38" hai3="53,101,97,127,85,51,87,3,75,56,13,106,86"/><W9/><G75/><T40/><D117/><U5/><E110/><V49/><F38/><W91/><G3/><T39/><D120/><U23/><E5/><V99/><F112/><W30/><G30/><T48/><D39/><U64/><E125/><V96/><F109/><W123/><G127/><T41/><D108/><U20/><E132/><V15/><F32/><W71/><G71/><T102/><D1/><U33/><E33/><V19/><F76/><W55/><G55/><T28/><D133/><U93/><E93/><V88/><F84/><W8/><G8/><T92/><D48/><U119/><E20/><V2/><F2/><W113/><G123/><N who="1" m="47114" /><E52/><V134/><F21/><W73/><G73/><T63/><D92/><U10/><E10/><V61/><F61/><W70/><G70/><T37/><D124/><U62/><E82/><V95/><F95/><N who="3" m="58559" /><G113/><T58/><D37/><N who="1" m="21743" /><E72/><V80/><F80/><N who="3" m="49575" /><G106/><T46/><D6/><AGARI ba="0,0" hai="6,9,13,51,53,56,86,87" m="49575,58559" machi="6" ten="30,1500,0" yaku="8,1" doraHai="114" who="3" fromWho="0" sc="250,-15,220,0,120,0,410,15" owari="235,3.5,220,-18.0,120,-38.0,425,52.5" /></mjloggm>