<mjloggm ver="2.3"><GO type="225" lobby="0"/><UN n0="%77%72%77%72%77%72%77%72" n1="%E3%83%96%E3%83%83%E3%83%91%E3%82%AA%E3%83%96%E3%83%81%E3%82%AD%E3%83%B3" n2="%EF%BC%AE%EF%BC%A1%EF%BC%AF%33%33%39" n3="%E3%81%8B%E3%82%8F%E3%81%A1%E3%82%83%E3%82%93%35%38" dan="17,16,16,16" rate="2171.90,2162.74,2108.03,2119.41" sx="M,M,M,M"/><TAIKYOKU oya="0"/><INIT seed="0,0,0,1,3,12" ten="250,250,250,250" oya="0" hai0="116,111,133,49,29,128,90,70,44,80,35,60,81" hai1="45,4,84,117,7,57,122,86,121,50,91,11,23" hai2="118,21,39,77,67,54,127,106,71,25,113,53,30" hai3="78,98,31,94,43,108,102,65,19,16,63,87,114"/><T22/><D116/><U66/><E117/><V8/><F118/><W97/><G114/><T27/><D128/><U17/><E84/><V79/><F106/><W55/><G108/><T51/><D111/><U134/><E134/><V26/><F39/><W14/><G43/><T24/><D133/><U72/><E72/><V120/><F113/><W0/><G0/><T9/><D9/><U37/><E37/><V68/><F120/><W109/><G109/><T74/><D74/><U101/><E101/><V5/><F127/><W20/><G55/><T36/><D36/><U115/><E115/><V1/><F54/><W130/><G130/><T104/><D104/><U126/><E126/><V42/><F42/><W88/><G78/><T103/><D103/><U34/><E34/><V40/><F40/><W69/><G31/><T41/><D51/><U99/><E99/><V46/><F26/><W119/><G119/><T123/><D123/><U64/><E121/><V62/><F71/><W28/><G28/><T52/><D90/><U93/><E122/><V100/><F100/><W82/><G98/><T132/><D132/><U124/><E124/><V2/><F2/><W18/><AGARI ba="0,0" hai="14,16,18,19,20,63,65,69,82,87,88,94,97,102" machi="18" ten="30,12000,2" yaku="0,1,52,3,54,2" doraHai="12" who="3" fromWho="3" sc="250,-60,250,-30,250,-30,250,120" /><INIT seed="1,0,0,2,5,98" ten="190,220,220,370" oya="1" hai0="132,56,95,126,39,113,66,21,14,69,129,62,76" hai1="9,11,86,108,40,81,77,59,50,135,101,47,26" hai2="71,52,79,116,93,2,118,42,43,55,121,94,54" hai3="20,45,31,16,38,65,10,114,17,24,49,68,111"/><U30/><E135/><V51/><F2/><W112/><G38/><T119/><D113/><U15/><E108/><V91/><F71/><W27/><G111/><T18/><D119/><U29/><E26/><V44/><F121/><W36/><G36/><T97/><D132/><U100/><E59/><V1/><F1/><W13/><G68/><T48/><D129/><U19/><REACH who="1" step="1"/><E11/><REACH who="1" ten="190,210,220,370" step="2"/><V89/><F116/><W74/><G65/><T41/><D126/><U109/><E109/><V122/><F118/><W23/><REACH who="3" step="1"/><G74/><REACH who="3" ten="190,210,220,360" step="2"/><T128/><D69/><U96/><E96/><V134/><F134/><W120/><G120/><T99/><D99/><U87/><E87/><V64/><F122/><W32/><G32/><T33/><D33/><U104/><E104/><V35/><F35/><W103/><G103/><AGARI ba="0,2" hai="9,15,19,29,30,40,47,50,77,81,86,100,101,103" machi="103" ten="40,18000,2" yaku="1,1,8,1,52,3,53,1" doraHai="98" doraHaiUra="12" who="1" fromWho="3" sc="190,0,210,200,220,0,360,-180" /><INIT seed="1,1,0,4,2,56" ten="190,410,220,180" oya="1" hai0="67,118,19,132,91,25,17,11,119,46,42,60,12" hai1="116,104,50,32,35,9,72,13,74,6,71,81,68" hai2="55,64,95,1,40,108,128,94,53,63,93,41,38" hai3="106,43,24,78,70,86,85,114,26,102,58,124,5"/><U39/><E116/><V66/><F1/><W75/><G114/><T20/><D132/><U2/><E50/><V62/><F108/><W52/><G70/><N who="1" m="26666" /><E13/><V82/><F82/><N who="3" m="47319" /><G75/><N who="1" m="28714" /><E81/><V28/><F28/><W107/><G107/><T127/><D127/><U80/><E80/><V4/><F4/><W0/><G0/><T47/><D91/><U8/><E8/><V83/><F83/><W77/><G106/><T49/><REACH who="0" step="1"/><D46/><REACH who="0" ten="180,410,220,180" step="2"/><U51/><E104/><V29/><F128/><W133/><G133/><T73/><D73/><U7/><E7/><V33/><F38/><W18/><G124/><T59/><AGARI ba="1,1" hai="11,12,17,19,20,25,42,47,49,59,60,67,118,119" machi="59" ten="20,8000,1" yaku="1,1,0,1,7,1,52,1,53,1" doraHai="56" doraHaiUra="54" who="0" fromWho="0" sc="180,93,410,-41,220,-21,180,-21" /><INIT seed="2,0,0,0,0,17" ten="273,369,199,159" oya="2" hai0="40,19,5,20,120,34,62,99,32,100,39,83,129" hai1="6,64,23,89,60,26,22,59,51,121,4,36,72" hai2="44,94,125,119,105,31,52,122,78,7,50,66,41" hai3="114,71,91,118,109,112,43,96,79,108,16,124,54"/><V25/><F105/><W65/><G118/><T81/><D120/><U27/><E36/><V63/><F119/><W87/><G43/><T76/><D129/><U86/><E72/><V115/><F122/><W132/><G79/><T48/><D39/><U101/><E101/><V47/><F115/><N who="3" m="44075" /><G96/><T33/><D5/><U127/><E127/><V130/><F125/><W24/><G124/><T123/><D123/><U9/><E51/><V80/><F7/><W90/><G132/><T37/><D37/><U35/><E35/><V61/><F130/><W10/><G54/><T126/><D126/><U49/><E49/><V3/><F3/><W8/><G65/><T77/><D62/><U111/><E111/><N who="3" m="42570" /><G71/><T12/><D48/><U85/><E85/><V97/><F66/><W103/><G103/><T128/><D40/><U58/><E58/><V93/><F47/><W73/><G73/><T116/><D128/><U29/><E121/><V21/><F41/><W131/><G131/><T104/><REACH who="0" step="1"/><D116/><REACH who="0" ten="263,369,199,159" step="2"/><U42/><E42/><V88/><REACH who="2" step="1"/><F93/><REACH who="2" ten="263,369,189,159" step="2"/><N who="3" m="54495" /><G91/><T107/><D107/><U15/><E89/><V110/><F110/><W1/><G1/><T70/><D70/><U84/><E4/><V14/><F14/><W67/><G67/><T95/><D95/><U69/><E69/><V68/><F68/><W30/><G16/><AGARI ba="0,2" hai="6,9,15,16,22,23,26,27,29,59,60,64,84,86" machi="16" ten="30,8000,1" yaku="7,1,8,1,52,2,54,1" doraHai="17" who="1" fromWho="3" sc="263,0,369,100,189,0,159,-80" /><INIT seed="3,0,0,4,3,29" ten="263,469,189,79" oya="3" hai0="58,135,68,64,105,2,75,66,39,13,100,123,46" hai1="121,115,4,60,88,95,83,36,15,103,86,50,106" hai2="14,62,76,28,118,31,117,131,59,92,98,110,102" hai3="37,133,84,18,70,114,96,10,124,81,85,87,33"/><W16/><G114/><T26/><D123/><U112/><E121/><V80/><F110/><W128/><G70/><T67/><D2/><U41/><E36/><V79/><F131/><W132/><G37/><T122/><D122/><U57/><E106/><V125/><F125/><W113/><G113/><T8/><D135/><N who="3" m="51785" /><G128/><T55/><D75/><U107/><E107/><V25/><F31/><W23/><G124/><T12/><D26/><U72/><E41/><V77/><F14/><N who="3" m="7255" /><G96/><T130/><D130/><U126/><E50/><V34/><REACH who="2" step="1"/><F80/><REACH who="2" ten="263,469,179,79" step="2"/><W44/><G44/><T35/><D46/><U52/><E126/><V42/><F42/><W120/><G120/><T43/><D12/><U97/><REACH who="1" step="1"/><E72/><REACH who="1" ten="263,459,179,79" step="2"/><V116/><F116/><W6/><G6/><T17/><D13/><U109/><E109/><V19/><F19/><W63/><G63/><T27/><D17/><U7/><E7/><V1/><F1/><W32/><G81/><T73/><D43/><U38/><E38/><V9/><F9/><AGARI ba="0,2" hai="4,9,15,52,57,60,83,86,88,95,97,103,112,115" machi="9" ten="40,8000,1" yaku="1,1,54,2,53,1" doraHai="29" doraHaiUra="48" who="1" fromWho="2" sc="263,0,459,100,179,-80,79,0" owari="263,6.3,559,65.9,99,-30.1,79,-42.1" /></mjloggm>