<mjloggm ver="2.3"><GO type="225" lobby="0"/><UN n0="%E3%83%96%E3%83%83%E3%83%91%E3%82%AA%E3%83%96%E3%83%81%E3%82%AD%E3%83%B3" n1="%E3%81%BD%E3%81%A1%E3%81%9F%E3%81%93%E3%82%84" n2="%E3%81%95%E3%81%8D%E3%81%9F%E3%81%BE%E6%9E%97%E6%AA%8E" n3="%E7%99%BD%E5%80%89%E5%AF%9B%E4%B9%8B" dan="17,17,16,16" rate="2213.68,2182.90,2083.42,2156.74" sx="M,M,M,M"/><TAIKYOKU oya="0"/><INIT seed="0,0,0,2,4,88" ten="250,250,250,250" oya="0" hai0="11,13,86,30,73,10,59,128,52,121,16,81,133" hai1="4,37,42,19,96,130,109,34,106,95,48,47,26" hai2="67,0,66,135,60,21,127,32,118,111,124,85,14" hai3="3,44,45,90,94,102,6,113,27,46,122,35,101"/><T9/><D128/><U55/><E130/><V97/><F0/><W31/><G113/><T99/><D133/><U68/><E109/><V112/><F32/><W131/><G131/><T78/><D121/><U7/><E106/><V53/><F112/><W70/><G70/><T117/><D117/><U134/><E68/><V71/><F135/><W83/><G122/><T40/><D40/><U43/><E134/><V74/><F74/><W80/><G6/><N who="1" m="2090" /><E34/><V72/><F72/><W110/><G3/><T63/><D73/><U79/><E79/><V18/><F111/><W23/><G35/><T17/><D30/><U116/><E37/><V36/><F36/><W87/><G110/><T38/><D38/><U100/><E116/><V108/><F108/><W84/><REACH who="3" step="1"/><G83/><REACH who="3" ten="250,250,250,240" step="2"/><T39/><D39/><U54/><E43/><V69/><F71/><W105/><G105/><T93/><REACH who="0" step="1"/><D17/><REACH who="0" ten="240,250,250,240" step="2"/><U25/><E19/><V82/><F18/><W125/><G125/><T49/><D49/><N who="1" m="28991" /><E42/><V51/><F51/><W107/><G107/><T8/><D8/><U98/><E48/><V65/><F65/><W76/><BYE who="2" /><AGARI ba="0,2" hai="23,27,31,44,45,46,76,80,84,87,90,94,101,102" machi="76" ten="30,7900,0" yaku="1,1,0,1,8,1,52,1,53,0" doraHai="88" doraHaiUra="132" who="3" fromWho="3" sc="240,-39,250,-20,250,-20,240,99" /><UN n2="%E3%81%95%E3%81%8D%E3%81%9F%E3%81%BE%E6%9E%97%E6%AA%8E" /><INIT seed="1,0,0,4,4,49" ten="201,230,230,339" oya="1" hai0="28,115,9,117,71,59,99,14,65,68,60,131,26" hai1="12,10,93,32,84,64,54,101,81,4,97,24,128" hai2="69,51,25,7,116,118,124,87,100,77,40,114,20" hai3="66,46,47,123,119,39,80,75,106,94,2,13,82"/><U122/><E122/><V15/><F69/><W105/><G2/><T134/><D115/><U31/><E128/><V22/><F114/><W73/><G66/><T57/><D117/><U96/><E64/><V133/><F133/><W0/><G0/><T8/><D131/><U126/><E97/><V90/><F124/><W58/><G58/><T104/><D134/><U42/><E42/><V108/><F108/><W11/><G94/><T37/><D37/><U43/><E43/><V95/><F100/><W121/><G13/><T112/><D112/><U16/><E126/><V120/><F120/><W21/><G21/><T98/><D8/><U38/><E38/><V29/><F77/><W34/><G39/><T107/><D99/><U18/><REACH who="1" step="1"/><E54/><REACH who="1" ten="201,220,230,339" step="2"/><V110/><F40/><W35/><G119/><T86/><D98/><U45/><E45/><V88/><F118/><W85/><G123/><T52/><D107/><U19/><E19/><V78/><F116/><W41/><G121/><T44/><D104/><U74/><E74/><V130/><F130/><W23/><G41/><T1/><D44/><U55/><E55/><V6/><F110/><W125/><G125/><T102/><D52/><U30/><E30/><V17/><F51/><W79/><G75/><T91/><D28/><U103/><E103/><V3/><F17/><W127/><G73/><T109/><D65/><U63/><E63/><V48/><F29/><W76/><G127/><T72/><D60/><U56/><E56/><V70/><F48/><W129/><G129/><T83/><D72/><U62/><E62/><V135/><F135/><RYUUKYOKU ba="0,1" sc="201,-10,220,30,230,-10,339,-10" hai1="4,10,12,16,18,24,31,32,81,84,93,96,101" /><INIT seed="1,1,1,3,0,122" ten="191,250,220,329" oya="1" hai0="11,111,63,74,23,125,37,130,41,43,87,45,33" hai1="10,85,32,26,36,2,39,119,25,112,107,72,50" hai2="77,46,104,22,120,64,123,60,108,94,83,67,105" hai3="34,8,133,59,114,29,68,44,121,102,127,73,90"/><U131/><E112/><V65/><F60/><W16/><G68/><T62/><D33/><U86/><E72/><V132/><F132/><W66/><G73/><T56/><D74/><U20/><E119/><V75/><F94/><W95/><G114/><T126/><D130/><U84/><E131/><V42/><F22/><W15/><G121/><T109/><D23/><U28/><E107/><V3/><F3/><W21/><G133/><T92/><D11/><U14/><E50/><V135/><F135/><W55/><G34/><T70/><D43/><U124/><E124/><N who="0" m="47721" /><D87/><U110/><E110/><N who="0" m="41993" /><D92/><U24/><E2/><V93/><F93/><W76/><G127/><T7/><D7/><U6/><REACH who="1" step="1"/><E26/><REACH who="1" ten="191,240,220,329" step="2"/><V52/><F108/><W78/><G102/><T128/><D128/><U98/><E98/><V0/><F0/><W35/><G15/><T19/><D70/><U115/><E115/><V118/><F105/><W1/><G1/><T38/><D38/><U99/><E99/><V117/><F104/><W80/><G21/><T47/><D47/><U134/><E134/><V48/><F123/><W103/><G44/><T91/><D56/><U116/><E116/><V53/><F120/><W79/><G59/><T57/><D57/><U71/><E71/><V31/><F117/><W97/><G35/><T12/><D91/><U101/><E101/><V96/><F118/><W17/><G90/><T51/><D37/><U69/><E69/><V89/><F89/><W40/><G103/><T113/><D113/><U100/><E100/><V81/><F96/><W5/><G97/><T129/><D129/><RYUUKYOKU ba="1,2" sc="191,15,240,15,220,-15,329,-15" hai0="12,19,41,45,51,62,63" hai1="6,10,14,20,24,25,28,32,36,39,84,85,86" /><INIT seed="1,2,2,5,5,125" ten="206,255,205,314" oya="1" hai0="74,112,22,100,127,38,94,14,77,104,88,0,15" hai1="134,133,92,116,33,63,117,72,75,78,97,105,2" hai2="73,61,107,114,121,46,44,45,85,123,42,11,1" hai3="27,37,31,99,118,52,90,17,68,86,84,98,24"/><U96/><E2/><V82/><F107/><W47/><G68/><T59/><D112/><U43/><E33/><V21/><F114/><W30/><G118/><N who="1" m="45674" /><E63/><V56/><F73/><N who="1" m="28233" /><E43/><V113/><F113/><W71/><G71/><T32/><D32/><U122/><E122/><V120/><F21/><N who="3" m="13359" /><G84/><N who="0" m="52487" /><D127/><U109/><E78/><V35/><F35/><W124/><G37/><T50/><D38/><U66/><E66/><V132/><F132/><N who="1" m="50793" /><E105/><V91/><F1/><W36/><G36/><T81/><D0/><U23/><E23/><V93/><F11/><W110/><G124/><T51/><D22/><U12/><E12/><N who="0" m="4649" /><D59/><U40/><E40/><V65/><REACH who="2" step="1"/><F42/><REACH who="2" ten="206,255,195,314" step="2"/><W70/><G70/><T103/><D103/><N who="1" m="60807" /><E97/><AGARI ba="2,3" hai="50,51,74,77,81,97,100,104" m="4649,52487" machi="97" ten="30,2000,0" yaku="24,1,54,1" doraHai="125" who="0" fromWho="1" sc="206,56,255,-26,195,0,314,0" /><INIT seed="2,0,0,0,3,129" ten="262,229,195,314" oya="2" hai0="21,16,95,64,135,122,39,104,2,94,18,58,8" hai1="43,10,91,131,86,59,69,66,132,4,121,67,14" hai2="81,89,1,17,108,82,126,109,55,53,77,61,63" hai3="50,111,110,65,26,33,78,32,6,20,15,123,31"/><V19/><F1/><W54/><G65/><T70/><D122/><U93/><E131/><V107/><F107/><W99/><G78/><T25/><D104/><U106/><E121/><V79/><REACH who="2" step="1"/><F89/><REACH who="2" ten="262,229,185,314" step="2"/><W48/><G123/><T119/><D2/><U34/><E106/><V98/><F98/><W38/><G99/><T100/><D100/><U47/><E69/><V96/><F96/><W83/><G111/><T29/><D70/><U41/><E34/><V46/><F46/><W30/><G33/><T102/><D102/><U75/><E75/><V105/><F105/><W40/><G32/><T130/><D130/><U49/><E132/><V113/><F113/><W72/><G72/><T0/><D135/><U87/><E59/><V125/><AGARI ba="0,1" hai="17,19,53,55,61,63,77,79,81,82,108,109,125,126" machi="125" ten="25,18000,2" yaku="1,1,0,1,22,2,53,2" doraHai="129" doraHaiUra="51" who="2" fromWho="2" sc="262,-60,229,-60,185,190,314,-60" /><INIT seed="2,1,0,3,3,65" ten="202,169,375,254" oya="2" hai0="99,1,106,16,130,57,82,83,36,5,32,34,110" hai1="125,28,91,96,4,51,23,124,13,72,21,45,52" hai2="121,134,76,88,75,53,44,62,128,8,46,94,55" hai3="113,9,118,73,104,84,123,127,19,79,68,115,111"/><V101/><F121/><W120/><G19/><T43/><D110/><U10/><E72/><V129/><F101/><W18/><G18/><T89/><D130/><N who="2" m="50282" /><F134/><W15/><G15/><T37/><D57/><U95/><REACH who="1" step="1"/><E28/><REACH who="1" ten="202,159,375,254" step="2"/><V78/><F75/><W102/><G73/><T107/><D34/><U109/><E109/><V69/><F78/><W61/><G111/><T74/><D32/><U58/><E58/><V77/><F76/><W48/><G123/><T117/><D74/><U63/><E63/><V131/><F77/><W86/><G61/><T103/><D117/><U31/><E31/><V38/><F131/><W30/><G79/><T66/><D107/><U133/><E133/><V22/><F62/><W100/><G30/><T92/><D106/><U85/><E85/><V29/><F29/><W11/><G104/><T108/><D108/><U42/><E42/><V54/><F46/><W41/><G41/><T67/><D43/><U14/><E14/><V122/><F44/><W25/><G120/><T60/><D60/><U26/><E26/><V132/><F122/><W33/><G25/><T2/><D67/><U27/><E27/><V112/><F132/><W7/><G86/><T70/><D66/><U17/><E17/><V119/><F119/><W3/><G84/><T40/><D16/><U114/><E114/><V105/><F112/><W24/><G115/><T87/><D40/><U20/><AGARI ba="1,1" hai="4,10,13,20,21,23,45,51,52,91,95,96,124,125" machi="20" ten="30,4000,0" yaku="1,1,0,1,54,1,53,0" doraHai="65" doraHaiUra="35" who="1" fromWho="1" sc="202,-11,159,53,375,-21,254,-11" /><INIT seed="3,0,0,3,0,44" ten="191,212,354,243" oya="3" hai0="37,92,129,88,93,54,64,35,20,56,18,26,123" hai1="12,13,67,135,128,84,74,17,130,11,48,75,31" hai2="2,4,15,107,91,16,8,133,79,60,96,19,25" hai3="47,99,122,52,22,69,111,9,61,81,97,82,73"/><W70/><G122/><T34/><D129/><N who="1" m="49771" /><E135/><V38/><F38/><W120/><G120/><T55/><D123/><U71/><E31/><V49/><F133/><W21/><G111/><T112/><D112/><U127/><E127/><V76/><F107/><W51/><G73/><T105/><D105/><U113/><E113/><V58/><F2/><W46/><G9/><T36/><D36/><U134/><E134/><V77/><F25/><W118/><G61/><N who="0" m="37927" /><D37/><U50/><E71/><V119/><F119/><W3/><G3/><T57/><D35/><U101/><E67/><V100/><F60/><W95/><G95/><T40/><D34/><U108/><E108/><V110/><F110/><W109/><G109/><T32/><D32/><U80/><E101/><V86/><F96/><W24/><G24/><T124/><D124/><U72/><E13/><V126/><F100/><W121/><G121/><T53/><D40/><U62/><E62/><V85/><F85/><W68/><G118/><T28/><D93/><U106/><E106/><V5/><F5/><W90/><G70/><T43/><D43/><U39/><E39/><V102/><F102/><W114/><G69/><T33/><D33/><U104/><E104/><V78/><F126/><W1/><G68/><T41/><D41/><U117/><E117/><V10/><F10/><W98/><G114/><T116/><D116/><U66/><E66/><V6/><F8/><W83/><G1/><T103/><D103/><U7/><E7/><V87/><F6/><W30/><G21/><T45/><D28/><U42/><E42/><V59/><F59/><RYUUKYOKU ba="0,0" sc="191,-10,212,30,354,-10,243,-10" hai1="11,12,17,48,50,72,74,75,80,84" owari="181,-31.9,242,4.2,344,44.4,233,-16.7" /><BYE who="2" /></mjloggm>