<mjloggm ver="2.3"><GO type="225" lobby="0"/><UN n0="%E3%81%8B%E3%82%8F%E3%81%A1%E3%82%83%E3%82%93%35%38" n1="%E5%A4%8F%E9%88%B4%E9%88%B4%E5%A4%8F" n2="%E3%81%BD%E3%81%A1%E3%81%9F%E3%81%93%E3%82%84" n3="%77%72%77%72%77%72%77%72" dan="16,16,17,16" rate="2154.54,2123.17,2180.67,2145.18" sx="M,F,M,M"/><TAIKYOKU oya="0"/><INIT seed="0,0,0,0,0,10" ten="250,250,250,250" oya="0" hai0="74,42,71,4,21,27,119,111,30,133,46,24,37" hai1="45,78,0,66,13,124,47,96,83,64,35,81,76" hai2="94,29,100,105,12,118,129,115,91,121,55,16,39" hai3="128,41,65,84,107,112,43,2,67,77,36,34,59"/><T102/><D119/><U23/><E0/><V40/><F115/><W62/><G2/><T80/><D133/><U110/><E35/><V79/><F121/><W82/><G112/><T120/><D120/><U33/><E33/><V44/><F118/><W58/><G34/><T113/><D113/><U51/><E96/><V15/><F129/><W85/><G107/><T122/><D122/><U8/><E23/><V75/><F29/><W68/><G128/><T53/><D71/><U9/><E110/><V116/><F116/><W92/><G36/><T108/><D4/><U109/><E124/><V52/><F105/><W114/><G114/><T6/><D6/><U97/><E97/><V125/><F100/><W72/><G72/><T98/><D53/><U18/><E109/><N who="0" m="42057" /><D27/><U3/><E3/><V130/><F130/><W22/><G68/><T26/><D26/><U88/><E66/><V70/><F70/><W131/><G131/><T20/><D20/><U69/><E64/><V101/><F101/><W48/><G22/><T89/><D74/><U63/><E8/><V17/><F125/><W25/><G25/><T73/><D73/><U11/><E9/><V32/><F32/><W7/><G7/><T104/><D80/><U28/><E11/><N who="2" m="6175" /><F17/><W5/><G5/><T117/><D117/><U1/><E18/><V132/><F15/><W123/><G123/><T19/><D19/><U31/><E13/><V103/><F132/><W61/><REACH who="3" step="1"/><G48/><REACH who="3" ten="250,250,250,240" step="2"/><T135/><D135/><U134/><E51/><N who="2" m="28775" /><F75/><W106/><G106/><T90/><AGARI ba="0,1" hai="21,24,30,37,42,46,89,90,98,102,104" m="42057" machi="90" ten="30,3000,0" yaku="14,1,10,1" doraHai="10" who="0" fromWho="0" sc="250,40,250,-10,250,-10,240,-10" /><INIT seed="0,1,0,3,3,118" ten="290,240,240,230" oya="0" hai0="54,117,108,30,14,85,97,61,74,64,107,72,121" hai1="124,27,68,78,58,57,0,3,67,22,114,129,90" hai2="113,62,59,65,101,43,42,6,84,119,53,28,102" hai3="115,120,104,110,31,133,103,13,86,45,10,32,5"/><T2/><D2/><U128/><E78/><V15/><F113/><W111/><G115/><T1/><D1/><N who="1" m="587" /><E114/><V49/><F119/><W40/><G133/><T100/><D117/><U60/><E90/><V47/><F28/><W66/><G66/><T41/><D41/><N who="2" m="15370" /><F84/><W7/><G7/><T126/><D54/><U29/><E124/><V26/><F26/><W48/><G31/><T105/><D14/><U8/><E8/><AGARI ba="1,0" hai="6,8,15,47,49,53,59,62,65,101,102" m="15370" machi="8" ten="30,1000,0" yaku="8,1" doraHai="118" who="2" fromWho="1" sc="290,0,240,-13,240,13,230,0" /><INIT seed="1,0,0,2,0,76" ten="290,227,253,230" oya="1" hai0="84,45,126,65,99,78,13,63,36,134,24,7,61" hai1="133,82,122,55,113,109,52,18,83,89,23,104,39" hai2="29,112,69,88,22,100,105,25,46,16,37,20,49" hai3="8,103,9,72,3,38,114,93,43,86,120,118,4"/><U77/><E122/><V85/><F69/><W81/><G120/><T31/><D126/><U41/><E113/><V59/><F112/><W40/><G114/><T110/><D110/><U19/><E104/><V127/><F127/><W64/><G118/><T12/><D134/><U123/><E123/><V131/><F131/><W62/><G38/><T47/><D99/><U1/><E1/><V73/><F73/><W71/><G72/><T42/><D47/><U132/><E109/><V124/><F124/><W60/><G60/><T125/><D63/><U67/><E67/><V56/><F37/><W15/><G93/><T70/><D7/><U96/><E41/><N who="2" m="24783" /><F100/><W108/><G103/><T116/><D116/><U54/><E39/><V26/><F105/><W90/><REACH who="3" step="1"/><G108/><REACH who="3" ten="290,227,253,220" step="2"/><T119/><D119/><U0/><E133/><V129/><F129/><W106/><G106/><T6/><D125/><U30/><E132/><V87/><F87/><W33/><G33/><T115/><D115/><U117/><E117/><V121/><F121/><W135/><G135/><T50/><D36/><U66/><E66/><V91/><F91/><W111/><G111/><T32/><D84/><N who="1" m="48207" /><E0/><V97/><F97/><W58/><G58/><T27/><D70/><U53/><N who="1" m="13312" /><DORA hai="51" /><U92/><E83/><AGARI ba="0,1" hai="16,20,22,25,26,29,56,59,83,85,88" m="24783" machi="83" ten="30,7700,0" yaku="8,1,52,1,54,2" doraHai="76,51" who="2" fromWho="1" sc="290,0,227,-77,253,87,220,0" /><INIT seed="2,0,0,2,3,16" ten="290,150,340,220" oya="2" hai0="63,74,107,82,46,55,122,17,129,99,19,75,102" hai1="28,93,61,30,94,103,104,37,84,36,128,5,134" hai2="21,106,78,43,53,111,132,73,8,125,35,71,42" hai3="47,11,121,115,87,89,116,113,3,2,14,56,123"/><V127/><F35/><W119/><G47/><T26/><D122/><N who="3" m="46601" /><G56/><T114/><D114/><N who="3" m="43529" /><G89/><T117/><D117/><N who="3" m="45129" /><G87/><T13/><D129/><U64/><E84/><V7/><F43/><W0/><G14/><T133/><D133/><U29/><E37/><V45/><F42/><W110/><G11/><T98/><D46/><U51/><E36/><V67/><F45/><W79/><G79/><T76/><D13/><U6/><E94/><V135/><F8/><W80/><G80/><T108/><D82/><U124/><E93/><V126/><F78/><W100/><G100/><T18/><D102/><U40/><E103/><V48/><F127/><W25/><G25/><T31/><D26/><U52/><E124/><V83/><F126/><W39/><G39/><T130/><D76/><U96/><E40/><V38/><F83/><W120/><N who="3" m="46609" /><W60/><DORA hai="22" /><G60/><T44/><D63/><U101/><E134/><V23/><F38/><W131/><G131/><T118/><D130/><U97/><E128/><V91/><F132/><W58/><G58/><T109/><D118/><U95/><E104/><V12/><F135/><W68/><G68/><T27/><D107/><U92/><E61/><V24/><F106/><W49/><G49/><N who="0" m="29095" /><D98/><U105/><E64/><V66/><F67/><W4/><G4/><N who="1" m="1642" /><E97/><V9/><F66/><W69/><G69/><T50/><D50/><U33/><E95/><V54/><F48/><W20/><G20/><N who="0" m="15847" /><D99/><U15/><E105/><V90/><F71/><W10/><G10/><T70/><D70/><U112/><E96/><V57/><F125/><W77/><G77/><RYUUKYOKU ba="0,0" sc="290,15,150,-15,340,-15,220,15" hai0="17,18,19,74,75,108,109" hai3="0,2,3,110" /><INIT seed="3,1,0,3,0,13" ten="305,135,325,235" oya="3" hai0="69,125,49,95,132,107,66,6,50,56,17,118,91" hai1="105,130,119,38,42,9,7,34,52,53,110,19,32" hai2="112,60,39,26,0,70,134,99,133,10,106,116,120" hai3="28,33,5,100,62,71,20,1,65,75,92,23,114"/><W126/><G114/><T4/><D107/><U31/><E110/><V37/><F116/><W83/><G126/><T45/><D69/><U90/><E130/><V21/><F112/><W16/><G33/><T11/><D118/><U63/><E119/><V8/><F120/><W82/><G1/><T129/><D129/><U15/><E105/><V108/><F108/><W104/><G5/><T59/><D132/><N who="2" m="50794" /><F70/><W109/><G104/><T41/><D125/><U29/><E90/><V102/><F60/><W24/><G75/><T47/><D4/><U25/><E7/><N who="2" m="1127" /><F10/><W67/><G67/><T97/><D66/><U64/><E42/><V2/><F2/><W98/><REACH who="3" step="1"/><G109/><REACH who="3" ten="305,135,325,225" step="2"/><T61/><D6/><U78/><E78/><V35/><F35/><W131/><G131/><T127/><D127/><U3/><E3/><V101/><F102/><W113/><G113/><T84/><D61/><U76/><E76/><V46/><F46/><W55/><G55/><T93/><D47/><U58/><REACH who="1" step="1"/><E38/><REACH who="1" ten="305,125,325,225" step="2"/><V81/><F39/><W121/><G121/><T79/><D79/><U115/><E115/><V96/><F37/><W73/><G73/><T128/><D128/><U12/><E12/><AGARI ba="1,2" hai="12,16,20,23,24,28,62,65,71,82,83,92,98,100" machi="12" ten="30,11600,0" yaku="1,1,7,1,52,1,54,1,53,0" doraHai="13" doraHaiUra="72" who="3" fromWho="1" sc="305,0,125,-119,325,0,225,139" owari="305,-9.5,6,-49.4,325,12.5,364,46.4" /></mjloggm>