<mjloggm ver="2.3"><GO type="225" lobby="0"/><UN n0="%43%68%65" n1="%E3%81%90%E3%81%A1%E3%82%84%E3%81%BE" n2="%E3%83%8F%E3%83%B3%E3%83%89%E3%83%A9%E3%83%BC%E3%83%BB%E3%83%AF%E3%83%B3" n3="%E7%9C%BC%E7%A7%91%E5%8C%BB" dan="16,16,17,16" rate="2151.91,2123.20,2144.00,2129.60" sx="M,M,M,M"/><TAIKYOKU oya="0"/><INIT seed="0,0,0,4,5,101" ten="250,250,250,250" oya="0" hai0="102,82,119,86,7,43,68,129,98,133,38,122,100" hai1="60,127,91,63,112,113,42,31,94,54,118,5,58" hai2="1,46,4,10,96,11,83,84,49,3,48,116,103" hai3="16,78,36,67,124,33,132,80,99,93,45,59,37"/><T2/><D119/><U62/><E118/><V110/><F110/><W135/><G33/><T108/><D122/><U125/><E5/><V76/><F116/><W128/><G128/><T89/><D129/><U0/><E0/><V47/><F10/><W39/><G124/><N who="1" m="47690" /><E31/><V72/><F1/><W97/><G45/><T6/><D68/><U14/><E14/><V114/><F114/><N who="1" m="44137" /><E94/><V35/><F35/><W61/><G16/><T75/><D2/><U107/><E91/><V74/><F47/><W12/><G12/><T18/><D18/><U28/><E28/><V8/><F48/><W104/><G104/><T65/><D108/><U27/><E27/><V34/><F34/><W79/><G79/><T111/><D111/><U20/><E20/><V21/><F21/><W126/><G126/><T55/><D102/><U40/><E107/><V85/><F85/><N who="3" m="48279" /><G93/><N who="0" m="58447" /><D75/><U30/><E30/><V121/><F8/><W71/><G71/><T131/><D131/><U9/><E9/><V115/><F121/><W105/><G105/><T41/><D133/><AGARI ba="0,0" hai="36,37,39,59,61,67,97,99,132,133,135" m="48279" machi="133" ten="40,1300,0" yaku="20,1" doraHai="101" who="3" fromWho="0" sc="250,-13,250,0,250,0,250,13" /><INIT seed="1,0,0,0,3,5" ten="237,250,250,263" oya="1" hai0="35,130,98,71,107,93,108,41,50,70,59,61,6" hai1="100,119,72,39,23,111,82,126,25,117,121,85,1" hai2="110,21,102,96,122,45,132,94,66,46,73,133,88" hai3="53,118,4,90,26,43,19,131,134,28,81,49,0"/><U55/><E121/><V91/><F122/><W92/><G131/><T48/><D107/><U75/><E1/><V84/><F73/><W16/><G134/><N who="2" m="51817" /><F110/><W97/><G118/><T44/><D108/><U13/><E111/><V31/><F66/><W11/><G43/><T60/><D130/><U112/><E112/><V32/><F32/><W87/><G53/><T15/><D35/><U12/><E39/><V63/><F63/><W114/><G49/><T86/><D50/><U101/><E126/><V52/><F52/><W2/><G2/><T65/><D86/><U135/><E135/><V37/><F37/><W128/><G114/><T79/><D79/><U17/><E75/><V124/><F91/><W120/><G128/><T29/><D61/><U38/><E38/><V116/><F116/><W74/><G74/><T33/><D33/><U14/><E72/><V83/><F124/><W80/><G80/><T58/><D71/><U36/><E36/><V51/><F51/><W68/><G68/><T69/><D69/><U76/><REACH who="1" step="1"/><E55/><REACH who="1" ten="237,240,250,263" step="2"/><V115/><F115/><W54/><G54/><T34/><D65/><U123/><E123/><V125/><F125/><W24/><G120/><T78/><D41/><U99/><E99/><V89/><F102/><AGARI ba="0,1" hai="12,13,14,17,23,25,76,82,85,100,101,102,117,119" machi="102" ten="40,2000,0" yaku="1,1,53,0" doraHai="5" doraHaiUra="47" who="1" fromWho="2" sc="237,0,240,30,250,-20,263,0" /><INIT seed="1,1,0,3,1,29" ten="237,270,230,263" oya="1" hai0="96,122,8,105,121,107,27,26,100,106,95,7,71" hai1="21,61,41,52,73,76,99,132,54,123,112,10,108" hai2="60,30,128,125,11,82,97,104,86,37,57,38,3" hai3="98,135,66,94,2,6,101,127,12,22,133,68,120"/><U89/><E112/><V0/><F128/><W85/><G120/><N who="0" m="46187" /><D71/><U130/><E123/><V23/><F125/><W18/><G127/><T39/><D39/><U16/><E130/><V87/><F104/><N who="0" m="26626" /><T55/><DORA hai="111" /><D55/><U4/><E108/><V126/><F97/><W49/><G85/><T28/><D28/><U19/><E132/><V72/><F72/><W58/><G68/><T14/><AGARI ba="1,0" hai="7,8,14,26,27,95,96,100" m="26626,46187" machi="14" ten="50,1600,0" yaku="13,1" doraHai="29,111" who="0" fromWho="0" sc="237,19,270,-9,230,-5,263,-5" /><INIT seed="2,0,0,5,2,29" ten="256,261,225,258" oya="2" hai0="110,108,27,131,46,22,88,107,59,2,95,38,32" hai1="113,67,40,62,76,130,66,36,104,115,23,6,92" hai2="44,111,126,121,10,58,127,135,106,15,33,54,112" hai3="41,87,0,91,94,60,28,19,64,69,34,42,39"/><V132/><F106/><W78/><G0/><T102/><D2/><U17/><E104/><V124/><F112/><W122/><G122/><T14/><D131/><U48/><E130/><V49/><F121/><W74/><G39/><T86/><D14/><U93/><E36/><V133/><F111/><N who="0" m="42538" /><D59/><U119/><E119/><V35/><F58/><W80/><REACH who="3" step="1"/><G19/><AGARI ba="0,0" hai="10,15,19,33,35,44,49,54,124,126,127,132,133,135" machi="19" ten="50,12000,1" yaku="18,1,20,1,52,2" doraHai="29" who="2" fromWho="3" sc="256,0,261,0,225,120,258,-120" /><INIT seed="2,1,0,2,3,109" ten="256,261,345,138" oya="2" hai0="74,119,55,1,90,91,70,2,0,31,85,68,126" hai1="37,61,104,15,116,40,124,97,128,28,78,25,112" hai2="76,56,3,120,10,42,51,93,7,122,67,77,14" hai3="12,72,38,6,89,133,135,79,23,34,121,114,29"/><V113/><F113/><W127/><G38/><T47/><D74/><U98/><E116/><V101/><F3/><W18/><G89/><T88/><D119/><U105/><E112/><V5/><F5/><W45/><G45/><T87/><D31/><U49/><E37/><V19/><F7/><W86/><G72/><T94/><D126/><U132/><E132/><N who="3" m="50762" /><G86/><T53/><D47/><U60/><E128/><V96/><F122/><W134/><G79/><T80/><REACH who="0" step="1"/><D91/><REACH who="0" ten="246,261,345,138" step="2"/><U118/><E124/><V24/><F120/><W117/><G134/><T11/><D11/><U36/><E28/><V103/><F10/><N who="3" m="4183" /><G117/><T16/><D16/><U95/><E118/><V59/><F19/><W83/><G127/><T58/><D58/><U20/><E36/><V13/><F59/><W43/><G121/><T33/><D33/><U64/><E40/><V99/><F56/><W46/><G46/><T48/><D48/><U32/><E49/><V66/><F51/><W21/><G43/><T30/><D30/><U125/><E125/><V9/><F42/><W62/><G62/><T8/><D8/><U75/><E61/><V111/><F9/><W131/><G34/><T39/><D39/><U130/><E75/><V35/><F35/><W107/><G29/><T108/><D108/><U52/><E32/><V123/><F111/><W110/><G110/><T81/><D81/><U129/><E60/><V106/><F123/><W92/><G83/><T63/><D63/><U65/><E130/><V102/><F67/><W17/><G131/><T4/><D4/><U71/><E129/><V115/><F66/><RYUUKYOKU ba="1,1" sc="246,30,261,-10,345,-10,138,-10" hai0="0,1,2,53,55,68,70,80,85,87,88,90,94" /><INIT seed="3,2,1,1,1,127" ten="276,251,335,128" oya="3" hai0="10,25,90,4,88,97,16,94,45,131,89,119,63" hai1="59,39,81,58,2,85,75,24,121,66,104,125,7" hai2="133,73,60,101,130,71,20,19,84,32,8,43,9" hai3="67,77,42,128,47,53,44,22,0,96,120,21,14"/><W134/><G120/><T118/><D131/><U15/><E121/><V30/><F73/><W65/><G0/><T124/><D124/><U23/><E2/><V11/><F130/><W51/><G128/><T31/><D45/><U116/><E39/><V82/><F133/><W72/><G134/><T28/><D119/><U87/><E104/><V102/><F32/><W57/><G47/><T126/><D126/><U123/><E123/><V69/><F30/><W68/><G68/><T74/><D74/><U29/><E125/><V35/><F35/><W3/><G3/><T26/><D118/><U117/><E75/><V54/><F43/><W83/><G96/><T95/><D4/><U114/><E114/><V135/><F135/><W40/><G40/><T38/><D38/><U18/><E7/><V111/><F111/><W48/><G21/><T122/><D122/><U5/><E5/><V46/><F71/><W105/><G105/><T103/><D95/><U61/><E117/><V86/><F69/><W113/><G113/><T129/><D63/><N who="1" m="38263" /><E81/><V110/><F110/><W107/><G107/><T12/><D129/><U17/><E116/><V37/><F37/><W132/><G132/><T52/><D52/><N who="1" m="34023" /><E29/><AGARI ba="2,1" hai="10,12,16,25,26,28,29,31,88,89,90,94,97,103" machi="29" ten="40,5200,0" yaku="8,1,54,2" doraHai="127" who="0" fromWho="1" sc="276,68,251,-58,335,0,128,0" owari="344,44.4,193,-20.7,335,13.5,128,-37.2" /></mjloggm>