<mjloggm ver="2.3"><GO type="225" lobby="0"/><UN n0="%E3%81%A8%E3%82%89%E3%81%84%E3%81%A1" n1="%73%69%67%65%6E%6F%72%69" n2="%E3%81%BE%E3%81%A8%E3%81%9F" n3="%E3%81%BD%E3%81%A1%E3%81%9F%E3%81%93%E3%82%84" dan="16,18,16,17" rate="2129.15,2240.57,2125.39,2231.44" sx="M,M,M,M"/><TAIKYOKU oya="0"/><INIT seed="0,0,0,1,2,23" ten="250,250,250,250" oya="0" hai0="31,83,119,105,95,126,89,20,111,47,66,64,75" hai1="46,90,25,132,62,91,69,96,71,128,12,112,55" hai2="84,87,58,30,129,88,27,4,82,118,85,73,102" hai3="9,92,70,68,52,72,80,65,18,32,107,6,22"/><T121/><D119/><U67/><E69/><V36/><F118/><W5/><G107/><T63/><D121/><U122/><E122/><V56/><F129/><W101/><G32/><T99/><D126/><U39/><E128/><V131/><F131/><W109/><G109/><T94/><D111/><U48/><E132/><V93/><F36/><W8/><G72/><T45/><D105/><U117/><E117/><V103/><F4/><W50/><G80/><T35/><D35/><U60/><E112/><V16/><F30/><W28/><G28/><T29/><D66/><U106/><E62/><V78/><F56/><W110/><G110/><T135/><D135/><U1/><E1/><V86/><REACH who="2" step="1"/><F58/><REACH who="2" ten="250,250,240,250" step="2"/><N who="3" m="33047" /><G70/><T61/><D31/><U0/><E39/><V38/><F38/><W7/><G68/><T53/><D29/><U40/><E71/><V77/><F77/><W120/><G120/><T123/><D123/><U57/><E57/><V10/><F10/><W125/><G125/><T17/><D64/><U113/><E67/><V79/><F79/><W130/><G65/><T100/><D17/><U19/><E19/><V14/><F14/><N who="3" m="9559" /><G130/><T98/><D61/><U11/><E60/><V43/><F43/><W114/><G114/><T124/><D124/><U104/><E40/><V115/><F115/><W97/><AGARI ba="0,1" hai="5,6,7,8,9,92,97,101" m="9559,33047" machi="97" ten="30,2000,0" yaku="8,1,54,1" doraHai="23" who="3" fromWho="3" sc="250,-10,250,-5,240,-5,250,30" /><INIT seed="1,0,0,5,4,79" ten="240,245,235,280" oya="1" hai0="10,9,89,132,82,33,64,54,36,52,17,25,35" hai1="115,74,55,59,90,133,111,126,68,44,12,23,18" hai2="119,117,53,93,121,24,61,20,84,103,85,8,97" hai3="107,75,80,34,122,123,92,30,118,31,125,47,65"/><U67/><E115/><V134/><F121/><W32/><G107/><T78/><D36/><U0/><E133/><V106/><F134/><W71/><G92/><T50/><D132/><U21/><E126/><V96/><F8/><W70/><G47/><T77/><D64/><U91/><E0/><V69/><F119/><W76/><G125/><T7/><D33/><U62/><E74/><V27/><F27/><N who="3" m="18527" /><G118/><T127/><D127/><U48/><E111/><V14/><F14/><W99/><G99/><T114/><D114/><U26/><REACH who="1" step="1"/><E68/><REACH who="1" ten="240,235,235,280" step="2"/><V72/><F72/><W4/><G71/><T57/><D35/><U43/><E43/><V1/><F1/><W73/><G75/><T101/><D101/><U88/><E88/><N who="2" m="55335" /><F69/><W109/><G109/><T102/><D102/><U130/><E130/><V29/><F117/><W113/><G113/><T38/><D89/><U5/><E5/><V16/><F29/><AGARI ba="0,1" hai="12,18,21,23,26,29,44,48,55,59,62,67,90,91" machi="29" ten="30,11600,0" yaku="1,1,7,1,8,1,53,1" doraHai="79" doraHaiUra="51" who="1" fromWho="2" sc="240,0,235,126,235,-116,280,0" /><INIT seed="1,1,0,2,3,26" ten="240,361,119,280" oya="1" hai0="104,79,109,36,10,63,13,53,133,24,86,7,8" hai1="129,77,51,38,47,130,71,75,107,126,16,131,37" hai2="80,34,3,117,0,49,106,65,103,95,89,15,5" hai3="41,52,110,123,116,62,111,60,119,70,9,61,2"/><U91/><E126/><V99/><F34/><W1/><G9/><T90/><D104/><U120/><E120/><V88/><F117/><N who="3" m="45131" /><G123/><T85/><D109/><N who="3" m="41481" /><G41/><T122/><D36/><U118/><E118/><V46/><F65/><W102/><G102/><T101/><D101/><U127/><E127/><V83/><F0/><N who="3" m="107" /><G70/><T115/><D8/><U98/><E71/><V72/><F3/><W50/><G50/><T132/><D122/><U19/><E37/><V20/><F5/><W66/><G66/><T81/><D10/><U114/><E38/><V17/><F72/><W87/><G87/><T39/><D86/><U108/><E108/><V59/><F59/><AGARI ba="1,0" hai="52,59,60,61,62" m="107,41481,45131" machi="59" ten="40,5200,0" yaku="12,1,14,1,54,1" doraHai="26" who="3" fromWho="2" sc="240,0,361,0,119,-55,280,55" /><INIT seed="2,0,0,5,5,120" ten="240,361,64,335" oya="2" hai0="134,85,69,14,102,133,55,28,32,18,25,114,79" hai1="96,8,4,7,71,6,20,75,35,53,124,65,121" hai2="101,123,30,57,80,24,1,19,67,62,47,61,3" hai3="86,104,128,93,27,76,108,48,125,10,111,41,42"/><V95/><F123/><W39/><G104/><T13/><D69/><U84/><E121/><V9/><F47/><W52/><G128/><T5/><D114/><U45/><E35/><V112/><F112/><W29/><G125/><T73/><D73/><U109/><E75/><V129/><F129/><W23/><G10/><N who="0" m="4303" /><D55/><U43/><E8/><V90/><F80/><N who="3" m="47367" /><G93/><T70/><D70/><U63/><E96/><V115/><F101/><W83/><G83/><T92/><D79/><U130/><E84/><V33/><F115/><W82/><G82/><T91/><D102/><U21/><E53/><V11/><F11/><W107/><G39/><T46/><D46/><U0/><E124/><V116/><F116/><W105/><G105/><T100/><D100/><U122/><E0/><V78/><F78/><W127/><G107/><T99/><D99/><U87/><E87/><V131/><F131/><W98/><G98/><T38/><D38/><U106/><E106/><V81/><F81/><W16/><G29/><T44/><D44/><U132/><E45/><V37/><F37/><W40/><G127/><T68/><D68/><U59/><E71/><V77/><F77/><W56/><G42/><T12/><D18/><U118/><E43/><V119/><F119/><W60/><G41/><T94/><D94/><U135/><E118/><V36/><F36/><W31/><G16/><T97/><D97/><U49/><E122/><V51/><F51/><W54/><G40/><T117/><D117/><U15/><E49/><V34/><F34/><W103/><G103/><T22/><D32/><U110/><E130/><RYUUKYOKU ba="0,0" sc="240,15,361,-15,64,-15,335,15" hai0="12,14,22,25,28,85,91,92,133,134" hai3="23,27,31,48,52,54,56,60,108,111" /><INIT seed="3,1,0,5,0,113" ten="255,346,49,350" oya="3" hai0="20,25,117,0,8,38,68,10,56,111,45,135,70" hai1="79,85,46,54,44,29,73,119,92,69,36,105,78" hai2="62,47,98,131,77,26,12,124,133,121,104,63,100" hai3="129,17,76,97,65,81,86,132,118,125,123,9,3"/><W1/><G118/><T21/><D111/><U126/><E105/><V82/><F12/><W51/><G123/><T16/><D135/><U31/><E69/><V61/><F47/><N who="1" m="17961" /><E73/><V108/><F26/><W99/><G132/><T120/><D120/><U42/><E36/><V37/><F82/><W14/><G129/><T24/><D56/><U66/><E119/><V74/><F77/><N who="1" m="29193" /><E126/><V48/><F98/><W23/><G125/><T122/><D122/><U33/><E33/><V57/><F100/><W127/><G127/><T95/><D95/><U41/><E66/><V67/><F57/><W90/><G51/><T7/><D10/><U6/><E54/><V52/><F48/><W4/><G65/><T30/><REACH who="0" step="1"/><D117/><REACH who="0" ten="245,346,49,350" step="2"/><U71/><E71/><V134/><F67/><W22/><G1/><T43/><AGARI ba="1,1" hai="0,7,8,16,20,21,24,25,30,38,43,45,68,70" machi="43" ten="30,7900,0" yaku="1,1,2,1,0,1,54,1,53,0" doraHai="113" doraHaiUra="58" who="0" fromWho="0" sc="245,92,346,-21,49,-21,350,-40" owari="337,43.7,325,12.5,28,-47.2,310,-9.0" /></mjloggm>