<mjloggm ver="2.3"><GO type="225" lobby="0"/><UN n0="%E3%81%AF%E3%82%88%E3%81%8A%E3%81%98%E3%81%95%E3%82%93" n1="%E9%A6%AC%E5%BC%95%E7%81%AB%33" n2="%E6%A1%9C%E8%8A%B1%E9%96%83%E3%80%85" n3="%E8%81%B7%E6%A5%AD%E3%80%81%E9%A2%A8%32" dan="16,16,16,16" rate="2194.20,2156.23,2212.01,2157.95" sx="M,M,M,M"/><TAIKYOKU oya="0"/><INIT seed="0,0,0,1,0,21" ten="250,250,250,250" oya="0" hai0="11,83,4,133,123,34,22,23,54,105,68,135,110" hai1="120,6,9,80,38,61,125,107,39,90,1,127,124" hai2="89,73,17,43,84,75,49,42,132,113,2,134,92" hai3="48,33,82,37,56,45,121,40,96,7,28,72,129"/><T29/><D105/><U36/><E120/><V5/><F113/><W27/><G121/><T115/><D123/><U20/><E107/><V130/><F130/><W3/><G129/><T31/><D68/><U12/><E61/><V103/><F103/><W106/><G56/><T10/><D83/><U86/><REACH who="1" step="1"/><E20/><REACH who="1" ten="250,240,250,250" step="2"/><V26/><F134/><W41/><G106/><T65/><D23/><U70/><E70/><V118/><F132/><W18/><G33/><T119/><D22/><U109/><E109/><V95/><F118/><W14/><G28/><T116/><D34/><U79/><E79/><V88/><F75/><W47/><G72/><T87/><D31/><U63/><E63/><V24/><F73/><W78/><G78/><T67/><D29/><U91/><E91/><V101/><F89/><W122/><G122/><T50/><D133/><U98/><E98/><V52/><F101/><W0/><G96/><T114/><D135/><U85/><E85/><V13/><F88/><W59/><G82/><T126/><D87/><U58/><E58/><V66/><F84/><W64/><G59/><T99/><D99/><U44/><E44/><V77/><F77/><W55/><G47/><T117/><D116/><U81/><E81/><V108/><F108/><W94/><G45/><T25/><D110/><U69/><E69/><V15/><F95/><W71/><G94/><T112/><D117/><U57/><E57/><V104/><F92/><W8/><G71/><T97/><D97/><U131/><E131/><V19/><F104/><W102/><G102/><T60/><D119/><U16/><E16/><RYUUKYOKU ba="0,1" sc="250,-10,240,30,250,-10,250,-10" hai1="1,6,9,12,36,38,39,80,86,90,124,125,127" /><INIT seed="1,1,1,5,1,11" ten="240,270,240,240" oya="1" hai0="12,7,10,60,107,47,76,14,129,9,30,41,115" hai1="1,96,126,102,71,26,130,106,123,13,98,83,74" hai2="127,81,68,77,118,15,113,48,59,69,122,2,72" hai3="73,121,128,94,103,33,43,112,54,134,56,108,18"/><U97/><E123/><V91/><F122/><W92/><G121/><T34/><D107/><U49/><E1/><V51/><F118/><W3/><G112/><T89/><D115/><U65/><E126/><V100/><F113/><W16/><G108/><T42/><D129/><U114/><E114/><V82/><F2/><W40/><G33/><T125/><D125/><U55/><E130/><V24/><F127/><W45/><G73/><T132/><D132/><U62/><E26/><V25/><F100/><W95/><G3/><T111/><D111/><U104/><E104/><V133/><F91/><W64/><G134/><T19/><D76/><U38/><E38/><V27/><F82/><W66/><G103/><T37/><D41/><N who="3" m="15945" /><G45/><T120/><D120/><U131/><E131/><V50/><F133/><W84/><G84/><T105/><D105/><U86/><E74/><V8/><REACH who="2" step="1"/><F59/><REACH who="2" ten="240,270,230,240" step="2"/><W57/><G128/><T135/><D135/><U58/><E102/><V67/><F67/><N who="3" m="25643" /><G57/><T22/><D89/><U39/><E106/><V17/><AGARI ba="1,2" hai="8,15,17,24,25,27,48,50,51,68,69,72,77,81" machi="17" ten="30,4000,0" yaku="1,1,0,1,52,1,53,0" doraHai="11" doraHaiUra="101" who="2" fromWho="2" sc="240,-11,270,-21,230,63,240,-11" /><INIT seed="2,0,0,2,0,20" ten="229,249,293,229" oya="2" hai0="101,26,120,7,11,51,32,94,42,48,35,110,122" hai1="49,88,91,130,111,22,15,123,104,12,25,18,41" hai2="27,77,9,83,115,71,81,79,5,70,107,58,56" hai3="124,19,66,36,108,131,10,38,13,97,100,72,16"/><V76/><F115/><W68/><G108/><T96/><D110/><U87/><E104/><V8/><F107/><W82/><G124/><T85/><D85/><U54/><E111/><V21/><F5/><W40/><G131/><T62/><D62/><U52/><E130/><V119/><F119/><W60/><G40/><T0/><D32/><U116/><E116/><V126/><F126/><W30/><G30/><T128/><D128/><U118/><E118/><V31/><F71/><W37/><G72/><T114/><D114/><U55/><E123/><V61/><F70/><W57/><G82/><N who="2" m="31241" /><F56/><W84/><G84/><T105/><D105/><U29/><E87/><V1/><F1/><W44/><G68/><T98/><D96/><U129/><E129/><V14/><F14/><N who="1" m="5161" /><E29/><V17/><F31/><W75/><G75/><T90/><D120/><U117/><E117/><V59/><F58/><W135/><G135/><T2/><D2/><U24/><E24/><V65/><AGARI ba="0,0" hai="8,9,17,21,27,59,61,65,76,77,79" m="31241" machi="65" ten="30,3000,0" yaku="8,1,52,1" doraHai="20" who="2" fromWho="2" sc="229,-10,249,-10,293,30,229,-10" /><INIT seed="2,1,0,1,3,71" ten="219,239,323,219" oya="2" hai0="66,133,31,61,93,130,5,105,89,67,108,7,88" hai1="75,59,14,11,20,8,99,52,113,41,22,134,131" hai2="19,65,15,18,48,62,21,91,35,74,43,38,46" hai3="106,96,2,10,117,79,56,94,12,85,80,1,73"/><V83/><F35/><W29/><G117/><T111/><D105/><U77/><E113/><V121/><F121/><W125/><G125/><T50/><D130/><U33/><E33/><V30/><F30/><W64/><G29/><T0/><D31/><U84/><E75/><V42/><F19/><W51/><G106/><T135/><D50/><U58/><E131/><V13/><F13/><W115/><G115/><T39/><D39/><U27/><E134/><N who="0" m="51209" /><D89/><U103/><E41/><V68/><F91/><W81/><G64/><N who="0" m="24619" /><D61/><N who="1" m="36039" /><E59/><V112/><F112/><W97/><G94/><T90/><D90/><U49/><E49/><V82/><REACH who="2" step="1"/><F74/><REACH who="2" ten="219,239,313,219" step="2"/><W116/><G73/><T102/><D102/><U40/><E103/><V9/><F9/><W126/><G10/><N who="0" m="2343" /><D7/><U104/><E11/><V114/><F114/><W107/><G2/><T101/><D101/><U78/><E8/><V54/><F54/><W37/><G1/><T6/><D6/><U87/><E22/><V60/><F60/><W123/><G12/><T120/><D120/><U24/><E20/><V23/><F23/><W122/><G123/><T118/><D118/><U28/><E28/><V63/><F63/><W100/><G116/><T129/><D129/><U109/><E14/><V119/><F119/><W45/><G122/><T17/><D17/><U36/><E24/><V92/><F92/><W53/><G100/><T72/><D72/><U69/><E27/><V128/><F128/><W86/><G107/><T70/><D70/><U16/><E69/><V55/><F55/><W124/><G53/><T95/><D95/><U98/><E104/><RYUUKYOKU ba="1,1" sc="219,15,239,-15,313,15,219,-15" hai0="88,93,108,111" hai2="15,18,21,38,42,43,46,48,62,65,68,82,83" /><INIT seed="2,2,1,3,0,5" ten="234,224,328,204" oya="2" hai0="112,15,73,6,56,114,118,95,129,105,132,104,94" hai1="125,51,2,89,109,85,62,10,66,96,71,54,113" hai2="81,111,90,46,29,41,80,79,38,58,75,25,49" hai3="103,130,99,84,67,69,3,102,93,77,83,60,134"/><V126/><F126/><W33/><G130/><T72/><D6/><U36/><E113/><V24/><F111/><W21/><G33/><T70/><D15/><U44/><E125/><V122/><F122/><W110/><G110/><T128/><D56/><N who="1" m="32863" /><E96/><V9/><F58/><W106/><G3/><T133/><REACH who="0" step="1"/><D70/><REACH who="0" ten="224,224,328,204" step="2"/><U18/><E109/><V32/><F25/><W91/><G134/><T87/><D87/><U65/><E2/><V55/><F24/><W61/><G21/><T127/><D127/><U115/><E85/><V100/><F32/><W26/><G26/><T108/><D108/><U116/><E71/><V0/><F0/><W35/><G35/><T43/><D43/><U48/><E10/><V31/><F9/><W47/><G60/><T101/><D101/><U11/><E11/><V74/><F100/><W42/><REACH who="3" step="1"/><G106/><REACH who="3" ten="224,224,328,194" step="2"/><T23/><D23/><U97/><E62/><V107/><F107/><W135/><G135/><T28/><D28/><U88/><E115/><V131/><F29/><W120/><G120/><T34/><D34/><U50/><E116/><AGARI ba="2,3" hai="72,73,94,95,104,105,112,114,116,118,128,129,132,133" machi="116" ten="25,12000,2" yaku="1,1,22,2,34,3,53,0" doraHai="5" doraHaiUra="16" who="0" fromWho="1" sc="224,156,224,-126,328,0,194,0" /><INIT seed="3,0,0,4,5,86" ten="380,98,328,194" oya="3" hai0="66,97,46,0,96,128,42,36,67,85,11,19,77" hai1="105,101,50,132,103,17,124,135,79,31,104,13,114" hai2="14,30,45,81,133,39,73,28,80,68,3,87,5" hai3="29,33,76,129,25,92,24,118,48,72,52,23,38"/><W64/><G118/><T125/><D125/><U126/><E31/><V113/><F113/><W74/><G129/><T123/><D123/><U41/><E50/><V83/><F68/><W49/><G38/><T93/><D128/><U62/><E62/><V99/><F133/><N who="1" m="51273" /><E13/><V107/><F107/><N who="1" m="41033" /><E17/><V111/><F111/><W12/><G64/><T16/><D96/><U6/><E6/><V71/><F99/><W78/><G12/><T60/><D85/><U119/><E41/><V109/><F109/><W1/><G1/><T98/><D98/><U117/><E114/><V82/><F71/><W18/><G48/><T89/><D77/><U121/><E121/><V15/><F3/><W100/><G78/><T61/><D61/><U4/><E4/><V69/><F69/><W75/><G76/><T51/><D36/><U47/><E47/><V108/><F45/><W115/><G115/><T57/><D66/><U65/><E65/><V7/><F7/><W70/><G70/><T130/><D130/><U43/><E43/><V90/><F108/><W63/><G63/><T116/><D116/><N who="1" m="44619" /><E79/><V44/><F44/><W102/><G52/><T21/><D21/><U53/><E53/><V106/><F15/><W95/><G49/><T26/><D26/><U35/><E35/><V112/><F14/><W40/><G40/><T37/><D37/><U10/><E10/><V127/><F112/><W88/><G24/><T56/><D57/><U9/><E9/><V91/><F5/><W34/><G25/><T94/><D0/><U122/><E122/><V55/><F39/><W54/><G33/><RYUUKYOKU ba="0,0" sc="380,-10,98,30,328,-10,194,-10" hai1="101,103,124,126" owari="370,47.0,128,-37.2,318,11.8,184,-21.6" /></mjloggm>