<mjloggm ver="2.3"><GO type="225" lobby="0"/><UN n0="%E6%81%A5%E6%99%92%E3%81%97" n1="%E7%B4%94%E6%BD%94%E3%83%94%E3%83%A9%E3%83%8B%E3%82%A2" n2="%E3%81%BD%E3%81%A1%E3%81%9F%E3%81%93%E3%82%84" n3="%E4%B8%89%E5%88%86%E5%B0%8F%E5%83%A7" dan="17,16,17,16" rate="2195.10,2093.36,2232.32,2056.76" sx="M,M,M,M"/><TAIKYOKU oya="0"/><INIT seed="0,0,0,4,0,19" ten="250,250,250,250" oya="0" hai0="25,100,135,32,78,76,110,87,1,73,75,104,67" hai1="26,83,107,93,109,72,41,117,85,105,134,98,17" hai2="3,95,35,69,29,34,56,22,112,123,51,129,89" hai3="4,62,23,30,36,99,120,54,124,113,106,8,132"/><T92/><D1/><U125/><E117/><V58/><F69/><W77/><G113/><T16/><D67/><U48/><E72/><V122/><F112/><W97/><G36/><T9/><D104/><U102/><E109/><V46/><F3/><W39/><G39/><T90/><D110/><U81/><E81/><V2/><F2/><W114/><G114/><T49/><D100/><U84/><E84/><V28/><F129/><W128/><G124/><T64/><D135/><U11/><E125/><V115/><F115/><W91/><G128/><T7/><D64/><U50/><E50/><V45/><F51/><W79/><G132/><T14/><D49/><U103/><E102/><V18/><F18/><W127/><G127/><T80/><D32/><U65/><E65/><V121/><F95/><N who="3" m="56575" /><G106/><T13/><D25/><U88/><E134/><V38/><F89/><W37/><G37/><T0/><D0/><U63/><E63/><V66/><F66/><W43/><G43/><T86/><REACH who="0" step="1"/><D76/><REACH who="0" ten="240,250,250,250" step="2"/><U126/><E126/><V94/><F38/><W130/><G79/><T31/><D31/><U33/><E33/><V133/><F133/><W20/><G77/><T118/><D118/><U111/><E111/><V40/><F35/><W15/><G30/><T10/><AGARI ba="0,1" hai="7,9,10,13,14,16,73,75,78,80,86,87,90,92" machi="10" ten="20,7800,0" yaku="1,1,0,1,7,1,54,1,53,0" doraHai="19" doraHaiUra="52" who="0" fromWho="0" sc="240,88,250,-26,250,-26,250,-26" /><INIT seed="0,1,0,2,1,3" ten="328,224,224,224" oya="0" hai0="71,78,16,122,25,123,30,54,98,49,119,92,31" hai1="101,112,0,59,79,58,84,36,40,82,96,88,135" hai2="55,41,32,52,106,1,64,13,85,38,61,107,125" hai3="42,33,86,69,113,37,60,15,128,7,104,83,110"/><T39/><D119/><U45/><E135/><V118/><F1/><W103/><G113/><T46/><D71/><U51/><E112/><V72/><F72/><W43/><G33/><T109/><D39/><U93/><E0/><V115/><F115/><W111/><G128/><T50/><D109/><N who="3" m="41481" /><G37/><T56/><D78/><U120/><E120/><V62/><F32/><W20/><G103/><N who="0" m="60871" /><D122/><U100/><E36/><V8/><F125/><W81/><G104/><T74/><D74/><U80/><REACH who="1" step="1"/><E100/><REACH who="1" ten="328,214,224,224" step="2"/><V75/><F38/><W24/><G42/><N who="0" m="24791" /><D123/><U4/><E4/><V76/><F41/><W68/><G43/><T126/><D126/><U35/><E35/><V27/><F118/><W99/><G7/><T91/><D91/><U14/><E14/><V114/><F13/><W129/><G15/><T133/><D133/><U95/><E95/><V116/><F114/><W2/><G129/><T22/><AGARI ba="1,1" hai="16,22,25,30,31,50,54,56" m="24791,60871" machi="22" ten="30,3000,0" yaku="8,1,54,1" doraHai="3" who="0" fromWho="0" sc="328,43,214,-11,224,-11,224,-11" /><INIT seed="0,2,0,1,1,114" ten="371,203,213,213" oya="0" hai0="18,100,76,104,65,34,68,109,105,57,86,116,54" hai1="73,38,49,123,101,133,129,45,111,27,52,66,119" hai2="75,56,122,112,22,128,132,125,58,42,93,110,113" hai3="80,10,40,31,19,85,88,67,5,98,92,87,32"/><T97/><D105/><U118/><E123/><V62/><F75/><W135/><G135/><T115/><D115/><U16/><E73/><V3/><F3/><W51/><G67/><T60/><D109/><U81/><E111/><V84/><F122/><W95/><G19/><T41/><D18/><U9/><E38/><V83/><F110/><W7/><G32/><T131/><D131/><U61/><E133/><V25/><F128/><W124/><G31/><T30/><D41/><U20/><E129/><V47/><F125/><W55/><G40/><T26/><D116/><U78/><E101/><V1/><F1/><W99/><G124/><T130/><D130/><U37/><E37/><V126/><F93/><W17/><G17/><T96/><D96/><N who="3" m="36905" /><G10/><T53/><D57/><U44/><E45/><V59/><F62/><W21/><G21/><T127/><D127/><U29/><E9/><V4/><F4/><N who="3" m="1611" /><G87/><T91/><D76/><U79/><E29/><N who="2" m="17591" /><F132/><W72/><G72/><T108/><D108/><U50/><E50/><N who="2" m="26999" /><F126/><W94/><G94/><AGARI ba="2,0" hai="26,30,34,53,54,60,65,68,86,91,94,97,100,104" machi="94" ten="30,5800,0" yaku="7,1,25,2" doraHai="114" who="0" fromWho="3" sc="371,64,203,0,213,0,213,-64" /><INIT seed="0,3,0,0,1,53" ten="435,203,213,149" oya="0" hai0="109,110,28,30,21,58,22,56,29,115,37,34,7" hai1="43,55,121,69,98,116,40,64,101,4,91,119,2" hai2="133,6,114,49,59,8,78,126,31,129,87,88,107" hai3="117,76,95,51,72,75,112,27,67,85,108,111,77"/><T41/><D41/><U57/><E121/><V74/><F114/><W70/><G70/><T42/><D115/><U83/><E69/><V65/><F107/><W45/><G67/><T128/><D128/><U33/><E64/><V80/><F129/><W35/><G112/><T38/><D7/><U90/><E33/><V86/><F133/><W134/><G134/><T13/><D42/><U17/><E17/><V118/><F126/><W120/><G120/><T103/><D103/><U96/><E4/><V105/><F105/><W66/><G66/><T122/><D122/><U25/><E55/><V106/><F106/><W82/><G117/><T46/><D46/><U68/><E68/><V0/><F118/><W3/><G3/><T71/><D71/><U19/><E19/><V18/><F31/><N who="3" m="19967" /><G95/><T132/><D13/><U26/><E83/><V1/><F1/><W48/><G77/><T84/><D132/><U94/><E94/><V14/><F49/><N who="3" m="19019" /><G45/><T36/><D84/><U131/><E2/><V23/><REACH who="2" step="1"/><F88/><REACH who="2" ten="435,203,203,149" step="2"/><W113/><G113/><T100/><D34/><U97/><E131/><V47/><F47/><W15/><G15/><T63/><D100/><U60/><E101/><V81/><F81/><W50/><G50/><T61/><D63/><AGARI ba="3,1" hai="0,6,8,14,18,23,59,63,65,74,78,80,86,87" machi="63" ten="40,5200,0" yaku="1,1,52,1,53,1" doraHai="53" doraHaiUra="12" who="2" fromWho="0" sc="435,-61,203,0,203,71,149,0" /><INIT seed="1,0,0,4,5,120" ten="374,203,274,149" oya="1" hai0="48,77,110,123,87,106,108,21,131,10,0,85,27" hai1="31,51,57,58,39,107,19,82,70,91,14,62,16" hai2="83,41,93,111,124,119,24,74,32,17,94,105,75" hai3="114,15,13,46,30,12,92,9,109,64,33,8,133"/><U112/><E112/><V128/><F119/><W22/><G114/><T2/><D106/><U78/><E39/><V115/><F105/><W28/><G64/><T20/><D123/><U49/><E107/><V81/><F115/><W3/><G46/><T67/><D67/><U43/><E31/><N who="3" m="11818" /><G92/><N who="2" m="35433" /><F32/><W135/><G33/><T117/><D117/><U98/><E98/><V56/><F41/><W73/><G73/><N who="2" m="27657" /><F17/><N who="1" m="6729" /><E70/><V88/><F24/><W11/><G22/><T40/><D27/><U4/><E78/><V89/><F56/><N who="1" m="21609" /><E62/><V59/><F59/><W99/><G99/><T36/><D36/><U132/><E132/><N who="3" m="50762" /><G3/><T37/><D37/><U50/><E82/><N who="2" m="31243" /><F128/><W47/><G47/><N who="0" m="25703" /><D131/><U29/><E29/><V65/><F65/><W90/><G90/><N who="2" m="34921" /><F124/><W7/><G7/><T1/><D0/><U34/><E91/><V121/><F121/><W79/><G79/><T84/><D77/><U86/><E34/><V53/><F53/><W97/><G97/><T76/><D76/><U66/><E66/><V134/><F134/><W26/><G26/><T116/><D116/><U25/><E43/><V126/><F126/><W100/><G100/><T104/><D104/><U72/><E72/><V96/><F96/><W23/><G23/><N who="0" m="8779" /><D10/><N who="1" m="4423" /><E25/><V101/><F101/><W38/><G38/><T61/><D61/><U63/><E63/><V54/><F54/><W18/><G18/><T69/><D1/><U68/><E68/><V45/><F45/><W102/><G102/><T122/><D69/><U5/><E5/><V103/><F103/><W71/><G71/><T130/><D2/><U118/><E118/><RYUUKYOKU ba="0,0" sc="374,-30,203,10,274,10,149,10" hai1="49,50,51,86" hai2="111" hai3="8,9,11,12,13,15,109" /><INIT seed="1,1,0,4,4,23" ten="344,213,284,159" oya="1" hai0="12,80,107,37,86,106,34,134,46,90,76,49,44" hai1="96,121,10,127,117,19,20,85,95,78,73,118,42" hai2="100,88,57,22,132,87,91,39,36,17,1,55,61" hai3="65,130,13,51,84,69,105,33,102,31,74,64,116"/><U92/><E121/><V126/><F132/><W54/><G74/><T89/><D34/><U129/><E127/><V27/><F126/><W131/><G116/><T97/><D134/><U101/><E129/><N who="3" m="49162" /><G69/><T53/><D12/><U120/><E120/><V11/><F100/><W70/><G70/><T41/><REACH who="0" step="1"/><D97/><REACH who="0" ten="334,213,284,159" step="2"/><U109/><E117/><V103/><F1/><W71/><G13/><T40/><D40/><U115/><E42/><V25/><F39/><W112/><G112/><T47/><D47/><U0/><E115/><V123/><F36/><W26/><G71/><T16/><D16/><U50/><E19/><V48/><F123/><W7/><G7/><T15/><D15/><U32/><E32/><V21/><F11/><W62/><G33/><T45/><D45/><U38/><E10/><V83/><F17/><W18/><G18/><T30/><D30/><U119/><E0/><V28/><F28/><W125/><G31/><T111/><D111/><U124/><E109/><V56/><F21/><W68/><G68/><T52/><D52/><U2/><E2/><V14/><F14/><W128/><G54/><T72/><D72/><U59/><E38/><V82/><F22/><W4/><G125/><T60/><D60/><U98/><E20/><V81/><F55/><W122/><G62/><T108/><D108/><U3/><E3/><V94/><F61/><W135/><G128/><T79/><D79/><U67/><E124/><V75/><F75/><W114/><G122/><T58/><D58/><U133/><E133/><V104/><F57/><W110/><G135/><T35/><D35/><RYUUKYOKU ba="1,1" sc="334,30,213,-10,284,-10,159,-10" hai0="37,41,44,46,49,53,76,80,86,89,90,106,107" /><INIT seed="2,2,1,3,2,16" ten="364,203,274,149" oya="2" hai0="72,130,123,35,13,131,48,81,11,32,101,97,25" hai1="87,132,66,103,68,46,127,2,18,104,122,26,78" hai2="20,110,124,28,62,37,58,6,57,24,29,90,128" hai3="89,53,102,88,70,59,93,77,95,19,106,38,135"/><V86/><F128/><N who="0" m="49194" /><D123/><U84/><E2/><V85/><F124/><W55/><G70/><T5/><D48/><U74/><E104/><V10/><F37/><W65/><G38/><T73/><D81/><U36/><E103/><V51/><F110/><W71/><G135/><T91/><D91/><U133/><E127/><V42/><F29/><W116/><G116/><T8/><D11/><U33/><E33/><N who="0" m="12873" /><D25/><U17/><E26/><V99/><F51/><W79/><G71/><T4/><D5/><U21/><E68/><V80/><F42/><W114/><G114/><T109/><D109/><U83/><E36/><V96/><F86/><W49/><G102/><T30/><D30/><U50/><E83/><V67/><REACH who="2" step="1"/><F57/><REACH who="2" ten="364,203,264,149" step="2"/><W52/><G106/><AGARI ba="2,2" hai="4,8,13,72,73,97,101,106" m="12873,49194" machi="106" ten="30,1000,0" yaku="19,1" doraHai="16" who="0" fromWho="3" sc="364,36,203,0,264,0,149,-16" /><INIT seed="3,0,0,3,0,24" ten="400,203,264,133" oya="3" hai0="123,81,53,26,56,18,59,76,78,38,85,36,55" hai1="92,57,106,46,93,120,131,60,11,83,111,68,94" hai2="5,119,23,27,35,47,113,40,1,62,117,10,20" hai3="91,96,49,42,32,29,112,127,72,105,122,79,2"/><W75/><G112/><T118/><D123/><U43/><E106/><V84/><F113/><W100/><G122/><T125/><D125/><U33/><E33/><V82/><F62/><W97/><G127/><T14/><D118/><U77/><E68/><V103/><F103/><W37/><G37/><T90/><D26/><U3/><E131/><V15/><F35/><W50/><G2/><T86/><D38/><U110/><E120/><V70/><F70/><W9/><G9/><N who="0" m="6479" /><D36/><U52/><E11/><V12/><F20/><W21/><G32/><T114/><D114/><U71/><E71/><V25/><F27/><N who="3" m="16623" /><G79/><T128/><D128/><U54/><E43/><V34/><F34/><W135/><G135/><T130/><D130/><U133/><E133/><V44/><F12/><W67/><G67/><T61/><D86/><U39/><E39/><V19/><F1/><W129/><G129/><T87/><D87/><U121/><E3/><V89/><F47/><N who="3" m="25847" /><G50/><AGARI ba="0,0" hai="50,53,55,56,59,61,76,78,81,85,90" m="6479" machi="50" ten="30,1000,0" yaku="8,1" doraHai="24" who="0" fromWho="3" sc="400,10,203,0,264,0,133,-10" /><AGARI ba="0,0" hai="5,10,15,19,23,25,40,44,50,82,84,89,117,119" machi="50" ten="30,1000,0" yaku="7,1" doraHai="24" who="2" fromWho="3" sc="410,0,203,0,264,10,123,-10" owari="410,51.0,203,-19.7,274,7.4,113,-38.7" /></mjloggm>