<mjloggm ver="2.3"><GO type="225" lobby="0"/><UN n0="%4B%2E%32%2E%4B%2E" n1="%65%78%69%73%74%2D%79" n2="%4C%4F%4C%49%54%41" n3="%72%61%6B%33" dan="17,16,16,16" rate="2194.94,2087.73,2103.54,2108.01" sx="M,M,F,M"/><TAIKYOKU oya="0"/><INIT seed="0,0,0,4,2,114" ten="250,250,250,250" oya="0" hai0="110,53,25,2,55,100,13,99,132,119,107,87,59" hai1="30,21,121,58,34,93,36,72,133,17,118,85,70" hai2="28,47,89,5,76,52,57,134,130,3,60,18,42" hai3="0,126,20,35,61,83,56,19,115,64,97,24,65"/><T79/><D119/><U108/><E121/><V26/><F130/><W33/><G115/><T54/><D2/><U44/><E70/><V68/><F134/><W39/><G126/><T128/><D132/><U92/><E72/><V96/><F76/><W62/><G39/><T67/><D128/><U1/><E1/><V14/><F68/><W15/><G0/><T122/><D122/><U94/><E133/><V46/><F5/><W69/><G83/><T43/><D43/><U45/><E36/><V112/><F112/><W90/><G90/><T48/><D110/><U38/><E38/><V117/><F117/><W8/><REACH who="3" step="1"/><G97/><REACH who="3" ten="250,250,250,240" step="2"/><T78/><D87/><U84/><E84/><V74/><F3/><W31/><AGARI ba="0,1" hai="8,15,19,20,24,31,33,35,56,61,62,64,65,69" machi="31" ten="20,5200,0" yaku="1,1,2,1,0,1,7,1,53,0" doraHai="114" doraHaiUra="32" who="3" fromWho="3" sc="250,-26,250,-13,250,-13,240,62" /><INIT seed="1,0,0,4,0,57" ten="224,237,237,302" oya="1" hai0="119,70,60,101,35,131,124,9,32,55,59,97,52" hai1="72,2,107,110,73,127,123,36,76,13,51,113,67" hai2="108,98,30,39,49,42,19,109,99,105,48,11,75" hai3="26,17,102,64,54,128,3,88,103,20,50,37,5"/><U95/><E51/><V116/><F116/><W111/><G37/><T47/><D119/><U92/><E13/><N who="2" m="7615" /><F75/><W106/><G111/><N who="2" m="42569" /><F30/><W129/><G5/><T66/><D124/><U84/><E67/><V27/><F27/><W118/><G3/><T31/><D131/><U40/><E40/><V130/><F130/><N who="3" m="50283" /><G106/><T33/><D9/><U94/><E36/><V87/><F87/><W122/><G122/><T45/><D31/><U90/><E2/><V1/><F1/><W77/><G77/><T4/><D4/><U21/><E21/><V132/><F132/><W61/><G88/><T62/><REACH who="0" step="1"/><D55/><REACH who="0" ten="214,237,237,302" step="2"/><U91/><E127/><V7/><F7/><W85/><G118/><T74/><D74/><N who="1" m="28779" /><E110/><V68/><F68/><N who="3" m="41999" /><G85/><T104/><AGARI ba="0,1" hai="32,33,35,45,47,52,59,60,62,66,70,97,101,104" machi="104" ten="30,12000,2" yaku="1,1,0,1,52,2,54,1,53,1" doraHai="57" doraHaiUra="65" who="0" fromWho="0" sc="214,130,237,-60,237,-30,302,-30" /><INIT seed="2,0,0,1,2,76" ten="344,177,207,272" oya="2" hai0="86,42,112,28,6,90,41,117,108,69,27,8,57" hai1="111,127,131,71,96,62,82,25,61,30,93,104,92" hai2="73,70,31,0,109,122,135,133,12,5,32,81,36" hai3="74,103,113,33,34,134,64,105,15,89,114,77,85"/><V126/><F12/><W121/><G121/><T63/><D69/><U21/><E127/><V3/><F122/><W118/><G118/><T123/><D112/><N who="3" m="43113" /><G64/><T59/><D123/><U29/><E131/><V101/><F101/><W83/><G15/><N who="0" m="5527" /><D117/><U65/><E111/><V45/><F126/><W51/><G51/><T46/><D46/><U84/><E61/><V56/><F56/><N who="0" m="21578" /><D63/><U37/><E37/><V66/><F109/><W87/><G134/><N who="2" m="51209" /><F5/><W43/><G43/><T94/><D108/><U52/><E52/><V13/><F66/><W40/><G40/><T95/><D95/><U53/><E53/><V18/><F70/><W98/><G74/><T47/><D47/><U75/><E75/><V80/><F73/><W35/><G35/><T22/><AGARI ba="0,0" hai="22,27,28,41,42,86,90,94" m="21578,5527" machi="22" ten="30,1100,0" yaku="8,1" doraHai="76" who="0" fromWho="0" sc="344,11,177,-3,207,-5,272,-3" /><INIT seed="3,0,0,1,2,112" ten="355,174,202,269" oya="3" hai0="25,53,131,83,34,41,10,89,66,121,115,82,96" hai1="31,90,0,29,20,92,42,14,134,52,69,67,123" hai2="106,73,50,91,45,64,51,78,127,26,43,126,48" hai3="114,3,133,81,129,24,86,104,99,130,79,124,6"/><W93/><G24/><T17/><D121/><U71/><E134/><V75/><F106/><W39/><G39/><T97/><D66/><U103/><E123/><V2/><F2/><W46/><G46/><T18/><D41/><U105/><E0/><V98/><F64/><W7/><G114/><T102/><D115/><U88/><E42/><V68/><F68/><W118/><G133/><T125/><D125/><N who="2" m="47626" /><F26/><W108/><G124/><T44/><D131/><U38/><E38/><N who="2" m="21751" /><F78/><W72/><G3/><T49/><D34/><U77/><E77/><V27/><F27/><W119/><G108/><T63/><D63/><U12/><E71/><V32/><F32/><W4/><G104/><T54/><D54/><U122/><E122/><V5/><F5/><W60/><G60/><T1/><D96/><N who="1" m="59783" /><E105/><V16/><F16/><W37/><G86/><T113/><D113/><U76/><E76/><V95/><AGARI ba="0,0" hai="48,50,51,73,75,91,95,98" m="21751,47626" machi="95" ten="40,1500,0" yaku="18,1" doraHai="112" who="2" fromWho="2" sc="355,-4,174,-4,202,15,269,-7" owari="351,45.1,170,-33.0,217,-18.3,262,6.2" /></mjloggm>