<mjloggm ver="2.3"><GO type="225" lobby="0"/><UN n0="%E5%A4%8F%E9%88%B4%E9%88%B4%E5%A4%8F" n1="%E7%AB%8B%E7%9B%B4%E5%A5%BD%E6%A3%92%40%E5%BF%98" n2="%E6%81%A5%E6%99%92%E3%81%97" n3="%33%74%72%65%65" dan="16,17,17,17" rate="2104.54,2136.89,2137.47,2195.93" sx="F,M,M,F"/><TAIKYOKU oya="0"/><INIT seed="0,0,0,2,0,17" ten="250,250,250,250" oya="0" hai0="40,117,5,45,109,31,108,70,101,67,125,113,30" hai1="95,132,103,29,2,62,106,98,11,123,19,83,0" hai2="85,131,77,46,72,65,75,35,119,107,97,121,58" hai3="12,135,23,26,128,55,88,51,102,124,37,22,81"/><T27/><D113/><U78/><E123/><V120/><F35/><W16/><G135/><T14/><D117/><U44/><E132/><V127/><F46/><N who="3" m="28151" /><G37/><T71/><D125/><U126/><E126/><V43/><F43/><W99/><G124/><T84/><D101/><U76/><E29/><V116/><F58/><W28/><G128/><T13/><D84/><U50/><E62/><V3/><F65/><W63/><G63/><T66/><D5/><U7/><E106/><V15/><F15/><N who="0" m="5642" /><D67/><U129/><E129/><V52/><F127/><W87/><G102/><T4/><D4/><U9/><E19/><V80/><F131/><W82/><G99/><T100/><D66/><U32/><E32/><V38/><F38/><W86/><G86/><T64/><D100/><U110/><E2/><V112/><F3/><W89/><G82/><T57/><D57/><U6/><E83/><V130/><F130/><W47/><G47/><T10/><D10/><U105/><E105/><V104/><F112/><W1/><G1/><T73/><D64/><U54/><E7/><V91/><F52/><W25/><G12/><T133/><D73/><N who="2" m="28234" /><F77/><AGARI ba="0,0" hai="16,22,23,25,26,28,77,81,87,88,89" m="28151" machi="77" ten="30,8000,1" yaku="8,1,52,2,54,2" doraHai="17" who="3" fromWho="2" sc="250,0,250,0,250,-80,250,80" /><INIT seed="1,0,0,3,0,28" ten="250,250,170,330" oya="1" hai0="18,3,78,46,21,7,117,70,124,8,4,123,82" hai1="44,42,54,32,43,81,114,61,59,104,109,125,80" hai2="134,33,0,62,35,10,48,105,65,132,39,100,108" hai3="47,72,83,19,1,50,115,38,40,90,116,9,34"/><U98/><E114/><V27/><F39/><W106/><G115/><T121/><D117/><U91/><E125/><V63/><F108/><W107/><G116/><T93/><D70/><U60/><E109/><V36/><F36/><W6/><G19/><T128/><D124/><U67/><E32/><N who="2" m="12363" /><F27/><W87/><G34/><T111/><D7/><U2/><E2/><V76/><F48/><W20/><G20/><T99/><D46/><U97/><E104/><V55/><F55/><W133/><G133/><N who="2" m="51305" /><F76/><N who="3" m="44423" /><G50/><T13/><D128/><U135/><E135/><V127/><F127/><W130/><G130/><T112/><D111/><U86/><E43/><V56/><F63/><W71/><G40/><T75/><D112/><U118/><E118/><V129/><F129/><W96/><G38/><T110/><REACH who="0" step="1"/><D110/><REACH who="0" ten="240,250,170,330" step="2"/><U16/><E42/><V52/><F65/><W66/><G66/><T45/><D45/><U95/><E44/><V53/><F53/><W30/><G47/><T92/><D92/><U89/><E54/><V57/><F57/><W122/><G107/><T131/><D131/><U24/><E59/><V22/><F105/><W17/><G106/><T58/><D58/><U103/><E67/><V29/><F100/><AGARI ba="0,1" hai="3,4,8,13,18,21,75,78,82,93,99,100,121,123" machi="100" ten="40,1300,0" yaku="1,1,53,0" doraHai="28" doraHaiUra="102" who="0" fromWho="2" sc="240,23,250,0,170,-13,330,0" /><INIT seed="2,0,0,0,3,27" ten="263,250,157,330" oya="2" hai0="100,98,111,94,120,35,26,106,78,79,22,132,44" hai1="15,4,75,64,76,52,37,89,13,18,5,32,127" hai2="14,73,91,115,96,113,84,23,114,8,29,95,65" hai3="49,62,130,93,133,72,107,124,11,57,31,102,45"/><V58/><F73/><W43/><G107/><T108/><D120/><U51/><E37/><V66/><F58/><W9/><G72/><T87/><D132/><U3/><E3/><V16/><REACH who="2" step="1"/><F96/><REACH who="2" ten="263,250,147,330" step="2"/><W63/><G57/><T77/><D111/><U60/><E75/><V30/><F30/><W123/><G31/><T82/><D108/><U86/><E127/><V104/><F104/><W38/><G124/><T36/><D106/><U80/><E32/><V46/><F46/><W116/><G45/><T97/><D35/><U39/><E39/><V121/><F121/><W92/><G38/><T103/><D44/><N who="1" m="27751" /><E76/><V7/><F7/><W119/><G123/><T50/><D36/><U70/><E4/><V25/><AGARI ba="0,1" hai="8,14,16,23,25,29,65,66,84,91,95,113,114,115" machi="25" ten="40,12000,1" yaku="1,1,0,1,52,1,54,1,53,0" doraHai="27" doraHaiUra="47" who="2" fromWho="2" sc="263,-40,250,-40,147,130,330,-40" /><INIT seed="2,1,0,3,5,73" ten="223,210,277,290" oya="2" hai0="1,82,97,16,76,101,11,79,27,70,71,23,77" hai1="128,13,122,91,46,127,33,129,131,39,83,81,98" hai2="74,8,59,2,89,64,21,93,22,106,47,110,100" hai3="85,72,94,112,7,88,78,65,117,37,62,19,58"/><V99/><F74/><W0/><G117/><T116/><D82/><U104/><E33/><V75/><F110/><W3/><G112/><T10/><D116/><U124/><E13/><V135/><F135/><W60/><G37/><T36/><D36/><U111/><E111/><V9/><F47/><W32/><G32/><T66/><D66/><U126/><E122/><V49/><F75/><W48/><G7/><T45/><D45/><U105/><E46/><V20/><F2/><W121/><G48/><T134/><D134/><U40/><E40/><V102/><F49/><W107/><G107/><N who="1" m="41034" /><E39/><V63/><REACH who="2" step="1"/><F106/><REACH who="2" ten="223,210,267,290" step="2"/><W118/><G118/><T90/><D1/><U38/><E38/><V95/><F95/><AGARI ba="1,1" hai="81,83,91,95,98,124,126,127,128,129,131" m="41034" machi="95" ten="50,8000,1" yaku="18,1,19,1,34,2" doraHai="73" who="1" fromWho="2" sc="223,0,210,93,267,-83,290,0" /><INIT seed="3,0,0,4,3,122" ten="223,303,184,290" oya="3" hai0="101,121,57,61,97,100,38,29,131,23,127,48,128" hai1="37,41,27,70,79,10,33,102,34,132,15,7,90" hai2="91,20,96,66,60,13,2,8,25,21,6,76,69" hai3="59,65,115,98,46,94,126,1,32,92,80,3,75"/><W124/><G115/><T93/><D121/><U103/><E70/><V43/><F76/><N who="3" m="44063" /><G32/><T106/><D38/><U83/><E90/><V107/><F43/><W4/><G46/><T55/><D127/><N who="3" m="48681" /><G4/><T114/><D114/><U62/><E62/><V67/><F67/><W58/><G94/><T26/><D106/><U56/><E56/><N who="3" m="21546" /><G65/><T64/><D101/><AGARI ba="0,0" hai="1,3,92,98,101" m="21546,48681,44063" machi="101" ten="30,1500,0" yaku="18,1" doraHai="122" who="3" fromWho="0" sc="223,-15,303,0,184,0,290,15" owari="208,-19.2,303,10.3,184,-31.6,305,40.5" /></mjloggm>