<mjloggm ver="2.3"><GO type="225" lobby="0"/><UN n0="%E3%83%96%E3%83%83%E3%83%91%E3%82%AA%E3%83%96%E3%83%81%E3%82%AD%E3%83%B3" n1="%E6%A1%9C%E8%8A%B1%E9%96%83%E3%80%85" n2="%E3%83%94%E3%82%B3%E3%83%9E%E3%82%B9%E3%83%86%E3%82%A3%E3%83%95" n3="%E5%A4%8F%E9%88%B4%E9%88%B4%E5%A4%8F" dan="16,16,17,16" rate="2166.57,2125.62,2209.17,2079.53" sx="M,M,M,M"/><TAIKYOKU oya="0"/><INIT seed="0,0,0,5,5,36" ten="250,250,250,250" oya="0" hai0="75,38,102,90,54,37,28,53,2,112,43,133,19" hai1="124,104,134,34,98,110,69,12,96,60,77,57,70" hai2="121,52,55,89,27,118,113,83,125,14,109,100,40" hai3="6,86,117,15,94,127,46,5,119,35,101,10,49"/><T132/><D112/><U130/><E34/><V45/><F113/><W67/><G127/><T66/><D75/><U61/><E124/><V23/><F125/><W68/><G35/><T25/><D2/><U79/><E110/><V9/><F121/><W105/><G105/><T3/><D3/><U116/><E116/><V30/><F100/><W22/><G5/><T56/><D19/><U0/><E0/><V24/><F24/><W51/><G49/><T72/><D72/><U18/><E130/><V16/><F109/><W128/><G128/><T108/><D102/><U135/><E57/><V95/><F83/><W73/><G73/><T122/><D108/><U131/><E131/><V47/><F118/><W82/><G22/><N who="0" m="15415" /><D122/><U99/><E12/><V33/><F33/><W97/><G67/><T64/><D90/><U123/><E18/><V44/><REACH who="2" step="1"/><F40/><REACH who="2" ten="250,250,240,250" step="2"/><N who="3" m="25031" /><G68/><N who="1" m="26218" /><E123/><V26/><F26/><W8/><G8/><T1/><D43/><U115/><E115/><V93/><F93/><W65/><G65/><T59/><D66/><U17/><E104/><V4/><F4/><W39/><G39/><T114/><D64/><U31/><E31/><V41/><F41/><W20/><G20/><T7/><D114/><U50/><E17/><V129/><F129/><W103/><G101/><T29/><D29/><U88/><E135/><N who="0" m="51785" /><D7/><U78/><E134/><V58/><F58/><N who="0" m="22058" /><D1/><U91/><E91/><V120/><F120/><W21/><G21/><T62/><D54/><U107/><E107/><V87/><AGARI ba="0,1" hai="9,14,16,23,27,30,44,45,47,52,55,87,89,95" machi="87" ten="30,8000,1" yaku="1,1,0,1,8,1,54,2,53,0" doraHai="36" doraHaiUra="92" who="2" fromWho="2" sc="250,-40,250,-20,240,90,250,-20" /><INIT seed="1,0,0,3,5,38" ten="210,230,330,230" oya="1" hai0="84,134,41,43,124,22,14,1,92,61,131,55,90" hai1="67,19,123,64,99,42,31,120,27,8,105,119,71" hai2="76,70,2,126,36,74,10,52,62,3,51,128,56" hai3="25,83,115,58,26,127,91,35,103,34,65,29,114"/><U116/><E19/><V18/><F36/><W12/><G103/><T79/><D1/><U9/><E99/><V32/><F32/><W100/><G100/><T111/><D111/><U16/><E105/><V50/><F128/><W77/><G127/><T40/><D131/><U15/><E71/><V75/><F126/><W101/><G101/><T49/><D124/><U11/><E42/><V33/><F33/><W130/><G130/><T78/><D134/><U46/><E46/><V54/><F70/><W87/><G12/><T96/><D61/><U88/><E88/><V44/><F76/><W6/><G6/><T89/><D22/><N who="1" m="11551" /><E64/><V102/><F102/><W30/><G77/><T24/><D24/><U93/><E93/><V135/><F135/><W107/><G107/><T85/><D14/><U45/><E45/><V108/><F108/><W66/><G66/><T28/><D28/><U125/><E67/><V121/><F121/><N who="1" m="46665" /><E125/><V39/><F39/><W98/><G98/><T117/><D117/><U48/><E48/><V132/><F132/><W133/><G133/><T81/><D96/><U113/><E113/><V53/><F18/><W110/><REACH who="3" step="1"/><G110/><REACH who="3" ten="210,230,330,220" step="2"/><T17/><REACH who="0" step="1"/><D17/><REACH who="0" ten="200,230,330,220" step="2"/><U37/><E116/><V59/><REACH who="2" step="1"/><F10/><REACH who="2" ten="200,230,320,220" step="2"/><W72/><G72/><AGARI ba="0,3" hai="2,3,44,50,51,52,53,54,56,59,62,72,74,75" machi="72" ten="40,5200,0" yaku="1,1,2,1,54,1,53,0" doraHai="38" doraHaiUra="95" who="2" fromWho="3" sc="200,0,230,0,320,82,220,-52" /><INIT seed="2,0,0,4,3,94" ten="200,230,402,168" oya="2" hai0="64,24,11,105,10,31,55,19,81,97,4,96,78" hai1="48,95,128,46,119,116,88,50,57,58,34,71,17" hai2="36,47,25,83,135,108,67,80,15,99,2,106,98" hai3="131,117,35,27,28,125,122,9,7,72,75,40,21"/><V49/><F2/><N who="3" m="247" /><G75/><T103/><D64/><U102/><E71/><V3/><F3/><W8/><G40/><T114/><D114/><U37/><E34/><V29/><F36/><W39/><G39/><T38/><D38/><U74/><E74/><V113/><F113/><W54/><G54/><T0/><D55/><U118/><E128/><V14/><F135/><W22/><G72/><T77/><D81/><N who="2" m="31306" /><F108/><W84/><G84/><T92/><D19/><U18/><E102/><V104/><F104/><W63/><G63/><T73/><D11/><U89/><E37/><V107/><F107/><W85/><G85/><T66/><D66/><U86/><E89/><V127/><F127/><W52/><G52/><T120/><D120/><U87/><E87/><V30/><F67/><W111/><G111/><T5/><D5/><U26/><E48/><V132/><F106/><W62/><G62/><T61/><D61/><U60/><E60/><V43/><F132/><W59/><G59/><T90/><REACH who="0" step="1"/><D73/><REACH who="0" ten="190,230,402,168" step="2"/><U101/><E118/><V76/><F76/><W110/><G110/><T45/><D45/><U44/><E44/><V41/><F41/><W12/><G122/><T112/><D112/><U93/><E17/><V109/><F109/><W56/><G125/><T130/><D130/><U13/><E119/><V51/><F51/><W82/><G117/><T126/><D126/><U129/><E116/><V68/><F68/><W134/><G131/><T69/><D69/><U123/><E129/><V70/><F70/><W115/><G115/><T1/><D1/><U16/><E123/><V6/><F47/><RYUUKYOKU ba="0,1" sc="190,30,230,-10,402,-10,168,-10" hai0="0,4,10,24,31,77,78,90,92,96,97,103,105" /><INIT seed="3,1,1,2,4,43" ten="220,220,392,158" oya="3" hai0="6,77,117,78,88,0,44,24,119,111,116,97,40" hai1="103,2,135,7,87,85,101,130,108,69,118,14,72" hai2="35,22,100,47,39,46,9,38,53,107,66,74,17" hai3="57,56,114,25,71,82,50,18,5,4,1,121,26"/><W34/><G121/><T11/><D111/><U68/><E2/><V19/><F35/><W124/><G71/><T123/><D123/><U21/><E72/><V64/><F74/><W84/><G114/><T80/><D24/><N who="3" m="9321" /><G124/><T86/><REACH who="0" step="1"/><D97/><REACH who="0" ten="210,220,392,158" step="2"/><U59/><E108/><V83/><F107/><W51/><G34/><T133/><D133/><U96/><E135/><V112/><F112/><W90/><G1/><T110/><D110/><U81/><E96/><V120/><F120/><W37/><G37/><AGARI ba="1,2" hai="0,6,11,37,40,44,77,78,80,86,88,116,117,119" machi="37" ten="40,5200,0" yaku="1,1,52,1,54,1,53,0" doraHai="43" doraHaiUra="16" who="0" fromWho="3" sc="210,75,220,0,392,0,158,-55" owari="285,8.5,220,-18.0,392,49.2,103,-39.7" /></mjloggm>