<mjloggm ver="2.3"><GO type="225" lobby="0"/><UN n0="%E8%83%83%E3%81%A8%E8%85%B8" n1="%E3%81%BF%E3%81%BF%E3%81%9A" n2="%E7%89%B9%E6%9D%B1%E3%81%AF%E4%B8%96%E7%95%8C%E3%82%92%E6%95%91%E3%81%86" n3="%30%2E%31%32%30" dan="16,18,16,16" rate="2155.60,2239.57,2153.43,2118.72" sx="M,M,M,M"/><TAIKYOKU oya="0"/><INIT seed="0,0,0,1,3,2" ten="250,250,250,250" oya="0" hai0="43,96,39,0,5,12,31,66,104,64,63,116,48" hai1="91,109,120,97,94,61,15,40,99,122,27,134,78" hai2="129,98,118,127,68,57,101,102,132,87,23,26,75" hai3="46,51,47,92,32,18,58,3,52,60,126,121,72"/><T1/><D116/><U112/><E40/><V123/><F68/><W38/><G72/><T34/><D12/><U54/><E109/><V107/><F75/><W125/><G32/><T85/><D48/><U16/><E134/><V81/><F123/><W4/><G121/><T135/><D135/><U33/><E78/><V28/><F132/><W86/><G18/><T22/><D22/><U110/><E110/><V65/><F118/><W130/><G130/><T79/><D66/><U88/><E112/><V114/><F114/><W44/><G38/><T117/><D85/><U70/><E33/><V53/><F102/><W35/><G35/><T6/><D79/><U59/><E70/><V13/><F127/><N who="3" m="48651" /><G86/><T93/><D117/><U77/><E77/><V76/><F129/><W7/><G92/><T100/><D93/><N who="1" m="56487" /><E15/><V11/><F65/><N who="3" m="39063" /><G3/><N who="0" m="1099" /><D39/><U9/><E9/><V37/><F37/><W89/><G89/><T113/><D113/><U106/><E106/><V83/><F87/><W55/><G55/><T73/><D73/><U21/><AGARI ba="0,0" hai="16,21,27,54,59,61,91,94,99,120,122" m="56487" machi="21" ten="30,4000,0" yaku="25,1,54,2" doraHai="2" who="1" fromWho="1" sc="250,-20,250,40,250,-10,250,-10" /><INIT seed="1,0,0,0,0,28" ten="230,290,240,240" oya="1" hai0="55,12,102,106,26,73,53,113,47,104,27,35,62" hai1="107,50,97,8,120,84,80,75,91,14,72,61,40" hai2="93,21,70,57,116,56,68,111,36,122,129,5,22" hai3="11,76,45,96,90,69,82,37,66,49,65,44,38"/><U16/><E120/><V63/><F122/><W78/><G11/><T2/><D2/><U135/><E135/><V81/><F116/><W132/><G96/><T103/><D113/><U133/><E133/><V9/><F36/><W0/><G0/><T59/><D73/><U24/><E61/><V100/><F111/><W126/><G132/><T10/><D47/><U42/><E24/><V79/><F129/><W134/><G134/><T115/><D115/><U51/><E51/><V86/><F70/><W87/><G49/><T31/><D53/><U85/><E85/><V29/><F68/><W60/><G126/><T34/><D102/><U123/><E123/><V20/><F29/><W74/><G66/><T3/><D3/><U7/><E7/><V15/><F63/><W95/><REACH who="3" step="1"/><G76/><REACH who="3" ten="230,290,240,230" step="2"/><T88/><D10/><U4/><E50/><V114/><F114/><W13/><G13/><T121/><D12/><U6/><E6/><V119/><F119/><W1/><G1/><T128/><D121/><U110/><E4/><V41/><F41/><W43/><G43/><T130/><D62/><U112/><E112/><V118/><F118/><W117/><G117/><T131/><D131/><U124/><E124/><V101/><F101/><W94/><G94/><T127/><D103/><N who="1" m="62959" /><E110/><V77/><F79/><W30/><G30/><N who="0" m="19799" /><D127/><U54/><E54/><V71/><F71/><W25/><G25/><T67/><D130/><U64/><E64/><V52/><F52/><W48/><G48/><N who="0" m="31207" /><D128/><U33/><E40/><V92/><F92/><W125/><G125/><T105/><D67/><U83/><E42/><RYUUKYOKU ba="0,1" sc="230,10,290,-30,240,10,230,10" hai0="27,31,35,88,104,105,106" hai2="5,9,15,20,21,22,56,57,77,81,86,93,100" hai3="37,38,44,45,60,65,69,74,78,82,87,90,95" /><INIT seed="2,1,1,2,0,20" ten="240,260,250,240" oya="2" hai0="113,89,15,94,1,135,3,62,86,32,28,108,130" hai1="42,44,34,121,110,58,33,100,50,71,68,17,91" hai2="5,88,29,111,124,133,117,18,120,101,16,67,119" hai3="82,106,74,109,69,114,43,131,57,96,14,127,56"/><V85/><F120/><W21/><G69/><T83/><D113/><U23/><E100/><V128/><F101/><W19/><G114/><T31/><D108/><U125/><E121/><V90/><F111/><W22/><G109/><T49/><D135/><U4/><E4/><V39/><F39/><W103/><G131/><T97/><D130/><U75/><E75/><V65/><F128/><W9/><G127/><T79/><D62/><U40/><E110/><V129/><F129/><W12/><G43/><T59/><D15/><U26/><E125/><V11/><F29/><W95/><G106/><T25/><REACH who="0" step="1"/><D31/><REACH who="0" ten="230,260,250,240" step="2"/><U99/><E71/><V98/><F124/><W77/><REACH who="3" step="1"/><G21/><REACH who="3" ten="230,260,250,230" step="2"/><T8/><D8/><U63/><E68/><V61/><F11/><W84/><G84/><T102/><D102/><U48/><E33/><V72/><F85/><W118/><G118/><T112/><D112/><U64/><E34/><V132/><F72/><W87/><G87/><T76/><D76/><U38/><E40/><V70/><F119/><W35/><G35/><T6/><D6/><AGARI ba="1,3" hai="6,9,12,14,19,22,56,57,74,77,82,95,96,103" machi="6" ten="30,3900,0" yaku="1,1,7,1,53,1" doraHai="20" doraHaiUra="13" who="3" fromWho="0" sc="230,-42,260,0,250,0,230,72" /><INIT seed="3,0,0,3,5,42" ten="188,260,250,302" oya="3" hai0="110,19,20,68,52,86,49,104,40,115,98,48,111" hai1="93,63,77,6,54,58,92,13,128,21,55,14,90" hai2="33,79,34,8,84,24,99,97,12,61,121,36,107" hai3="11,123,73,25,76,108,103,100,38,5,78,1,67"/><W46/><G123/><T94/><D68/><U15/><E128/><V26/><F36/><W43/><G108/><N who="0" m="41515" /><D104/><U31/><E77/><V35/><F121/><W131/><G131/><T114/><D86/><U125/><E125/><V134/><F134/><W87/><G87/><T74/><D74/><U62/><E6/><V17/><F61/><W71/><G76/><T88/><D40/><U101/><E101/><V16/><F107/><W120/><G120/><T72/><D72/><U30/><E21/><V27/><REACH who="2" step="1"/><F17/><REACH who="2" ten="188,260,240,302" step="2"/><W66/><G71/><T96/><D96/><N who="1" m="57367" /><E93/><V117/><F117/><W105/><G105/><T2/><D2/><U132/><E132/><V112/><F112/><N who="0" m="43050" /><D52/><N who="1" m="20011" /><E63/><V56/><F56/><W65/><G65/><AGARI ba="0,1" hai="13,14,15,30,31,58,62,65" m="20011,57367" machi="65" ten="30,2000,0" yaku="8,1,54,1" doraHai="42" who="1" fromWho="3" sc="188,0,260,30,240,0,302,-20" /><INIT seed="4,0,0,5,2,79" ten="188,290,240,282" oya="0" hai0="14,74,54,125,99,89,20,134,130,62,29,7,98" hai1="5,27,120,84,4,16,126,9,25,119,131,92,71" hai2="109,18,114,23,133,93,94,44,21,17,31,91,51" hai3="15,61,106,90,76,47,2,45,124,97,95,107,8"/><T135/><D74/><U24/><E71/><V118/><F114/><W1/><G124/><T48/><D62/><U83/><E119/><V22/><F133/><N who="0" m="50698" /><D125/><U127/><E120/><V37/><F109/><W64/><G76/><T41/><D41/><U49/><E131/><V113/><F37/><W46/><G107/><T52/><D130/><U81/><E126/><V112/><F118/><W12/><G106/><T55/><D48/><U122/><E122/><V0/><F0/><W87/><G97/><N who="0" m="36875" /><D89/><N who="1" m="53287" /><E127/><V116/><F116/><W36/><G36/><T110/><D110/><U75/><E75/><V102/><F31/><W103/><G103/><T58/><D58/><U128/><E128/><V32/><F32/><W78/><G78/><T11/><D29/><U30/><E30/><V42/><F102/><W35/><G35/><T56/><D56/><U65/><E65/><V108/><F108/><W40/><G40/><T111/><D111/><U117/><E49/><V63/><F63/><W59/><G1/><T66/><D66/><U28/><E28/><V10/><F91/><W73/><G73/><T43/><D43/><U19/><E117/><V13/><F113/><W100/><G100/><T6/><D20/><N who="2" m="7786" /><F112/><W86/><G2/><T129/><D129/><U26/><N who="1" m="6144" /><DORA hai="96" /><U39/><E39/><V60/><F60/><W67/><G67/><T77/><D77/><U85/><E85/><V69/><F69/><W132/><G132/><T70/><D70/><U104/><E104/><V121/><F121/><W82/><G86/><T80/><D80/><N who="1" m="30795" /><E4/><AGARI ba="0,0" hai="4,6,7,11,14,52,54,55" m="36875,50698" machi="4" ten="40,3900,0" yaku="20,1,54,1" doraHai="79,96" who="0" fromWho="1" sc="188,39,290,-39,240,0,282,0" /><INIT seed="4,1,0,5,1,77" ten="227,251,240,282" oya="0" hai0="23,121,99,22,54,21,101,68,135,97,27,91,128" hai1="71,95,103,114,34,81,124,7,134,130,55,40,30" hai2="113,89,118,20,57,105,29,1,93,86,109,36,60" hai3="8,132,12,50,9,26,64,116,33,98,19,75,58"/><T14/><D121/><U63/><E7/><V127/><F109/><W46/><G116/><T66/><D128/><U39/><E30/><V43/><F118/><W31/><G132/><T78/><D135/><U115/><E134/><V59/><F1/><W41/><G75/><T87/><D78/><U17/><E34/><V112/><F105/><W85/><G98/><T100/><D68/><U56/><E124/><V11/><F11/><W90/><G64/><T5/><D66/><N who="1" m="41439" /><E17/><V2/><F2/><W80/><G58/><T16/><D54/><U53/><E81/><V107/><F107/><W10/><AGARI ba="1,0" hai="8,9,10,12,19,26,31,33,41,46,50,80,85,90" machi="10" ten="20,2700,0" yaku="0,1,7,1,52,1" doraHai="77" who="3" fromWho="3" sc="227,-14,251,-8,240,-8,282,30" owari="213,-28.7,243,4.3,232,-16.8,312,41.2" /></mjloggm>