<mjloggm ver="2.3"><GO type="225" lobby="0"/><UN n0="%4B%2E%32%2E%4B%2E" n1="%E5%91%A8%E6%9D%B1" n2="%E3%82%AF%E3%82%A3%E3%82%A6" n3="%E3%81%99%E3%81%84%E3%81%BE%E3%81%9B%E3%83%BC%E3%82%93" dan="17,17,16,18" rate="2203.35,2164.13,2073.39,2205.41" sx="M,M,M,M"/><TAIKYOKU oya="0"/><INIT seed="0,0,0,2,0,70" ten="250,250,250,250" oya="0" hai0="80,127,68,74,66,77,87,28,103,30,78,20,125" hai1="133,13,100,82,64,45,130,0,79,105,4,102,1" hai2="55,2,123,116,99,46,107,33,41,135,27,91,17" hai3="23,89,11,111,58,6,3,43,65,42,118,94,9"/><T8/><D103/><U60/><E130/><V84/><F123/><W95/><G118/><T108/><D108/><U5/><E133/><V76/><F2/><W62/><G111/><T47/><D8/><U35/><E35/><V25/><F116/><W22/><G11/><T29/><D47/><U119/><E119/><V21/><F76/><W132/><G132/><T57/><D68/><U44/><E13/><V85/><F55/><W38/><G95/><T40/><D40/><U71/><E105/><V49/><F135/><W114/><G114/><T39/><D39/><U86/><E1/><V128/><F128/><W104/><G104/><T109/><D109/><U101/><E0/><V69/><F69/><W90/><G90/><T106/><D106/><U126/><E126/><N who="0" m="48137" /><D20/><U134/><E134/><V52/><F107/><W113/><G113/><T97/><D97/><U117/><E117/><V120/><F120/><W50/><G43/><T61/><D78/><U110/><E110/><V131/><F131/><W98/><REACH who="3" step="1"/><G50/><REACH who="3" ten="250,250,250,240" step="2"/><T92/><D92/><U67/><E4/><V10/><F10/><W26/><G26/><T88/><D88/><U56/><E5/><V18/><F41/><W31/><G31/><T122/><D122/><U48/><E48/><V93/><REACH who="2" step="1"/><F17/><REACH who="2" ten="250,250,240,240" step="2"/><W16/><G16/><T75/><AGARI ba="0,2" hai="28,29,30,57,61,66,74,75,77,80,87" m="48137" machi="75" ten="40,2100,0" yaku="18,1" doraHai="70" who="0" fromWho="0" sc="250,41,250,-7,240,-7,240,-7" /><INIT seed="0,1,0,3,3,30" ten="291,243,233,233" oya="0" hai0="114,17,74,65,92,50,48,58,121,6,24,14,8" hai1="61,85,15,63,27,18,60,43,133,62,127,73,70" hai2="2,13,100,104,47,108,33,96,37,115,88,38,82" hai3="69,56,64,93,59,126,117,87,34,46,39,20,124"/><T81/><D114/><U110/><E73/><V134/><F115/><W119/><G20/><T51/><D121/><U26/><E110/><V55/><F2/><W78/><G78/><T53/><D65/><U94/><E133/><V52/><F33/><W107/><G107/><T36/><D36/><U125/><E43/><V57/><F108/><W12/><G12/><T22/><REACH who="0" step="1"/><D92/><REACH who="0" ten="281,243,233,233" step="2"/><U16/><E70/><V106/><F134/><W19/><G93/><T45/><D45/><U83/><E94/><V122/><F122/><W44/><G69/><T103/><D103/><U9/><N who="1" m="15360" /><DORA hai="76" /><U41/><E41/><V130/><F47/><W129/><G39/><T29/><D29/><U40/><E40/><V23/><F38/><W79/><G46/><T77/><AGARI ba="1,1" hai="6,8,14,17,22,24,48,50,51,53,58,74,77,81" machi="77" ten="30,6000,0" yaku="1,1,0,1,52,1,53,0" doraHai="30,76" doraHaiUra="42,118" who="0" fromWho="0" sc="281,73,243,-21,233,-21,233,-21" /><INIT seed="0,2,0,3,3,15" ten="354,222,212,212" oya="0" hai0="48,88,45,106,28,32,135,124,70,1,4,120,29" hai1="65,108,71,101,49,72,99,85,94,68,113,34,79" hai2="57,8,117,86,133,83,73,60,89,17,6,116,76" hai3="30,55,3,10,87,11,90,53,66,19,0,80,50"/><T54/><D120/><U127/><E34/><V2/><F133/><W107/><G107/><T40/><D106/><U7/><E108/><V12/><F2/><W38/><G38/><T104/><D104/><U130/><E113/><V9/><F9/><W115/><G115/><T112/><D112/><U97/><E127/><V33/><F33/><W61/><G30/><T14/><D1/><U81/><E130/><V134/><F134/><W62/><G55/><T59/><D70/><U44/><E65/><V39/><F39/><W95/><G95/><T111/><D32/><U131/><E131/><V119/><F73/><W37/><G37/><T74/><D74/><U132/><E132/><V58/><F58/><W67/><G3/><T78/><D78/><U98/><E7/><V23/><F23/><W47/><G0/><T46/><D46/><U43/><REACH who="1" step="1"/><E72/><REACH who="1" ten="354,212,212,212" step="2"/><V118/><N who="2" m="29696" /><DORA hai="63" /><V41/><F41/><W64/><G10/><T128/><D40/><U69/><AGARI ba="2,1" hai="43,44,49,68,69,71,79,81,85,94,97,98,99,101" machi="69" ten="30,4000,0" yaku="1,1,0,1,53,1" doraHai="15,63" doraHaiUra="84,75" who="1" fromWho="1" sc="354,-22,212,56,212,-12,212,-12" /><INIT seed="1,0,0,2,1,16" ten="332,268,200,200" oya="1" hai0="34,59,80,50,67,30,110,18,88,124,53,62,45" hai1="96,115,7,41,92,15,98,113,135,112,133,83,94" hai2="8,64,99,12,17,38,2,132,22,47,31,127,73" hai3="61,105,123,104,23,33,44,27,77,84,57,21,54"/><U75/><E41/><V14/><F73/><W121/><G33/><T103/><D110/><U69/><E69/><V81/><F127/><W46/><G105/><T122/><D124/><U56/><E56/><V120/><F120/><W131/><G104/><T82/><D122/><U1/><E1/><V20/><F132/><N who="1" m="50761" /><E15/><V76/><F64/><W28/><G131/><T97/><D30/><U49/><E49/><V25/><F99/><N who="1" m="37929" /><E7/><N who="2" m="1143" /><F38/><W71/><G71/><T130/><D130/><U93/><E83/><V32/><F76/><W65/><G123/><T42/><D34/><U134/><N who="1" m="50769" /><U128/><DORA hai="108" /><E128/><V107/><F107/><W35/><G121/><T0/><D0/><U95/><N who="1" m="23552" /><DORA hai="102" /><U90/><E90/><V74/><F74/><AGARI ba="0,0" hai="74,75,112,113,115" m="23552,37929,50769" machi="74" ten="70,24000,3" yaku="28,2,20,1,34,2,52,3" doraHai="16,108,102" who="1" fromWho="2" sc="332,0,268,240,200,-240,200,0" owari="332,13.2,508,60.8,-40,-54.0,200,-20.0" /></mjloggm>