<mjloggm ver="2.3"><GO type="225" lobby="0"/><UN n0="%E3%82%A4%E3%83%BC%E3%82%B1%E3%83%97%E3%83%A9" n1="%E3%81%BF%E3%81%BF%E3%81%9A" n2="%E3%83%96%E3%83%83%E3%83%91%E3%82%AA%E3%83%96%E3%83%81%E3%82%AD%E3%83%B3" n3="%E3%81%BD%E3%81%A1%E3%81%9F%E3%81%93%E3%82%84" dan="17,18,16,17" rate="2216.25,2201.21,2195.27,2116.52" sx="M,M,M,M"/><TAIKYOKU oya="0"/><INIT seed="0,0,0,1,0,77" ten="250,250,250,250" oya="0" hai0="27,115,23,92,9,45,116,22,128,117,21,65,105" hai1="86,66,38,94,97,114,132,122,121,48,71,110,134" hai2="14,46,93,109,43,120,101,85,19,26,73,29,52" hai3="112,76,11,4,124,0,62,75,74,113,82,83,42"/><T31/><D115/><U63/><E38/><V91/><F120/><N who="1" m="46185" /><E114/><V32/><F109/><W33/><G124/><T1/><D105/><U80/><E48/><V41/><F73/><W100/><G33/><T106/><D106/><U59/><E97/><V98/><F52/><W56/><G100/><T126/><D126/><U127/><E94/><V54/><F54/><W37/><G82/><T70/><D128/><U89/><E127/><V17/><F14/><W104/><G75/><T123/><D123/><U78/><E110/><V88/><F91/><W36/><G104/><T39/><D92/><U55/><E55/><V111/><F111/><W69/><G37/><T44/><D70/><U135/><E89/><V87/><F43/><W119/><G56/><AGARI ba="0,0" hai="56,59,63,66,71,78,80,86,132,134,135" m="46185" machi="56" ten="40,2600,0" yaku="20,1,52,1" doraHai="77" who="1" fromWho="3" sc="250,0,250,26,250,0,250,-26" /><INIT seed="1,0,0,0,1,31" ten="250,276,250,224" oya="1" hai0="63,108,112,132,96,9,111,40,85,76,8,43,68" hai1="26,117,11,48,71,42,61,127,37,83,102,104,101" hai2="16,79,36,75,14,10,2,91,53,64,124,45,0" hai3="27,69,110,98,58,113,41,4,12,100,77,35,33"/><U114/><E114/><V97/><F124/><W133/><G113/><T56/><D68/><U24/><E117/><V115/><F64/><W126/><G69/><T20/><D112/><U90/><E37/><V19/><F115/><W84/><G126/><T107/><D132/><U5/><E127/><V128/><F128/><W82/><G133/><T66/><D20/><U130/><E130/><V70/><F70/><W7/><G110/><N who="0" m="42027" /><D76/><U125/><E125/><V18/><F75/><W88/><G41/><N who="0" m="15947" /><D85/><N who="1" m="50495" /><E71/><V89/><F36/><W129/><G129/><T67/><D67/><U87/><E104/><V44/><F79/><W65/><G77/><T38/><D38/><U3/><E3/><V62/><F0/><W134/><G134/><T109/><N who="0" m="42035" /><T80/><DORA hai="120" /><D80/><U73/><E87/><V13/><F2/><W51/><G65/><T121/><D121/><U92/><E73/><V32/><F32/><W118/><G118/><T17/><D17/><U39/><E92/><V47/><F19/><W6/><G35/><T103/><AGARI ba="0,0" hai="8,9,56,63,66,96,103,107" m="15947,42035" machi="103" ten="50,8000,1" yaku="14,1,52,4" doraHai="31,120" who="0" fromWho="0" sc="250,80,276,-40,250,-20,224,-20" /><INIT seed="2,0,0,3,5,0" ten="330,236,230,204" oya="2" hai0="35,113,4,14,100,73,107,88,52,30,68,54,10" hai1="16,84,78,109,85,66,102,94,29,70,86,112,108" hai2="96,11,13,122,42,135,63,31,20,39,2,43,106" hai3="119,40,9,33,117,18,46,134,120,81,32,91,65"/><V127/><F122/><W67/><G120/><T111/><D113/><U79/><E112/><V121/><F121/><W34/><G134/><T25/><D73/><U105/><E29/><V74/><F135/><W126/><G126/><T17/><D68/><U130/><E70/><V123/><F123/><W47/><G81/><T61/><D111/><N who="1" m="42571" /><E66/><V131/><F74/><W6/><G18/><T56/><D88/><N who="1" m="53511" /><E130/><V87/><F131/><W77/><G77/><N who="1" m="29194" /><E16/><N who="2" m="8255" /><F127/><W55/><G67/><T36/><D36/><U24/><E24/><N who="2" m="16775" /><F39/><W110/><G65/><T76/><D76/><U19/><E19/><V28/><F28/><W3/><G110/><T97/><D17/><U132/><E132/><V95/><F106/><W50/><REACH who="3" step="1"/><G91/><REACH who="3" ten="330,236,230,194" step="2"/><T98/><D35/><U133/><E133/><V21/><F43/><W128/><G128/><T90/><D90/><U89/><E89/><V1/><F42/><W125/><G125/><T12/><D30/><U58/><E58/><V26/><F26/><W103/><G103/><T53/><D25/><U27/><E27/><V129/><F129/><W83/><G83/><T92/><D56/><U82/><E82/><V59/><F1/><W75/><G75/><T15/><D100/><U7/><E102/><V69/><F2/><W23/><G23/><T62/><D10/><U38/><E86/><V115/><F21/><W8/><G8/><T71/><D71/><U72/><E85/><V49/><F69/><W5/><G5/><T22/><D4/><U44/><E72/><V99/><F87/><W37/><AGARI ba="0,1" hai="3,6,9,32,33,34,37,40,46,47,50,55,117,119" machi="37" ten="30,4000,0" yaku="1,1,0,1,52,1,53,0" doraHai="0" doraHaiUra="116" who="3" fromWho="3" sc="330,-10,236,-10,230,-20,194,50" /><INIT seed="3,0,0,4,3,123" ten="320,226,210,244" oya="3" hai0="85,53,97,2,89,8,42,57,128,70,29,60,119" hai1="79,100,63,5,38,55,47,113,21,10,132,15,120" hai2="35,3,24,105,99,20,37,58,61,101,12,32,117" hai3="25,73,94,115,133,116,54,34,127,7,68,50,69"/><W59/><G115/><T78/><D119/><U88/><E120/><V125/><F117/><W107/><G107/><T1/><D128/><U6/><E113/><V72/><F3/><W81/><G116/><T0/><D70/><U62/><E132/><V22/><F72/><W27/><G133/><T77/><D42/><U75/><E75/><V16/><F125/><W65/><G127/><T71/><D71/><U111/><E111/><V92/><F37/><W45/><G7/><T33/><D97/><U31/><E79/><V80/><F80/><W126/><G126/><T39/><D39/><U30/><E100/><V67/><REACH who="2" step="1"/><F105/><REACH who="2" ten="320,226,200,244" step="2"/><W56/><G81/><T4/><D0/><U109/><E109/><V82/><F82/><W124/><G73/><T95/><D1/><U36/><E38/><V11/><F11/><W118/><G118/><T48/><D8/><N who="1" m="4495" /><E88/><V134/><F134/><W130/><G124/><T90/><D90/><U91/><E91/><V86/><F86/><W19/><G130/><T51/><D2/><N who="1" m="343" /><E36/><V9/><F9/><W41/><G94/><T114/><D4/><U129/><E129/><V14/><F14/><W52/><G27/><N who="0" m="18623" /><D114/><U110/><E110/><V112/><F112/><W108/><G108/><T102/><D102/><U135/><E135/><V28/><AGARI ba="0,1" hai="12,16,20,22,24,28,32,35,58,61,67,92,99,101" machi="28" ten="20,12000,2" yaku="1,1,0,1,7,1,25,2,54,1,53,0" doraHai="123" doraHaiUra="46" who="2" fromWho="2" sc="320,-30,226,-30,200,130,244,-60" owari="290,9.0,196,-20.4,330,43.0,184,-31.6" /></mjloggm>