<mjloggm ver="2.3"><GO type="225" lobby="0"/><UN n0="%E3%83%9D%E3%82%B1%E3%83%83%E3%83%88" n1="%E7%B4%94%E6%BD%94%E3%83%94%E3%83%A9%E3%83%8B%E3%82%A2" n2="%E6%A1%9C%E8%8A%B1%E9%96%83%E3%80%85" n3="%E6%81%A5%E6%99%92%E3%81%97" dan="16,17,16,16" rate="2065.82,2176.05,2120.55,2185.08" sx="M,M,M,M"/><TAIKYOKU oya="0"/><INIT seed="0,0,0,0,2,18" ten="250,250,250,250" oya="0" hai0="24,70,39,88,90,91,84,113,78,14,40,37,102" hai1="35,94,11,0,50,87,124,97,126,61,73,81,43" hai2="109,125,93,77,58,99,49,59,56,92,10,86,54" hai3="68,21,72,30,75,27,131,116,36,95,69,45,57"/><T48/><D113/><U121/><E35/><V122/><F122/><W4/><G116/><T134/><D70/><U74/><E61/><V98/><F109/><W107/><G107/><T105/><D134/><U26/><E26/><V128/><F128/><W7/><G131/><T114/><D114/><U82/><E11/><V108/><F125/><N who="1" m="48233" /><E0/><V79/><F10/><W52/><G95/><N who="2" m="36425" /><F108/><W2/><G2/><T9/><D24/><U17/><E17/><V129/><F129/><W46/><G68/><T20/><D20/><U34/><E34/><V51/><F86/><W85/><G85/><T60/><D60/><U1/><E1/><V5/><F5/><W32/><G69/><T133/><D133/><U117/><E43/><V22/><F22/><W104/><G104/><T123/><D123/><U76/><E50/><N who="2" m="18955" /><F54/><W23/><G72/><N who="1" m="27754" /><E121/><V19/><F19/><W53/><G36/><T83/><D105/><U110/><E81/><V101/><F101/><W25/><G32/><T118/><D102/><N who="1" m="60727" /><E117/><V6/><F6/><W8/><G4/><N who="0" m="3367" /><D118/><U64/><E64/><V111/><F111/><AGARI ba="0,0" hai="76,82,87,110,111" m="60727,27754,48233" machi="111" ten="40,5200,0" yaku="18,1,34,2" doraHai="18" who="1" fromWho="2" sc="250,0,250,52,250,-52,250,0" /><INIT seed="1,0,0,0,5,73" ten="250,302,198,250" oya="1" hai0="122,13,76,45,19,36,96,111,28,83,21,98,62" hai1="65,97,87,81,105,92,94,125,112,3,99,27,20" hai2="7,47,134,131,29,23,38,135,43,9,6,8,64" hai3="124,128,91,106,90,72,67,102,46,116,61,100,63"/><U56/><E3/><V101/><F101/><W133/><G124/><T37/><D111/><U26/><E112/><V71/><F131/><W70/><G128/><T1/><D122/><U82/><E105/><V32/><F23/><W59/><G133/><N who="2" m="50697" /><F64/><W22/><G116/><T104/><D1/><U50/><E125/><V69/><F8/><W33/><G33/><T121/><D121/><U53/><E65/><V16/><F16/><W41/><G72/><T25/><D104/><U79/><E82/><V57/><F57/><W84/><G22/><T34/><D62/><U103/><E20/><V77/><F77/><W24/><G24/><T89/><D89/><AGARI ba="0,0" hai="26,27,50,53,56,79,81,87,89,92,94,97,99,103" machi="89" ten="30,5800,0" yaku="7,1,8,1,52,1" doraHai="73" who="1" fromWho="0" sc="250,-58,302,58,198,0,250,0" /><INIT seed="1,1,0,4,0,95" ten="192,360,198,250" oya="1" hai0="64,28,66,81,116,109,47,129,114,74,29,42,119" hai1="16,100,123,131,36,75,108,121,93,118,7,19,24" hai2="57,92,40,104,3,87,4,88,17,27,86,5,13" hai3="20,38,21,33,1,11,26,10,14,101,62,105,132"/><U49/><E118/><V2/><F104/><W23/><G38/><T63/><D114/><U46/><E36/><V135/><F135/><W110/><G62/><T120/><D109/><U70/><E70/><V68/><F68/><W71/><G71/><T124/><D129/><U115/><E75/><V76/><F40/><W52/><G110/><T133/><D133/><U106/><E106/><V60/><F27/><W12/><G132/><T32/><D124/><U15/><E115/><V65/><F2/><W39/><G39/><T97/><D97/><U44/><E93/><V98/><F3/><W79/><G79/><T55/><D120/><U56/><E15/><N who="3" m="5674" /><G52/><T84/><D74/><U112/><E112/><V111/><F111/><W25/><G101/><T59/><D64/><U53/><E100/><V67/><F67/><W134/><G105/><T90/><D66/><U99/><E53/><V117/><F117/><W130/><G134/><T126/><D126/><U50/><E108/><V54/><F54/><W22/><G130/><T43/><D43/><U125/><E131/><V91/><F76/><W51/><G51/><T8/><D119/><U78/><E78/><V77/><F77/><W34/><G26/><N who="0" m="18455" /><D116/><U58/><E24/><V122/><F122/><W73/><G73/><T80/><D80/><U18/><E125/><V35/><F91/><W30/><G1/><T102/><D102/><U103/><E103/><V83/><F83/><W85/><G85/><N who="2" m="32265" /><F35/><AGARI ba="1,0" hai="10,11,20,21,22,23,25,30,33,34,35" m="5674" machi="35" ten="30,8000,1" yaku="35,5" doraHai="95" who="3" fromWho="2" sc="192,0,360,0,198,-83,250,83" /><INIT seed="2,0,0,3,0,70" ten="192,360,115,333" oya="2" hai0="133,95,47,88,134,76,5,81,17,68,58,37,6" hai1="65,3,22,106,80,73,99,49,135,56,0,96,7" hai2="128,42,71,67,21,31,64,132,66,26,85,54,72" hai3="119,25,15,29,33,117,62,124,13,122,14,9,16"/><V93/><F128/><W105/><G105/><T98/><D68/><U38/><E38/><V121/><F121/><W24/><G62/><T120/><D120/><U126/><E135/><N who="0" m="51721" /><D58/><U100/><E96/><V30/><F132/><W74/><G122/><T59/><D17/><U48/><E22/><V69/><F72/><W89/><G89/><T52/><D47/><U113/><E113/><V20/><F42/><W97/><G97/><T35/><D35/><U129/><E129/><V127/><F127/><W39/><G74/><N who="0" m="43159" /><D37/><U2/><E7/><V12/><F54/><W103/><G39/><T114/><D114/><U43/><E43/><V28/><F12/><N who="3" m="4715" /><G103/><T84/><D84/><U40/><E40/><V4/><F4/><N who="3" m="3495" /><G124/><T87/><D87/><U53/><E65/><V44/><F44/><W75/><G75/><T115/><D115/><U118/><E126/><V34/><F34/><W11/><G11/><T90/><D90/><U36/><E36/><V107/><F107/><W111/><G111/><T123/><D123/><U77/><E49/><AGARI ba="0,0" hai="5,6,49,52,59,88,95,98" m="43159,51721" machi="49" ten="30,3900,0" yaku="20,1,54,2" doraHai="70" who="0" fromWho="1" sc="192,39,360,-39,115,0,333,0" /><INIT seed="3,0,0,2,5,131" ten="231,321,115,333" oya="3" hai0="71,99,130,129,125,100,117,59,23,63,9,115,55" hai1="103,78,27,3,79,0,98,97,62,36,25,48,116" hai2="44,6,127,17,106,24,109,108,38,101,20,104,82" hai3="18,1,86,67,21,107,87,105,33,19,37,70,92"/><W39/><G1/><T134/><D117/><U11/><E36/><V89/><F6/><W73/><G73/><T5/><D125/><U2/><E116/><V110/><F127/><W10/><G33/><T132/><D23/><U96/><E103/><V54/><F101/><W35/><G35/><T28/><D28/><U93/><E93/><V51/><F38/><W95/><G21/><T43/><D43/><U30/><E48/><V16/><F17/><W34/><G34/><T58/><D58/><U76/><E30/><V12/><F24/><N who="1" m="9289" /><E62/><V8/><REACH who="2" step="1"/><F20/><REACH who="2" ten="231,321,105,333" step="2"/><W15/><G39/><T65/><D100/><U68/><E11/><V41/><F41/><W90/><G37/><T60/><D9/><U102/><E102/><V32/><F32/><W133/><G19/><T72/><D5/><U26/><E26/><V29/><F29/><W31/><G31/><T49/><D129/><U47/><E47/><V126/><F126/><W80/><G18/><T42/><D130/><U66/><E66/><V119/><F119/><W69/><G67/><T91/><D42/><U94/><E94/><V128/><F128/><W75/><G95/><T56/><D65/><U77/><E77/><V4/><F4/><W112/><G92/><T84/><D99/><U61/><E61/><V13/><F13/><W14/><G15/><T22/><D63/><U135/><E68/><V114/><F114/><W122/><G112/><T111/><D71/><U46/><E46/><V7/><F7/><W121/><G69/><T53/><D60/><U57/><E57/><V81/><F81/><N who="3" m="49487" /><G70/><T52/><D59/><RYUUKYOKU ba="0,1" sc="231,-15,321,15,105,15,333,-15" hai1="0,2,3,76,78,79,96,97,98,135" hai2="8,12,16,44,51,54,82,89,104,106,108,109,110" owari="216,-18.4,346,44.6,120,-38.0,318,11.8" /></mjloggm>