<mjloggm ver="2.3"><GO type="225" lobby="0"/><UN n0="%72%69%6F%75%63%68%61%6E" n1="%E9%A6%AC%E5%BC%95%E7%81%AB%33" n2="%E3%83%B4%E3%83%A0%EF%BC%99%E3%81%A6" n3="%E3%82%8C%E3%81%99%E3%81%93" dan="16,16,17,17" rate="2080.60,2114.57,2129.69,2157.46" sx="M,M,M,F"/><TAIKYOKU oya="0"/><INIT seed="0,0,0,5,4,30" ten="250,250,250,250" oya="0" hai0="85,22,111,27,72,124,74,34,123,56,106,81,31" hai1="51,49,102,89,35,29,133,118,39,4,46,55,47" hai2="53,132,71,66,64,50,127,10,107,120,48,17,113" hai3="2,79,6,59,126,20,16,104,77,86,43,128,0"/><T18/><D123/><U63/><E118/><V125/><F107/><W129/><G104/><T24/><D124/><N who="2" m="47690" /><F10/><W135/><G126/><T65/><D111/><U101/><E39/><V23/><F120/><W3/><G6/><T69/><D69/><U83/><E133/><V67/><F113/><W88/><G135/><T97/><D65/><U40/><E4/><V92/><F132/><W91/><G43/><T19/><D56/><U84/><REACH who="1" step="1"/><E63/><REACH who="1" ten="250,240,250,250" step="2"/><V78/><F71/><W12/><G129/><T14/><D106/><U114/><E114/><V45/><F78/><W119/><G128/><T90/><REACH who="0" step="1"/><D97/><REACH who="0" ten="240,240,250,250" step="2"/><U131/><E131/><V54/><F66/><W1/><G119/><T93/><D93/><U73/><E73/><V44/><F92/><W80/><N who="3" m="0" /><DORA hai="36" /><W21/><G79/><T76/><D76/><U109/><E109/><V15/><AGARI ba="0,2" hai="15,17,23,44,45,48,50,53,54,64,67" m="47690" machi="15" ten="30,1100,0" yaku="18,1" doraHai="30,36" who="2" fromWho="2" sc="240,-5,240,-3,250,31,250,-3" /><INIT seed="1,0,0,5,4,48" ten="235,237,281,247" oya="1" hai0="34,43,7,102,5,114,111,116,10,53,11,23,96" hai1="107,6,122,99,117,33,38,75,28,40,4,13,30" hai2="81,64,88,25,109,89,70,83,58,124,103,130,22" hai3="52,44,66,55,133,8,15,32,119,60,84,126,62"/><U42/><E117/><V31/><F70/><W78/><G32/><T80/><D34/><U2/><E122/><V21/><F109/><W36/><G119/><T16/><D111/><U110/><E110/><V19/><F124/><W125/><G133/><T72/><D114/><U39/><E33/><V90/><F130/><W20/><G20/><T17/><D116/><U0/><E99/><V29/><F103/><W41/><G78/><T59/><D43/><U95/><E95/><V120/><F120/><W112/><G84/><T9/><D72/><U46/><E75/><V63/><REACH who="2" step="1"/><F31/><REACH who="2" ten="235,237,271,247" step="2"/><W69/><G112/><T115/><D115/><U91/><E28/><V106/><F106/><W24/><G24/><AGARI ba="0,1" hai="19,21,22,24,25,29,58,63,64,81,83,88,89,90" machi="24" ten="40,5200,0" yaku="1,1,8,1,54,1,53,0" doraHai="48" doraHaiUra="123" who="2" fromWho="3" sc="235,0,237,0,271,62,247,-52" /><INIT seed="2,0,0,5,3,32" ten="235,237,333,195" oya="2" hai0="26,97,33,105,78,47,6,43,81,55,132,120,4" hai1="61,35,83,11,95,17,13,48,119,59,42,121,104" hai2="88,103,125,31,45,27,69,80,2,118,18,38,68" hai3="101,20,15,85,40,49,93,112,66,41,99,30,29"/><V63/><F118/><W135/><G135/><T129/><D120/><U54/><E119/><V23/><F125/><W14/><G112/><T39/><D132/><U12/><E104/><V37/><F103/><W109/><G109/><T123/><D123/><U108/><E35/><V9/><F37/><W10/><G66/><T128/><D55/><U115/><E115/><V87/><F63/><W58/><G85/><T64/><D64/><U0/><E108/><V96/><F96/><W110/><G110/><T92/><D105/><U98/><E83/><V127/><F127/><W7/><G15/><T36/><D36/><U24/><E0/><V3/><F31/><W106/><G106/><T67/><D67/><U44/><E121/><V90/><F90/><W102/><G102/><N who="0" m="60711" /><D26/><U1/><E1/><V116/><F116/><W75/><G75/><N who="0" m="43231" /><D33/><U25/><E12/><V51/><F38/><W89/><G101/><AGARI ba="0,0" hai="11,13,17,24,25,42,44,48,54,59,61,95,98,101" machi="101" ten="30,2000,0" yaku="7,1,8,1" doraHai="32" who="1" fromWho="3" sc="235,0,237,20,333,0,195,-20" /><INIT seed="3,0,0,5,3,90" ten="235,257,333,175" oya="3" hai0="5,69,21,6,112,31,108,84,83,95,28,20,99" hai1="92,105,101,15,104,113,11,52,17,30,36,59,91" hai2="43,124,78,26,86,3,19,119,134,4,127,116,81" hai3="77,68,125,22,54,51,66,87,48,120,27,29,79"/><W121/><G125/><N who="2" m="48201" /><F134/><W130/><G130/><T106/><D69/><U89/><E36/><V110/><F110/><W107/><G107/><T46/><D108/><U37/><E37/><V85/><F43/><W65/><G48/><T100/><D112/><U67/><E67/><V122/><F122/><W88/><G121/><T126/><D126/><U115/><E91/><V55/><F55/><W64/><G120/><T117/><D117/><U41/><E30/><N who="0" m="11305" /><D106/><U61/><E41/><V75/><F19/><W60/><G60/><T24/><D46/><U34/><E34/><V74/><F26/><W72/><G72/><N who="2" m="27689" /><F85/><W44/><REACH who="3" step="1"/><G68/><REACH who="3" ten="235,257,333,165" step="2"/><T103/><D103/><U0/><E105/><V13/><F116/><W33/><G33/><T9/><D9/><U133/><E101/><V58/><F119/><W23/><G23/><N who="0" m="8779" /><D24/><U80/><E104/><V38/><F38/><W71/><G71/><T118/><D118/><U47/><E115/><V82/><F3/><W1/><G1/><T135/><D135/><U16/><E0/><V114/><F114/><W111/><G111/><T2/><D2/><U39/><E133/><V12/><F12/><W70/><G70/><T40/><D40/><U98/><E113/><V49/><F13/><W62/><G62/><T42/><D42/><U18/><E15/><V14/><F14/><W76/><G76/><AGARI ba="0,1" hai="5,6,76,83,84,95,99,100" m="8779,11305" machi="76" ten="30,2000,0" yaku="8,1,52,1" doraHai="90" who="0" fromWho="3" sc="235,30,257,0,333,0,165,-20" owari="265,6.5,257,-14.3,333,43.3,145,-35.5" /></mjloggm>