<mjloggm ver="2.3"><GO type="225" lobby="0"/><UN n0="%72%65%6E%6B%75%6E" n1="%E3%83%81%E3%83%83%E3%82%BF%E3%82%BD%E3%83%BC" n2="%E3%82%A4%E3%82%AD%E3%83%AA" n3="%E5%B8%86%E7%AB%8B%E5%A4%8F%E8%A1%A3" dan="17,16,16,17" rate="2181.29,2189.70,2053.52,2180.44" sx="M,F,M,M"/><TAIKYOKU oya="0"/><INIT seed="0,0,0,3,5,50" ten="250,250,250,250" oya="0" hai0="135,19,122,130,120,31,41,44,6,24,28,101,99" hai1="23,55,70,108,129,0,128,93,3,83,16,85,65" hai2="125,74,5,13,76,47,81,134,119,43,33,25,7" hai3="40,133,42,71,98,60,82,104,106,86,46,66,95"/><T84/><D130/><N who="1" m="50283" /><E108/><V52/><F134/><W110/><G110/><T56/><D135/><U62/><E93/><V114/><F114/><W26/><G133/><T11/><D19/><U77/><E55/><V30/><F125/><W94/><G26/><AGARI ba="0,0" hai="0,3,16,23,26,62,65,70,77,83,85" m="50283" machi="26" ten="30,2000,0" yaku="19,1,54,1" doraHai="50" who="1" fromWho="3" sc="250,0,250,20,250,0,250,-20" /><INIT seed="1,0,0,5,2,27" ten="250,270,250,230" oya="1" hai0="98,15,80,64,130,127,9,28,52,63,125,113,108" hai1="44,58,110,7,79,8,69,74,26,2,72,29,103" hai2="105,76,1,106,124,32,50,82,0,135,117,4,12" hai3="45,59,33,77,112,90,51,115,100,16,30,102,24"/><U78/><E69/><V43/><F117/><W23/><G77/><T131/><D113/><U37/><E58/><V31/><F135/><W133/><G133/><T81/><D108/><U20/><E103/><V65/><F65/><W88/><G115/><T101/><D28/><U42/><REACH who="1" step="1"/><E110/><REACH who="1" ten="250,260,250,230" step="2"/><V6/><F124/><W121/><G59/><N who="0" m="35303" /><D64/><U67/><E67/><V22/><F22/><BYE who="2" /><W73/><G102/><T132/><D132/><U62/><E62/><V96/><F96/><W123/><G100/><T83/><D98/><U61/><E61/><V56/><F56/><W120/><G112/><T71/><D71/><U129/><E129/><N who="0" m="49161" /><D101/><U41/><E41/><V84/><F84/><W35/><G73/><AGARI ba="0,1" hai="2,7,8,20,26,29,37,42,44,72,73,74,78,79" machi="73" ten="40,3900,0" yaku="1,1,52,1,53,0" doraHai="27" doraHaiUra="94" who="1" fromWho="3" sc="250,0,260,49,250,0,230,-39" /><INIT seed="1,1,0,5,3,18" ten="250,309,250,191" oya="1" hai0="110,62,60,105,108,83,34,77,102,36,15,115,54" hai1="8,88,87,11,65,93,10,123,104,5,72,38,7" hai2="74,128,29,97,24,33,22,78,75,80,53,96,131" hai3="76,57,21,25,111,35,109,125,0,59,73,12,132"/><U89/><E123/><V40/><F40/><W120/><G120/><T42/><D115/><U47/><E104/><V112/><F112/><W49/><G0/><T27/><D15/><U9/><E72/><V84/><F84/><W127/><G132/><T107/><D54/><U106/><E106/><N who="0" m="40457" /><D102/><U66/><E89/><V4/><F4/><W64/><G12/><T44/><D62/><U71/><E71/><V134/><F134/><W46/><G35/><T50/><D50/><U86/><E86/><V3/><F3/><W14/><G14/><T51/><D51/><U100/><E100/><V90/><F90/><W13/><G13/><T118/><D60/><U95/><E95/><V117/><F117/><W122/><G122/><T116/><D83/><U26/><E26/><V114/><F114/><W79/><G64/><T30/><D77/><N who="3" m="29769" /><G73/><T99/><D99/><U67/><N who="1" m="2048" /><DORA hai="31" /><U129/><REACH who="1" step="1"/><E129/><REACH who="1" ten="250,299,250,191" step="2"/><V124/><F124/><N who="3" m="47691" /><G59/><T133/><D133/><U70/><E70/><V28/><F28/><N who="3" m="17455" /><G57/><T81/><D81/><U45/><E45/><V82/><F82/><W19/><G19/><T1/><D1/><U48/><E48/><V85/><F85/><W41/><AGARI ba="1,1" hai="41,46,49,109,111" m="17455,47691,29769" machi="41" ten="30,2000,0" yaku="18,1,52,1" doraHai="18,31" who="3" fromWho="3" sc="250,-6,299,-11,250,-6,191,33" /><INIT seed="2,0,0,1,4,19" ten="244,288,244,224" oya="2" hai0="87,60,13,54,20,134,94,73,105,88,71,109,2" hai1="66,81,8,56,65,32,45,78,16,103,132,84,59" hai2="67,39,10,25,120,118,23,125,130,95,69,107,15" hai3="126,47,36,48,110,104,96,113,89,17,112,76,22"/><V117/><F117/><W9/><G110/><T41/><D73/><U11/><E132/><V37/><F37/><W100/><G126/><T27/><D2/><U86/><E32/><V30/><F30/><W33/><G33/><T131/><D105/><U70/><E70/><V124/><F124/><W106/><G76/><T128/><D109/><U6/><E103/><V135/><F135/><W14/><G106/><T42/><D13/><N who="1" m="5271" /><E45/><V3/><F3/><W121/><G121/><T122/><D122/><U91/><E65/><V90/><F90/><W50/><G89/><T18/><D134/><U102/><E66/><V52/><F52/><N who="3" m="29727" /><G50/><T99/><D87/><U75/><E75/><V98/><F98/><W35/><G35/><T74/><D74/><U101/><E102/><V4/><F4/><W93/><G36/><T127/><D127/><U133/><E101/><V46/><F46/><W129/><G129/><N who="0" m="49739" /><D71/><UN n2="%E3%82%A4%E3%82%AD%E3%83%AA" /><U63/><E133/><V29/><F120/><W55/><G55/><T62/><D62/><U43/><E63/><V85/><F107/><W115/><G104/><T68/><D68/><U51/><E51/><V77/><F125/><W79/><G79/><T92/><D92/><N who="1" m="54375" /><E43/><V57/><F130/><W119/><G119/><T24/><D24/><U53/><E53/><V12/><F69/><W64/><G64/><T123/><D123/><U0/><E0/><V5/><F118/><W82/><G82/><T80/><D80/><U34/><E34/><V1/><F39/><W114/><N who="3" m="28672" /><DORA hai="111" /><W97/><G97/><T31/><D42/><U72/><E72/><V58/><F77/><RYUUKYOKU ba="0,0" sc="244,-15,288,15,244,-15,224,15" hai1="11,16,56,59,78,81,86" hai3="9,14,17,22,93,96,100" /><INIT seed="3,1,0,0,3,93" ten="229,303,229,239" oya="3" hai0="26,48,85,70,37,42,55,134,113,90,50,25,67" hai1="9,73,71,132,76,92,52,80,74,122,64,116,0" hai2="87,1,4,14,112,7,36,62,29,39,127,126,19" hai3="72,27,2,69,61,131,59,123,103,53,82,129,54"/><W20/><G123/><T31/><D134/><U109/><E122/><V21/><F112/><W130/><G2/><T98/><D113/><U56/><E109/><V89/><F29/><W118/><G118/><T135/><D135/><U99/><E132/><V23/><F62/><W47/><G69/><T6/><D6/><N who="2" m="2090" /><F23/><W18/><G103/><T111/><D111/><U100/><E116/><V12/><F12/><W110/><G110/><T22/><D37/><U108/><E108/><V38/><F1/><W120/><G120/><T15/><D70/><U35/><E35/><V79/><F79/><N who="3" m="44391" /><G47/><N who="0" m="25719" /><D98/><U44/><E44/><V24/><F14/><W106/><G106/><T10/><D67/><AGARI ba="1,0" hai="18,20,27,53,54,59,61,67,129,130,131" m="44391" machi="67" ten="30,1500,0" yaku="19,1" doraHai="93" who="3" fromWho="0" sc="229,-18,303,0,229,0,239,18" /><INIT seed="3,2,0,0,2,57" ten="211,303,229,257" oya="3" hai0="64,68,25,13,123,17,108,92,100,101,58,47,112" hai1="21,5,6,60,135,87,78,19,124,91,131,75,134" hai2="70,89,7,110,26,50,80,0,27,9,73,36,113" hai3="107,125,16,115,93,54,35,44,24,31,83,66,72"/><W120/><G115/><T41/><D123/><U116/><E124/><V127/><F127/><W85/><G107/><T39/><D112/><U117/><E131/><V51/><F113/><W106/><G106/><T34/><D108/><U129/><E129/><V42/><F110/><W28/><G120/><T88/><D68/><U3/><E78/><N who="2" m="44111" /><F89/><N who="3" m="51391" /><G35/><T15/><D15/><N who="1" m="9471" /><E60/><V81/><F81/><W79/><G79/><T128/><D128/><U52/><E52/><V69/><F69/><W56/><G72/><T63/><D34/><U45/><E45/><N who="2" m="23751" /><F70/><W38/><G38/><T46/><D25/><AGARI ba="2,0" hai="0,7,9,25,26,27,50,51" m="23751,44111" machi="25" ten="30,1000,0" yaku="25,1" doraHai="57" who="2" fromWho="0" sc="211,-16,303,0,229,16,257,0" owari="195,-30.5,303,40.3,245,-15.5,257,5.7" /></mjloggm>