<mjloggm ver="2.3"><GO type="225" lobby="0"/><UN n0="%E7%89%B9%E6%9D%B1%E3%81%AF%E4%B8%96%E7%95%8C%E3%82%92%E6%95%91%E3%81%86" n1="%E3%81%99%E3%81%84%E3%81%BE%E3%81%9B%E3%83%BC%E3%82%93" n2="%E3%83%A9%E3%82%B9%E7%8E%87%EF%BC%93%E5%89%B2" n3="%E3%80%93%E3%81%97%E3%83%BC%E3%82%89%E3%80%93" dan="16,18,16,16" rate="2189.57,2202.41,2135.84,2205.64" sx="M,M,F,M"/><TAIKYOKU oya="0"/><INIT seed="0,0,0,0,0,15" ten="250,250,250,250" oya="0" hai0="102,79,38,25,17,133,65,113,68,120,122,27,59" hai1="91,128,97,81,1,95,66,21,31,101,40,75,110" hai2="30,114,47,42,124,85,67,112,7,22,8,106,29" hai3="2,92,11,58,116,123,50,3,100,109,0,61,6"/><T51/><D113/><U96/><E1/><V105/><F124/><W86/><G116/><T57/><D38/><U35/><E35/><V14/><F67/><W69/><G109/><T19/><D79/><U93/><E110/><V73/><F73/><W99/><G123/><T115/><D51/><U39/><E128/><V36/><F85/><W24/><G69/><T56/><D102/><U78/><E66/><V108/><F108/><W83/><G50/><T131/><D131/><U20/><REACH who="1" step="1"/><E31/><REACH who="1" ten="250,240,250,250" step="2"/><V70/><F30/><W125/><G125/><T44/><D65/><U12/><E12/><V62/><F70/><W135/><G24/><T132/><D68/><U117/><E117/><V80/><F29/><W111/><G111/><T84/><D115/><U16/><E16/><V72/><F114/><W71/><G71/><T49/><D122/><U48/><E48/><V88/><F112/><W5/><G5/><T23/><D120/><U121/><E121/><V118/><F118/><W37/><G37/><T33/><D33/><U77/><E77/><V126/><F126/><W18/><G18/><T134/><D27/><U34/><E34/><V10/><F62/><W130/><G130/><T60/><D60/><U103/><E103/><V55/><F14/><W52/><G135/><T89/><D19/><U129/><E129/><V53/><F7/><W45/><G45/><AGARI ba="0,1" hai="20,21,39,40,45,75,78,81,91,93,95,96,97,101" machi="45" ten="40,2600,0" yaku="1,1,53,1" doraHai="15" doraHaiUra="43" who="1" fromWho="3" sc="250,0,240,36,250,0,250,-26" /><INIT seed="1,0,0,0,1,14" ten="250,276,250,224" oya="1" hai0="89,44,130,96,103,20,65,111,45,36,93,32,128" hai1="80,7,31,3,15,48,87,51,126,73,55,1,28" hai2="82,98,71,101,110,56,108,116,21,131,119,8,50" hai3="22,42,121,68,72,90,114,81,25,24,39,54,12"/><U9/><E126/><V91/><F71/><W19/><G68/><T43/><D32/><U109/><E73/><V49/><F131/><N who="0" m="50218" /><D111/><N who="2" m="42538" /><F8/><W78/><G114/><T134/><D134/><U117/><E117/><V84/><F21/><W57/><G121/><T106/><D45/><U132/><E132/><V123/><F123/><W99/><G42/><T124/><D124/><U10/><E109/><V58/><F58/><W129/><G39/><T115/><D115/><U59/><E51/><N who="2" m="19467" /><F56/><W118/><G118/><T62/><D20/><U16/><REACH who="1" step="1"/><E1/><REACH who="1" ten="250,266,250,224" step="2"/><V5/><F5/><W40/><G129/><T112/><D112/><U29/><E29/><V125/><F125/><W13/><G40/><T83/><D43/><U52/><E52/><V37/><F37/><W102/><G25/><T88/><D36/><U67/><E67/><V6/><F6/><W85/><G54/><T2/><D2/><U18/><E18/><V92/><AGARI ba="0,1" hai="82,84,91,92,98,101,116,119" m="19467,42538" machi="92" ten="30,1100,0" yaku="14,1" doraHai="14" who="2" fromWho="2" sc="250,-3,266,-5,250,21,224,-3" /><INIT seed="2,0,0,0,1,65" ten="247,261,271,221" oya="2" hai0="6,73,118,121,72,62,36,39,124,8,100,53,130" hai1="63,42,85,132,16,131,110,26,10,87,14,33,50" hai2="23,71,81,126,1,31,54,97,127,112,44,48,78" hai3="82,120,41,46,116,22,93,45,0,64,21,4,123"/><V77/><F112/><W128/><G116/><T106/><D121/><U28/><E110/><V115/><F115/><W117/><G117/><T58/><D118/><U105/><E105/><V102/><F1/><W19/><G128/><T51/><D130/><U20/><E131/><V56/><F71/><W88/><G82/><T7/><D124/><N who="2" m="47658" /><F81/><W47/><G41/><T34/><D34/><U103/><E103/><V67/><F67/><W75/><G75/><T11/><D100/><U89/><E132/><V129/><F129/><W9/><G64/><T94/><D94/><U134/><E134/><V80/><F80/><W66/><G66/><T76/><D106/><U2/><E63/><N who="2" m="36247" /><F23/><W55/><G55/><T113/><D113/><U12/><E89/><V5/><F5/><W30/><G30/><T17/><D62/><U114/><E114/><V27/><F27/><W83/><G83/><T18/><D76/><U43/><E2/><V15/><F15/><W86/><REACH who="3" step="1"/><G22/><REACH who="3" ten="247,261,271,211" step="2"/><T49/><D53/><U57/><E42/><N who="2" m="24599" /><F31/><W68/><G68/><T35/><D35/><U74/><E74/><V61/><F61/><W60/><G60/><T69/><REACH who="0" step="1"/><D58/><REACH who="0" ten="237,261,271,211" step="2"/><U3/><E57/><V101/><F78/><W99/><G99/><T13/><D13/><AGARI ba="0,2" hai="0,4,9,13,19,21,45,46,47,86,88,93,120,123" machi="13" ten="40,5200,0" yaku="1,1,54,1,53,1" doraHai="65" doraHaiUra="84" who="3" fromWho="0" sc="237,-52,261,0,271,0,211,72" /><INIT seed="3,0,0,3,5,81" ten="185,261,271,283" oya="3" hai0="73,105,2,59,13,10,56,51,21,60,89,50,34" hai1="68,118,75,107,87,54,33,120,43,15,22,111,3" hai2="103,46,8,104,49,24,117,65,106,125,97,76,6" hai3="19,91,131,90,102,127,126,52,12,58,37,112,7"/><W28/><G112/><T116/><D116/><U0/><E43/><V128/><F117/><W39/><G7/><T82/><D34/><U74/><E33/><V45/><F128/><W109/><G102/><T66/><D105/><U94/><E107/><V88/><F125/><N who="3" m="47627" /><G28/><T47/><D2/><U129/><E129/><V35/><F76/><W123/><G109/><T44/><D21/><U119/><E120/><V110/><F65/><W9/><G123/><T85/><D73/><U99/><E68/><V63/><F63/><N who="3" m="36295" /><G131/><T84/><D84/><U1/><E87/><V57/><F104/><W101/><G101/><T40/><D59/><U79/><E111/><V70/><F70/><W20/><G9/><T41/><REACH who="0" step="1"/><D10/><REACH who="0" ten="175,261,271,283" step="2"/><U27/><E119/><V132/><F110/><W14/><G14/><AGARI ba="0,1" hai="13,14,40,41,44,47,50,51,56,60,66,82,85,89" machi="14" ten="40,8000,1" yaku="1,1,2,1,9,1,8,1,52,1,53,0" doraHai="81" doraHaiUra="69" who="0" fromWho="3" sc="175,90,261,0,271,0,283,-80" /><INIT seed="4,0,0,5,5,23" ten="265,261,271,203" oya="0" hai0="1,26,10,129,47,115,31,71,105,50,29,135,91" hai1="59,102,114,67,20,84,4,51,43,133,93,45,63" hai2="98,14,103,40,101,88,34,11,8,35,78,121,112" hai3="48,92,44,58,75,18,61,33,56,21,64,73,37"/><T7/><D71/><U57/><E133/><V65/><F121/><W131/><G131/><T113/><D129/><U119/><E119/><V28/><F78/><W127/><G127/><T68/><D68/><U38/><E114/><N who="0" m="43529" /><D135/><U66/><E4/><V99/><F112/><W130/><G130/><T106/><D91/><U107/><E107/><N who="0" m="40969" /><D26/><U36/><E102/><V83/><F88/><W39/><G33/><T117/><D117/><U52/><E93/><V9/><F101/><W134/><G134/><T54/><AGARI ba="0,0" hai="1,7,10,29,31,47,50,54" m="40969,43529" machi="54" ten="30,1500,0" yaku="15,1" doraHai="23" who="0" fromWho="0" sc="265,15,261,-5,271,-5,203,-5" /><INIT seed="4,1,0,5,1,4" ten="280,256,266,198" oya="0" hai0="104,116,7,73,127,69,51,41,26,64,135,95,83" hai1="3,112,28,34,16,55,65,106,30,67,20,10,111" hai2="57,109,13,101,6,80,53,22,50,43,24,0,32" hai3="25,60,68,105,75,89,44,74,120,100,79,54,48"/><T86/><D116/><U52/><E111/><V85/><F109/><W124/><G124/><T19/><D104/><U108/><E108/><V70/><F70/><W87/><G120/><T39/><D39/><U23/><E106/><V63/><F32/><W118/><G118/><T33/><D73/><U66/><E112/><V119/><F0/><W125/><G125/><T98/><D135/><U45/><E34/><V97/><F119/><W38/><G38/><T131/><D7/><U58/><E45/><V37/><F37/><W134/><G134/><T2/><D2/><U62/><E55/><V123/><F43/><W12/><G79/><T129/><D69/><U130/><E130/><N who="0" m="49673" /><D64/><U47/><E47/><V15/><F6/><W91/><G25/><T11/><D33/><U71/><E3/><V103/><F50/><W31/><G31/><N who="1" m="11818" /><E71/><V133/><F123/><W56/><G68/><T8/><D41/><U61/><E61/><V21/><F133/><W117/><G117/><T42/><D51/><U84/><E84/><V113/><F113/><W36/><G36/><T93/><D42/><U1/><E1/><V46/><F46/><W90/><G87/><T78/><D127/><U88/><E88/><N who="2" m="51239" /><F103/><W128/><G75/><T40/><D40/><U94/><E94/><N who="0" m="35849" /><D98/><U122/><E122/><V17/><F22/><AGARI ba="1,0" hai="8,11,19,22,26,78,83,86" m="35849,49673" machi="22" ten="30,5800,0" yaku="19,1,52,2" doraHai="4" who="0" fromWho="2" sc="280,61,256,0,266,-61,198,0" owari="341,44.1,256,5.6,205,-19.5,198,-30.2" /></mjloggm>