<mjloggm ver="2.3"><GO type="225" lobby="0"/><UN n0="%E6%A1%9C%E8%8A%B1%E9%96%83%E3%80%85" n1="%E4%BF%BA%E3%81%A8%E5%A6%96%E5%A4%A2" n2="%E3%83%8F%E3%83%B3%E3%83%89%E3%83%A9%E3%83%BC%E3%83%BB%E3%83%AF%E3%83%B3" n3="%E6%B7%91%E5%A5%B3%E3%81%AE%E5%97%9C%E3%81%BF" dan="16,16,17,16" rate="2117.29,2190.67,2143.95,2102.33" sx="M,F,M,M"/><TAIKYOKU oya="0"/><INIT seed="0,0,0,1,5,134" ten="250,250,250,250" oya="0" hai0="73,26,108,24,130,75,48,10,122,38,105,57,59" hai1="56,19,22,4,43,46,17,60,42,27,50,49,13" hai2="30,79,16,103,124,15,37,23,106,135,113,9,89" hai3="86,120,5,65,2,100,54,41,6,3,85,80,126"/><T118/><D118/><U53/><E4/><V8/><F113/><W132/><G132/><T77/><D122/><U61/><REACH who="1" step="1"/><E42/><REACH who="1" ten="250,240,250,250" step="2"/><V68/><F135/><W32/><G41/><T34/><D130/><U101/><E101/><V109/><F103/><W116/><G100/><T52/><D105/><U97/><E97/><V81/><F106/><W102/><G102/><T133/><D133/><U29/><E29/><V45/><F30/><W31/><G31/><T20/><D34/><U90/><E90/><V96/><F89/><W28/><G28/><T12/><D108/><U131/><E131/><V112/><F96/><W33/><G33/><T69/><D77/><U40/><E40/><V92/><F79/><W95/><G6/><T14/><D38/><U71/><E71/><V78/><F68/><W127/><G5/><T72/><D69/><U123/><E123/><V94/><F109/><W99/><G32/><T91/><D91/><U62/><E62/><V51/><F37/><W125/><G120/><T47/><D48/><U39/><E39/><V88/><F112/><W25/><G99/><T128/><D128/><U1/><E1/><V129/><F129/><W117/><G3/><T110/><D110/><U11/><AGARI ba="0,1" hai="11,13,17,19,22,27,43,46,49,50,53,56,60,61" machi="11" ten="20,5200,0" yaku="1,1,0,1,7,1,8,1,53,0" doraHai="134" doraHaiUra="64" who="1" fromWho="1" sc="250,-26,240,62,250,-13,250,-13" /><INIT seed="1,0,0,3,0,16" ten="224,302,237,237" oya="1" hai0="60,14,26,120,85,121,51,62,83,10,116,17,25" hai1="86,108,20,37,112,49,106,80,4,18,103,54,79" hai2="102,58,27,61,135,3,6,72,128,33,84,105,130" hai3="125,13,8,55,97,99,115,93,34,78,52,11,81"/><U32/><E112/><V29/><F72/><W67/><G115/><T75/><D75/><U126/><E32/><V104/><F135/><W28/><G125/><T66/><D116/><U124/><E37/><V2/><F84/><W107/><G67/><T59/><D60/><U15/><E108/><V23/><F33/><W50/><G107/><N who="2" m="41033" /><F6/><W38/><G38/><T19/><D51/><U95/><E106/><V100/><F2/><W21/><G34/><T0/><D0/><U119/><E119/><V12/><F12/><W24/><G13/><T77/><REACH who="0" step="1"/><D19/><REACH who="0" ten="214,302,237,237" step="2"/><U68/><E126/><V90/><F3/><W45/><G55/><T70/><D70/><U71/><E124/><V92/><F61/><W64/><G64/><T94/><D94/><U7/><E68/><V132/><F132/><W5/><G5/><T87/><D87/><U109/><E71/><V22/><F92/><W129/><G129/><T111/><D111/><U134/><E109/><V53/><F130/><W63/><G63/><T113/><D113/><U110/><E110/><V91/><F128/><W69/><G69/><T1/><D1/><U36/><E134/><V117/><F117/><W47/><G99/><T40/><D40/><U30/><E36/><V57/><F53/><W114/><G114/><T101/><D101/><U88/><E103/><V39/><F102/><N who="3" m="60719" /><G47/><T35/><D35/><U9/><E4/><V82/><F39/><W43/><G43/><T31/><D31/><U41/><E30/><N who="2" m="17783" /><F100/><W56/><G45/><T42/><D42/><U76/><E41/><V65/><F65/><W122/><G50/><RYUUKYOKU ba="0,1" sc="214,30,302,-10,237,-10,237,-10" hai0="10,14,17,25,26,59,62,66,77,83,85,120,121" /><INIT seed="2,1,1,2,0,94" ten="244,292,227,227" oya="2" hai0="103,60,125,39,89,91,29,34,18,21,47,112,74" hai1="108,51,70,127,38,119,124,105,63,10,118,83,55" hai2="62,97,134,113,84,85,50,9,61,101,93,81,71" hai3="100,99,126,80,72,77,7,128,23,120,40,79,54"/><V66/><F113/><W78/><G120/><T57/><D112/><U49/><E105/><V31/><F134/><W131/><G7/><T28/><D74/><U44/><E83/><V11/><F31/><W56/><G126/><N who="1" m="48170" /><E10/><V52/><F62/><N who="3" m="36119" /><G23/><T37/><D103/><U1/><E1/><V106/><F106/><N who="3" m="63775" /><G40/><T111/><D60/><U35/><E35/><V117/><F117/><N who="1" m="44553" /><E108/><V43/><F43/><W30/><G30/><T68/><D29/><U67/><E49/><V13/><F81/><W14/><G14/><T116/><D111/><U65/><E65/><V2/><F2/><W75/><G80/><T115/><D115/><U86/><E86/><V4/><REACH who="2" step="1"/><F11/><REACH who="2" ten="244,292,217,227" step="2"/><W58/><G58/><AGARI ba="1,2" hai="4,9,13,50,52,58,61,66,71,84,85,93,97,101" machi="58" ten="30,18000,2" yaku="1,1,2,1,7,1,52,1,54,1,53,1" doraHai="94" doraHaiUra="98" who="2" fromWho="3" sc="244,0,292,0,217,203,227,-183" /><INIT seed="2,2,0,2,1,120" ten="244,292,420,44" oya="2" hai0="89,1,109,37,117,102,122,35,60,50,90,67,81" hai1="73,52,75,26,14,45,107,118,33,18,114,95,57" hai2="21,108,32,111,78,17,25,63,82,38,23,5,86" hai3="98,64,125,104,66,11,3,31,15,124,74,79,65"/><V92/><F38/><W41/><G3/><T42/><D122/><U77/><E114/><V58/><F5/><W70/><G31/><T53/><D1/><U83/><E118/><V7/><F7/><W51/><G104/><T0/><D0/><U49/><E107/><V69/><F69/><W91/><G98/><T129/><D35/><U106/><E106/><V2/><F2/><W54/><G91/><T36/><D102/><U46/><E75/><V61/><F32/><W44/><G79/><T19/><D129/><U72/><E72/><V133/><F133/><W76/><G76/><T55/><D19/><U29/><REACH who="1" step="1"/><E95/><REACH who="1" ten="244,282,420,44" step="2"/><V127/><F92/><W48/><G74/><T62/><D117/><U112/><E112/><V12/><F127/><N who="3" m="48715" /><G11/><AGARI ba="2,1" hai="11,14,18,26,29,33,45,46,49,52,57,73,77,83" machi="11" ten="30,3900,0" yaku="1,1,7,1,54,1,53,0" doraHai="120" doraHaiUra="119" who="1" fromWho="3" sc="244,0,282,55,420,0,44,-45" owari="244,-15.6,337,13.7,420,52.0,-1,-50.1" /></mjloggm>