<mjloggm ver="2.3"><GO type="225" lobby="0"/><UN n0="%E3%81%8B%E3%82%8F%E3%81%A1%E3%82%83%E3%82%93%35%38" n1="%E6%B8%A9%E2%98%85%E6%83%85%E2%98%85%E6%8E%AA%E2%98%85%E7%BD%AE" n2="%E4%BF%BA%E3%81%A8%E5%A6%96%E5%A4%A2" n3="%33%74%72%65%65" dan="16,17,16,16" rate="2168.09,2221.30,2207.80,2186.54" sx="M,M,F,F"/><TAIKYOKU oya="0"/><INIT seed="0,0,0,1,5,37" ten="250,250,250,250" oya="0" hai0="93,73,30,15,62,90,74,7,104,133,0,114,101" hai1="1,87,20,84,2,83,76,8,43,88,14,3,60" hai2="56,77,113,39,122,97,46,120,132,49,100,135,127" hai3="35,59,117,80,124,10,19,92,32,86,67,71,82"/><T70/><D114/><U25/><E43/><V125/><F77/><W106/><G106/><T48/><D0/><U58/><E14/><V85/><F85/><W105/><G105/><T36/><D36/><U66/><E8/><V116/><F97/><W68/><G117/><T47/><D30/><U121/><E121/><N who="2" m="46699" /><F100/><W9/><G92/><T79/><D133/><N who="2" m="51274" /><F113/><W130/><G86/><T24/><D24/><U123/><E123/><V13/><F13/><W33/><G124/><N who="2" m="47689" /><F116/><W34/><G34/><T11/><D79/><U129/><E129/><V57/><F39/><W53/><G130/><T28/><D28/><U107/><E107/><V12/><F12/><W69/><G82/><T22/><D101/><U38/><E38/><V54/><AGARI ba="0,0" hai="46,49,54,56,57" m="47689,51274,46699" machi="54" ten="40,8000,1" yaku="20,1,18,1,34,2" doraHai="37" who="2" fromWho="2" sc="250,-40,250,-20,250,80,250,-20" /><INIT seed="1,0,0,3,2,119" ten="210,230,330,230" oya="1" hai0="40,17,54,20,21,115,26,87,80,2,47,18,126" hai1="15,91,25,75,95,4,51,29,86,76,100,106,13" hai2="98,62,97,0,43,19,118,7,16,108,103,50,14" hai3="74,89,28,32,49,27,124,78,121,45,37,83,128"/><U90/><E4/><V94/><F118/><W127/><G128/><T39/><D126/><N who="3" m="48169" /><G37/><T67/><D2/><U36/><E36/><V112/><F108/><W31/><G31/><T61/><D54/><U134/><E134/><V42/><F112/><W24/><G24/><T111/><D111/><U71/><E71/><V107/><F0/><W77/><G77/><T12/><D115/><U130/><E130/><V30/><F30/><W10/><G10/><T11/><D11/><U6/><E6/><V34/><F34/><W52/><G89/><T3/><D3/><U41/><E91/><V102/><F7/><W79/><G79/><T93/><D93/><U81/><E51/><V63/><F19/><W96/><G96/><T64/><REACH who="0" step="1"/><D61/><REACH who="0" ten="200,230,330,230" step="2"/><U116/><E116/><V99/><F63/><W129/><G129/><T58/><D58/><U59/><E59/><V53/><F62/><W56/><G56/><T48/><D48/><U88/><E41/><V105/><F50/><W69/><G69/><T85/><D85/><U101/><E86/><V73/><F53/><W57/><G57/><T1/><D1/><U113/><E113/><V131/><F131/><W65/><G65/><T33/><D33/><N who="1" m="20655" /><E95/><V104/><F94/><W44/><G44/><T5/><D5/><U123/><E123/><AGARI ba="0,1" hai="27,28,32,45,49,52,74,78,83,121,123" m="48169" machi="123" ten="30,7700,0" yaku="18,1,52,2,54,1" doraHai="119" who="3" fromWho="1" sc="200,0,230,-77,330,0,230,87" /><INIT seed="2,0,0,1,2,36" ten="200,153,330,317" oya="2" hai0="102,16,77,79,114,20,21,5,128,43,7,116,55" hai1="133,76,80,98,12,85,42,125,131,74,89,135,58" hai2="9,90,2,81,33,56,18,39,71,99,13,91,113" hai3="132,84,63,62,94,115,23,35,47,29,57,107,120"/><V83/><F113/><W27/><G120/><T4/><D114/><U119/><E58/><V48/><F71/><W130/><G115/><T75/><D75/><U64/><E64/><V11/><F39/><W32/><G107/><T0/><D0/><U68/><E68/><V86/><F33/><W19/><G130/><T38/><D128/><U69/><E69/><V96/><F2/><W78/><G132/><N who="1" m="50762" /><E12/><V97/><F9/><W49/><G63/><T8/><D116/><U61/><E61/><V24/><F24/><W134/><G134/><T28/><D55/><U121/><E131/><V46/><F56/><W30/><G57/><T70/><D70/><U87/><E121/><V60/><F60/><W54/><G62/><T34/><D34/><U67/><E67/><V123/><F123/><W3/><G3/><T1/><D1/><U40/><E119/><V45/><F45/><W109/><G32/><T44/><D8/><U112/><E112/><V103/><F103/><W50/><G54/><T100/><D28/><U66/><E66/><V37/><F37/><W110/><G30/><T104/><D21/><U53/><E53/><V6/><F6/><W117/><G29/><T105/><D105/><U26/><E26/><V88/><F83/><W10/><G27/><N who="0" m="14727" /><D104/><U92/><E125/><V25/><F25/><W72/><G117/><T17/><D17/><U124/><E124/><V51/><F51/><W93/><G49/><T65/><D65/><U59/><E59/><V101/><F101/><N who="0" m="39018" /><D38/><U111/><E111/><N who="3" m="42506" /><G50/><T52/><D43/><AGARI ba="0,0" hai="40,42,43,74,76,80,85,87,89,92,98" m="50762" machi="43" ten="30,7700,0" yaku="20,1,52,3" doraHai="36" who="1" fromWho="0" sc="200,-77,153,77,330,0,317,0" /><AGARI ba="0,0" hai="11,13,18,43,46,48,81,86,88,90,91,96,97,99" machi="43" ten="40,7700,0" yaku="8,1,52,1,54,1" doraHai="36" who="2" fromWho="0" sc="123,-77,230,0,330,77,317,0" /><INIT seed="2,1,0,5,2,13" ten="46,230,407,317" oya="2" hai0="9,5,18,89,53,68,58,39,69,77,6,99,46" hai1="4,57,60,83,72,88,29,33,76,85,106,67,54" hai2="73,107,36,45,129,51,59,55,113,134,75,12,109" hai3="112,21,23,25,37,127,0,81,115,78,117,20,3"/><V41/><F113/><N who="3" m="43595" /><G117/><T17/><D69/><U27/><E106/><V38/><F38/><W2/><G37/><T74/><D68/><U84/><E4/><V90/><F129/><W91/><G91/><T120/><D120/><U28/><E28/><V98/><F134/><W82/><G127/><T110/><D110/><U44/><E44/><V11/><F109/><W22/><G78/><T104/><D5/><U52/><REACH who="1" step="1"/><E84/><REACH who="1" ten="46,220,407,317" step="2"/><V108/><F108/><W124/><G124/><T97/><D97/><U62/><E62/><V121/><F121/><W95/><G95/><AGARI ba="1,1" hai="27,29,33,52,54,57,60,67,72,76,83,85,88,95" machi="95" ten="30,8000,1" yaku="1,1,7,1,54,2,53,1" doraHai="13" doraHaiUra="63" who="1" fromWho="3" sc="46,0,220,93,407,0,317,-83" /><INIT seed="3,0,0,0,5,88" ten="46,313,407,234" oya="3" hai0="73,47,31,111,75,131,44,107,6,93,85,87,0" hai1="55,102,11,114,91,113,109,41,82,62,116,78,110" hai2="37,28,13,7,115,8,67,72,27,86,25,108,84" hai3="56,103,2,9,106,104,97,20,60,133,98,18,48"/><W39/><G39/><T14/><D14/><U122/><E41/><V71/><F115/><N who="1" m="44041" /><E55/><V36/><F72/><W10/><G133/><T30/><D6/><U118/><E62/><V5/><F67/><W40/><G2/><T127/><D0/><U49/><E49/><V43/><F71/><W101/><G48/><T99/><D99/><U124/><E11/><V74/><F74/><W65/><REACH who="3" step="1"/><G40/><REACH who="3" ten="46,313,407,224" step="2"/><T45/><D111/><N who="1" m="42507" /><E122/><V130/><F108/><W64/><G64/><T119/><D119/><U33/><E124/><V70/><F43/><W123/><G123/><T81/><D127/><U19/><E118/><V96/><F37/><W15/><AGARI ba="0,1" hai="9,10,15,18,20,56,60,65,97,98,101,103,104,106" machi="15" ten="20,7800,0" yaku="1,1,0,1,7,1,9,1,53,0" doraHai="88" doraHaiUra="34" who="3" fromWho="3" sc="46,-26,313,-26,407,-26,224,88" /><INIT seed="3,1,0,4,3,115" ten="20,287,381,312" oya="3" hai0="37,26,102,85,5,133,68,21,41,29,84,119,87" hai1="103,27,51,11,15,128,130,97,69,6,12,105,54" hai2="46,132,57,59,58,79,3,62,49,100,53,50,40" hai3="55,108,121,134,111,83,80,123,95,109,14,63,129"/><W75/><G129/><T39/><D41/><U96/><E69/><V19/><F3/><W65/><G134/><T52/><D5/><U86/><E27/><V38/><F79/><N who="3" m="44159" /><G55/><T117/><D52/><U110/><E110/><N who="3" m="28162" /><W2/><DORA hai="30" /><G2/><T34/><D29/><U99/><E86/><V35/><F35/><W90/><G83/><T17/><D26/><U31/><E31/><V71/><F19/><W76/><G76/><T88/><D68/><U135/><E135/><V67/><F100/><W44/><G44/><T7/><D102/><U118/><E118/><V112/><F132/><W60/><G14/><T77/><D133/><U36/><E36/><V81/><F81/><W106/><G106/><T82/><D82/><U61/><E61/><N who="3" m="23626" /><G65/><T72/><D77/><U16/><E130/><V78/><F78/><W10/><G10/><T126/><D17/><U4/><E128/><V116/><F112/><W94/><G94/><T127/><D7/><U104/><E104/><V28/><F28/><W25/><G25/><T70/><D70/><U64/><E64/><V43/><F43/><W48/><G48/><N who="2" m="18537" /><F53/><W125/><G125/><T20/><D72/><U0/><E0/><V13/><F13/><W24/><G24/><T107/><D107/><U22/><REACH who="1" step="1"/><E6/><REACH who="1" ten="20,277,381,312" step="2"/><V74/><F74/><W45/><G45/><AGARI ba="1,1" hai="4,11,12,15,16,22,45,51,54,96,97,99,103,105" machi="45" ten="30,16000,3" yaku="1,1,2,1,7,1,54,1,53,4" doraHai="115,30" doraHaiUra="9,8" who="1" fromWho="3" sc="20,0,277,173,381,0,312,-163" owari="20,-48.0,450,55.0,381,18.1,149,-25.1" /></mjloggm>