<mjloggm ver="2.3"><GO type="225" lobby="0"/><UN n0="%E4%BF%BA%E3%81%A8%E5%A6%96%E5%A4%A2" n1="%E7%99%BD%E5%80%89%E5%AF%9B%E4%B9%8B" n2="%E3%83%96%E3%83%83%E3%83%91%E3%82%AA%E3%83%96%E3%83%81%E3%82%AD%E3%83%B3" n3="%E7%91%9E%E5%8E%9F%E3%83%B4%E3%82%A1%E3%82%AE%E3%83%8A" dan="16,16,17,16" rate="2222.79,2158.99,2199.82,2075.97" sx="F,M,M,M"/><TAIKYOKU oya="0"/><INIT seed="0,0,0,5,2,71" ten="250,250,250,250" oya="0" hai0="106,122,69,28,70,38,6,45,41,74,48,130,113" hai1="107,19,125,119,109,116,123,95,64,55,72,39,52" hai2="67,108,40,26,13,65,111,124,100,1,114,42,120" hai3="75,43,61,82,110,90,112,126,103,80,94,36,50"/><T101/><D113/><U11/><E107/><V46/><F120/><W7/><G112/><T18/><D122/><U24/><E123/><V33/><F114/><W98/><G110/><N who="2" m="42025" /><F1/><W63/><G126/><T85/><D74/><U34/><E72/><V20/><F124/><W92/><G36/><T25/><D130/><U47/><E109/><V91/><F100/><W83/><G7/><T57/><D6/><U62/><E125/><V0/><F0/><W93/><G75/><T16/><D85/><U35/><E95/><N who="3" m="36426" /><G90/><T58/><D58/><U53/><E119/><V68/><F91/><W73/><G73/><T102/><D102/><U99/><E99/><V105/><F105/><W88/><G103/><T12/><D57/><U81/><E81/><V37/><F42/><W23/><G23/><T104/><D48/><U84/><E84/><V66/><F33/><W78/><G78/><T56/><D56/><U121/><E121/><V9/><F68/><W77/><G77/><T89/><D89/><U27/><E116/><V118/><F118/><W76/><G76/><T96/><D106/><U60/><E35/><V14/><F9/><W132/><G132/><T59/><D59/><N who="1" m="36895" /><E34/><V15/><F67/><W131/><G131/><T4/><D4/><U79/><E79/><V2/><F2/><W128/><G128/><T3/><D3/><U5/><E62/><V31/><AGARI ba="0,0" hai="13,14,15,20,26,31,37,40,46,65,66" m="42025" machi="31" ten="30,2000,0" yaku="14,1,52,1" doraHai="71" who="2" fromWho="2" sc="250,-10,250,-5,250,20,250,-5" /><INIT seed="1,0,0,2,3,132" ten="240,245,270,245" oya="1" hai0="86,127,44,12,103,131,23,95,32,55,99,24,106" hai1="50,39,42,60,109,66,113,48,57,69,20,65,98" hai2="94,112,82,31,118,128,46,123,70,43,29,7,53" hai3="116,6,45,5,64,22,52,15,41,59,28,35,16"/><U80/><E98/><V8/><F118/><W68/><G116/><T47/><D131/><U40/><E80/><V87/><F123/><W93/><G35/><T107/><D32/><U135/><E20/><V96/><F128/><W126/><G126/><T75/><D75/><U4/><E4/><V27/><F70/><W121/><G121/><T133/><D133/><U125/><E135/><V34/><F53/><W111/><G28/><T49/><D127/><U56/><E125/><V2/><F31/><W115/><G115/><T78/><D12/><U21/><E21/><V14/><F112/><W92/><G68/><T89/><D78/><U100/><E100/><V30/><F30/><W88/><G64/><T120/><D120/><U84/><E84/><V85/><F82/><W3/><G93/><T18/><REACH who="0" step="1"/><D44/><REACH who="0" ten="230,245,270,245" step="2"/><U13/><E13/><V90/><REACH who="2" step="1"/><F14/><REACH who="2" ten="230,245,260,245" step="2"/><W104/><G15/><T117/><D117/><U25/><E113/><V102/><F102/><W110/><G3/><T97/><D97/><U11/><E25/><V10/><F10/><W9/><G9/><T129/><D129/><U74/><E11/><V83/><F83/><AGARI ba="0,2" hai="18,23,24,47,49,55,83,86,89,95,99,103,106,107" machi="83" ten="30,2000,0" yaku="1,1,7,1,53,0" doraHai="132" doraHaiUra="105" who="0" fromWho="2" sc="230,40,245,0,260,-20,245,0" /><INIT seed="2,0,0,4,3,29" ten="270,245,240,245" oya="2" hai0="60,79,100,63,101,43,68,129,38,82,95,120,124" hai1="54,115,0,24,86,118,91,56,12,75,26,40,112" hai2="3,34,5,45,78,20,96,50,116,9,125,108,123" hai3="133,97,36,33,1,106,37,8,107,11,14,98,17"/><V22/><F116/><W31/><G133/><T51/><D120/><U10/><E0/><V52/><F123/><W48/><G48/><T42/><D38/><U27/><E75/><V73/><F125/><W111/><G111/><T71/><D51/><U135/><E118/><V62/><F108/><W119/><G119/><T44/><D44/><U126/><E135/><V131/><F131/><W21/><G37/><T130/><D95/><U49/><E40/><V87/><F73/><W117/><G36/><T58/><D58/><U66/><E66/><V128/><F128/><W6/><G11/><T18/><D18/><U104/><E104/><N who="3" m="39978" /><G117/><T77/><REACH who="0" step="1"/><D82/><REACH who="0" ten="260,245,240,245" step="2"/><U102/><E126/><AGARI ba="0,1" hai="42,43,60,63,68,71,77,79,100,101,124,126,129,130" machi="126" ten="25,12000,2" yaku="1,1,2,1,22,2,53,2" doraHai="29" doraHaiUra="72" who="0" fromWho="1" sc="260,130,245,-120,240,0,245,0" /><INIT seed="3,0,0,0,5,32" ten="390,125,240,245" oya="3" hai0="108,116,3,54,135,34,31,107,45,30,41,4,105" hai1="102,104,52,132,110,69,42,33,10,98,35,133,5" hai2="73,81,124,82,127,99,18,38,67,93,94,70,71" hai3="12,49,21,22,114,106,16,13,79,17,44,9,74"/><W112/><G106/><T50/><D116/><U29/><E110/><V101/><F38/><W7/><G79/><T6/><D108/><U27/><E35/><V43/><F43/><W37/><G74/><T39/><D135/><U88/><E69/><N who="2" m="26123" /><F73/><W63/><G63/><T57/><D4/><U23/><E42/><V20/><F94/><W118/><G37/><T62/><D31/><U75/><E75/><V15/><F67/><W48/><G118/><T89/><D39/><U65/><E65/><V115/><F115/><W123/><G123/><T109/><D109/><U77/><E77/><V113/><F113/><W83/><G83/><T51/><D51/><U8/><E33/><V58/><F58/><W121/><G49/><T85/><D30/><U40/><E40/><V134/><F134/><W28/><G28/><T68/><D34/><U61/><E133/><V64/><F64/><W111/><G121/><T55/><D55/><U91/><E132/><V46/><F46/><W129/><G129/><T86/><D86/><U47/><E10/><V128/><F128/><W100/><G100/><T60/><D60/><U72/><E72/><V59/><F59/><W122/><G122/><T26/><D68/><U80/><E80/><V36/><F36/><W87/><G87/><T2/><D105/><U0/><REACH who="1" step="1"/><E61/><REACH who="1" ten="390,115,240,245" step="2"/><V119/><F119/><W130/><G130/><T125/><D62/><U131/><E131/><V103/><F81/><W24/><G111/><T19/><D41/><AGARI ba="0,1" hai="7,9,12,13,16,17,21,22,24,41,44,48,112,114" machi="41" ten="30,2900,0" yaku="7,1,54,1" doraHai="32" who="3" fromWho="0" sc="390,-29,115,0,240,0,245,39" /><INIT seed="3,1,0,4,3,35" ten="361,115,240,284" oya="3" hai0="41,80,51,45,20,123,22,29,63,71,52,16,62" hai1="39,94,3,4,24,91,116,84,55,58,36,101,114" hai2="92,112,9,96,61,13,31,98,129,134,19,59,120" hai3="102,30,15,10,87,113,69,25,68,40,103,104,23"/><W0/><G113/><T118/><D123/><U124/><E114/><V1/><F112/><W119/><G119/><T44/><D118/><U78/><E116/><V110/><F120/><W50/><G0/><T57/><D71/><U26/><E124/><V18/><F110/><W79/><G68/><T81/><D29/><U74/><E36/><V133/><F129/><W7/><G69/><T32/><D32/><U48/><E39/><V64/><F31/><W17/><G104/><T86/><D20/><U38/><E38/><V43/><F43/><W65/><G65/><T75/><D75/><U37/><E37/><V109/><F109/><W56/><G17/><T73/><D73/><U77/><E26/><V88/><F1/><W83/><G56/><T107/><D107/><U126/><E24/><V82/><F82/><N who="0" m="31850" /><D86/><U131/><E126/><V33/><F33/><W46/><AGARI ba="1,0" hai="7,10,15,23,25,30,40,46,50,79,83,87,102,103" machi="46" ten="30,11700,0" yaku="0,1,25,2,8,1" doraHai="35" who="3" fromWho="3" sc="361,-40,115,-40,240,-40,284,120" owari="321,12.1,75,-42.5,200,-20.0,404,50.4" /></mjloggm>