<mjloggm ver="2.3"><GO type="225" lobby="0"/><UN n0="%E3%83%B4%E3%82%A3%E3%83%AF%E3%82%B3%E3%82%B0%E3%83%8B" n1="%E7%AC%B9%E9%A4%85" n2="%E6%A1%9C%E6%B2%A2%E5%A2%A8" n3="%E3%81%94%E3%81%BE%E6%B2%B9%E9%A3%B2%E3%81%BF%E5%A4%AA%E9%83%8E" dan="17,18,17,16" rate="2244.86,2230.11,2161.40,2078.78" sx="M,M,F,M"/><TAIKYOKU oya="0"/><INIT seed="0,0,0,2,3,70" ten="250,250,250,250" oya="0" hai0="121,72,106,22,68,94,113,65,55,86,96,69,114" hai1="92,76,79,131,21,133,10,28,57,74,128,75,6" hai2="101,104,32,35,117,18,44,24,42,60,36,97,45" hai3="67,66,77,134,120,31,46,87,90,73,63,52,91"/><T81/><D121/><U62/><E92/><V29/><F117/><W53/><G134/><T41/><D72/><U2/><E133/><V40/><F18/><W135/><G135/><T83/><D106/><U7/><E7/><V112/><F60/><W12/><G73/><T122/><D122/><U108/><E108/><V0/><F112/><W33/><G120/><T14/><D41/><U88/><E88/><N who="3" m="33834" /><G33/><T118/><D118/><U38/><E38/><N who="2" m="21527" /><F35/><W61/><G31/><T16/><D55/><N who="3" m="21065" /><G12/><T37/><D37/><U11/><E75/><V100/><F100/><W127/><G127/><T132/><D132/><U48/><E74/><V56/><F56/><W84/><G46/><T71/><D65/><N who="3" m="24585" /><G77/><T95/><D95/><U58/><E79/><V49/><F49/><W115/><G115/><T64/><D64/><U47/><E76/><V23/><F23/><W13/><G13/><T1/><D114/><U126/><E21/><V98/><F98/><W43/><G43/><T39/><D113/><U85/><E48/><V4/><F4/><W107/><G107/><T123/><D123/><U25/><E6/><V125/><F125/><W50/><G50/><T105/><D39/><U78/><E78/><V15/><F15/><W8/><G8/><T34/><D34/><U93/><E126/><V109/><F109/><W111/><G111/><T130/><D105/><U89/><E58/><V19/><F19/><W27/><G27/><T26/><D69/><U99/><E47/><V124/><F124/><W102/><G102/><T54/><D68/><U80/><E25/><V82/><F82/><RYUUKYOKU ba="0,0" sc="250,-15,250,-15,250,15,250,15" hai2="0,24,29,32,36,42,45,97,101,104" hai3="61,63,84,87" /><INIT seed="1,1,0,4,0,122" ten="235,235,265,265" oya="1" hai0="18,91,56,41,66,9,87,120,20,101,83,99,125" hai1="74,45,71,11,53,23,52,116,27,75,98,78,12" hai2="100,104,25,47,6,95,118,108,68,96,69,61,81" hai3="129,113,30,107,4,43,49,7,102,21,111,65,36"/><U63/><E116/><V128/><F118/><W109/><G113/><T121/><D125/><U123/><E123/><N who="0" m="47177" /><D41/><U29/><E98/><V8/><F128/><W76/><G36/><T117/><D117/><U3/><E3/><V105/><F108/><N who="3" m="41547" /><G76/><T112/><D9/><U51/><E78/><V133/><F133/><W82/><G82/><T60/><D112/><U54/><E71/><V58/><F47/><N who="3" m="25855" /><G65/><T59/><D60/><U19/><REACH who="1" step="1"/><E63/><REACH who="1" ten="235,225,265,265" step="2"/><V10/><F69/><W5/><G129/><T48/><D66/><U13/><E13/><V28/><F68/><W17/><G30/><T131/><D131/><U39/><E39/><V92/><F28/><W97/><G4/><T90/><D90/><U119/><E119/><V106/><F6/><W84/><G84/><T22/><D18/><U70/><E70/><V132/><F96/><W24/><AGARI ba="1,1" hai="5,7,17,21,24,97,102,107" m="25855,41547" machi="24" ten="30,7900,0" yaku="14,1,52,3" doraHai="122" who="3" fromWho="3" sc="235,-21,225,-40,265,-21,265,92" /><INIT seed="2,0,0,2,2,125" ten="214,185,244,357" oya="2" hai0="97,92,90,7,65,46,75,18,0,14,70,112,53" hai1="81,128,123,82,52,69,85,2,113,132,47,116,20" hai2="119,115,88,40,4,118,59,28,29,3,1,50,126" hai3="134,57,64,37,35,91,102,86,93,103,120,63,33"/><V89/><F115/><W111/><G120/><T12/><D112/><U76/><E113/><V107/><F107/><W21/><G111/><T49/><D75/><U5/><E123/><V110/><F126/><W79/><G37/><T22/><D0/><U8/><E116/><V122/><F122/><W94/><G79/><T16/><D7/><U131/><E69/><V121/><F121/><W17/><G134/><T51/><D70/><U36/><E132/><V13/><F13/><W32/><REACH who="3" step="1"/><G94/><REACH who="3" ten="214,185,244,347" step="2"/><T67/><REACH who="0" step="1"/><D49/><REACH who="0" ten="204,185,244,347" step="2"/><N who="1" m="28735" /><E36/><V48/><F110/><W108/><G108/><T41/><D41/><U95/><E95/><V105/><F40/><W104/><G104/><T101/><D101/><U133/><E133/><V114/><F105/><W74/><G74/><T99/><D99/><U84/><E84/><V68/><F114/><W100/><G100/><T117/><D117/><U42/><E42/><V19/><F119/><W6/><G6/><T83/><D83/><U11/><E82/><V71/><F4/><W62/><G62/><T129/><D129/><N who="1" m="49739" /><E5/><V98/><F118/><W23/><G23/><AGARI ba="0,2" hai="12,14,16,18,22,23,46,51,53,65,67,90,92,97" machi="23" ten="30,12000,2" yaku="1,1,7,1,9,1,8,1,54,1,53,2" doraHai="125" doraHaiUra="61" who="0" fromWho="3" sc="204,140,185,0,244,0,347,-120" /><INIT seed="3,0,0,2,4,43" ten="344,185,244,227" oya="3" hai0="45,4,132,123,37,122,33,78,51,57,22,76,116" hai1="100,104,44,32,77,15,25,11,109,124,114,13,83" hai2="8,56,129,81,5,36,103,39,75,128,97,113,105" hai3="58,3,59,134,16,95,106,79,86,87,52,115,38"/><W88/><G106/><T133/><D33/><U82/><E114/><V1/><F113/><W94/><G38/><N who="2" m="14377" /><F56/><W62/><G3/><T118/><D37/><U49/><E109/><V91/><F91/><N who="3" m="53623" /><G134/><N who="0" m="51819" /><D57/><U125/><E100/><V93/><F93/><W40/><G40/><N who="0" m="24999" /><D22/><U17/><E104/><V9/><F9/><W29/><G29/><T126/><D126/><U99/><E99/><V74/><F81/><N who="3" m="47551" /><G59/><T14/><D76/><U21/><E32/><V108/><F108/><W18/><G115/><T31/><D78/><U12/><E124/><V7/><F5/><W34/><G34/><T71/><D71/><U28/><E125/><V24/><F24/><W127/><G127/><T2/><D31/><U92/><E92/><V54/><F54/><W89/><G89/><T84/><D84/><AGARI ba="0,0" hai="16,18,52,58,62,84,88,95" m="47551,53623" machi="84" ten="30,11600,0" yaku="8,1,54,3" doraHai="43" who="3" fromWho="0" sc="344,-116,185,0,244,0,227,116" owari="228,-17.2,185,-31.5,244,4.4,343,44.3" /></mjloggm>