<mjloggm ver="2.3"><GO type="225" lobby="0"/><UN n0="%E3%83%96%E3%83%83%E3%83%91%E3%82%AA%E3%83%96%E3%83%81%E3%82%AD%E3%83%B3" n1="%E3%82%B3%E3%83%90%E3%83%AC%E3%82%A4" n2="%72%61%6B%33" n3="%33%74%72%65%65" dan="16,16,16,17" rate="2204.47,2152.52,2082.60,2200.09" sx="M,M,M,F"/><TAIKYOKU oya="0"/><INIT seed="0,0,0,5,3,19" ten="250,250,250,250" oya="0" hai0="14,24,125,49,127,64,48,107,58,22,95,89,105" hai1="42,113,44,73,35,133,135,37,8,4,83,28,79" hai2="10,0,54,13,124,60,106,132,123,94,15,111,41" hai3="91,98,130,12,131,70,118,110,36,97,100,65,56"/><T11/><D64/><U38/><E37/><V82/><F106/><W75/><G118/><T126/><D107/><U46/><E44/><V5/><F123/><W120/><G120/><T9/><D105/><U66/><E66/><V77/><F124/><W16/><G75/><T27/><D27/><U90/><E90/><V76/><F132/><W116/><G116/><T18/><D58/><U63/><E63/><V55/><F111/><W93/><G70/><T103/><D103/><U62/><E62/><V61/><F94/><N who="3" m="56543" /><G36/><T33/><D33/><U81/><E83/><V71/><F41/><W72/><G72/><T96/><REACH who="0" step="1"/><D9/><REACH who="0" ten="240,250,250,250" step="2"/><U53/><E113/><V51/><F10/><N who="3" m="6167" /><G65/><T59/><D59/><U45/><E135/><V88/><F71/><W119/><G119/><T122/><D122/><U23/><E133/><V115/><F115/><W87/><G56/><T26/><D26/><U57/><E35/><V31/><F61/><W129/><G110/><T1/><D1/><N who="1" m="15" /><E57/><V2/><F60/><W114/><G114/><T80/><D80/><U30/><E46/><V6/><F82/><W121/><G121/><T99/><D99/><U78/><E45/><V84/><F0/><W102/><G100/><T43/><D43/><U68/><E42/><V92/><F2/><W74/><G74/><T47/><D47/><U117/><E68/><V17/><F15/><W39/><G39/><T101/><D101/><U67/><E38/><V20/><F13/><W32/><G32/><T109/><D109/><U29/><E67/><V34/><F34/><W3/><G3/><T104/><D104/><RYUUKYOKU ba="0,1" sc="240,15,250,-15,250,-15,250,15" hai0="11,14,18,22,24,48,49,89,95,96,125,126,127" hai3="87,93,98,102,129,130,131" /><INIT seed="0,1,1,0,4,0" ten="255,235,235,265" oya="0" hai0="79,115,15,110,5,131,119,80,21,120,3,64,82" hai1="35,46,102,42,117,44,123,2,6,11,13,111,65" hai2="132,96,32,87,31,29,50,27,24,66,78,100,108" hai3="47,84,54,41,97,85,38,39,133,45,23,127,77"/><T30/><D115/><U62/><E117/><V57/><F108/><W90/><G133/><T4/><D119/><U28/><E111/><V101/><F132/><W128/><G128/><T72/><D110/><U52/><E123/><V106/><F101/><W49/><G127/><T124/><D120/><U112/><E112/><V81/><F66/><W20/><G38/><T134/><D131/><U88/><E102/><V95/><F57/><W53/><G77/><T9/><D134/><U99/><E2/><V130/><F130/><W67/><G67/><T116/><D116/><U86/><E99/><V63/><F63/><W26/><G23/><T118/><D118/><U121/><E35/><V89/><F50/><W105/><G53/><T103/><D124/><U91/><E28/><V7/><F7/><W125/><G125/><T74/><D103/><U75/><E75/><V98/><F98/><W59/><G45/><T56/><D30/><U36/><E121/><V14/><F14/><W43/><G43/><T129/><D129/><U70/><REACH who="1" step="1"/><E86/><REACH who="1" ten="255,225,235,265" step="2"/><V61/><F31/><W33/><G33/><T25/><D3/><U92/><E92/><V68/><F29/><W109/><G109/><T40/><D74/><U1/><E1/><V17/><F32/><W16/><REACH who="3" step="1"/><G105/><REACH who="3" ten="255,225,235,255" step="2"/><T73/><D73/><U12/><E12/><V83/><F106/><W93/><AGARI ba="1,3" hai="16,20,26,39,41,47,49,54,59,84,85,90,93,97" machi="93" ten="30,8000,1" yaku="1,1,2,1,0,1,54,1,53,1" doraHai="0" doraHaiUra="55" who="3" fromWho="3" sc="255,-41,225,-21,235,-21,255,113" /><INIT seed="1,0,0,3,0,33" ten="214,204,214,368" oya="1" hai0="2,56,49,77,81,42,1,59,13,65,61,35,21" hai1="45,98,102,135,78,12,40,57,3,127,129,93,44" hai2="16,39,130,105,121,6,4,111,27,48,60,134,95" hai3="119,55,10,38,122,103,11,23,123,126,34,107,94"/><U26/><E127/><V0/><F105/><W24/><G126/><T83/><D35/><U25/><E135/><V132/><F39/><W71/><G119/><T9/><D21/><U19/><E3/><V90/><F121/><W118/><G118/><T76/><D59/><U46/><E40/><V82/><F82/><W54/><G38/><T8/><D8/><U116/><E116/><V114/><F111/><W58/><G71/><T22/><D22/><U88/><E78/><V28/><F130/><W80/><G107/><T108/><D108/><U53/><E102/><V52/><F60/><W50/><G34/><T85/><D49/><U30/><E30/><V73/><F73/><W17/><G80/><T66/><D66/><U120/><E120/><V97/><F114/><W70/><G70/><T67/><D67/><U64/><E64/><V62/><F62/><N who="3" m="36183" /><G122/><T5/><REACH who="0" step="1"/><D42/><REACH who="0" ten="204,204,214,368" step="2"/><U63/><E129/><V104/><F48/><W87/><G123/><T20/><D20/><AGARI ba="0,1" hai="12,19,20,25,26,44,45,46,53,57,63,88,93,98" machi="20" ten="40,3900,0" yaku="8,1,54,1" doraHai="33" who="1" fromWho="0" sc="204,-39,204,49,214,0,368,0" /><INIT seed="1,1,0,4,0,85" ten="165,253,214,368" oya="1" hai0="133,63,96,18,37,128,25,89,10,99,92,58,17" hai1="50,46,73,78,62,39,9,31,26,5,112,61,36" hai2="69,33,67,54,4,116,55,34,21,110,102,19,109" hai3="132,60,88,76,72,52,105,30,12,44,135,127,131"/><U38/><E112/><V23/><F4/><W75/><G105/><T14/><D128/><U98/><E78/><V103/><F67/><W40/><G131/><T27/><D133/><N who="3" m="51273" /><G127/><T45/><D37/><U82/><E73/><V93/><F93/><W106/><G106/><T59/><D45/><U13/><E82/><V124/><F19/><W57/><G76/><T134/><D134/><U74/><E98/><V114/><F69/><W70/><G30/><T29/><D99/><U28/><E74/><V80/><F80/><W53/><G53/><T83/><D83/><U108/><E108/><V1/><F1/><W11/><G88/><T87/><D96/><U95/><E95/><V20/><F124/><W49/><G70/><T126/><D126/><U101/><E101/><N who="2" m="38411" /><F114/><W6/><AGARI ba="1,0" hai="6,11,12,40,44,49,52,57,60,72,75" m="51273" machi="6" ten="30,2000,0" yaku="20,1,54,1" doraHai="85" who="3" fromWho="3" sc="165,-6,253,-11,214,-6,368,23" /><INIT seed="2,0,0,2,4,29" ten="159,242,208,391" oya="2" hai0="118,50,114,20,28,74,101,13,123,125,31,22,122" hai1="115,68,43,66,85,127,133,126,110,117,35,27,46" hai2="107,25,80,94,3,51,49,14,116,67,87,83,17" hai3="90,16,38,9,88,6,81,45,8,2,40,89,30"/><V39/><F3/><W11/><G30/><N who="0" m="11307" /><D74/><U75/><E75/><V55/><F39/><W84/><REACH who="3" step="1"/><G16/><REACH who="3" ten="159,242,208,381" step="2"/><N who="0" m="10255" /><D101/><U91/><E127/><V82/><F17/><W128/><G128/><T59/><D125/><U97/><E126/><V105/><F25/><W78/><AGARI ba="0,1" hai="2,6,8,9,11,38,40,45,78,81,84,88,89,90" machi="78" ten="30,4000,0" yaku="1,1,0,1,54,1,53,0" doraHai="29" doraHaiUra="65" who="3" fromWho="3" sc="159,-10,242,-10,208,-20,381,50" /><INIT seed="3,0,0,0,4,66" ten="149,232,188,431" oya="3" hai0="121,3,68,81,102,111,33,114,89,86,77,100,108" hai1="2,92,70,48,8,119,60,127,106,39,26,34,115" hai2="118,15,21,116,80,29,105,98,5,96,134,10,87" hai3="51,110,61,28,82,64,45,52,57,132,117,129,85"/><W25/><G117/><T79/><D3/><U37/><E119/><V18/><F134/><W113/><G132/><T104/><D33/><U40/><E106/><V120/><F120/><W1/><G113/><T91/><D121/><U23/><E115/><V49/><F29/><W71/><G129/><T36/><D114/><U63/><E34/><V97/><F105/><W55/><G1/><T22/><D36/><U123/><E123/><V124/><F124/><W41/><G110/><N who="0" m="42027" /><D22/><U62/><E70/><V126/><F126/><W9/><G9/><T83/><D68/><U74/><E74/><V0/><REACH who="2" step="1"/><F49/><REACH who="2" ten="149,232,178,431" step="2"/><W13/><G13/><T65/><D65/><U122/><E127/><V20/><F20/><N who="3" m="15399" /><G71/><T53/><D53/><U11/><E39/><V27/><F27/><W38/><G38/><T130/><D130/><U19/><E37/><V30/><F30/><W42/><G55/><T72/><D104/><U133/><E122/><V135/><F135/><W59/><G45/><T16/><D16/><U31/><E133/><V95/><F95/><W101/><G101/><AGARI ba="0,1" hai="72,77,79,81,83,86,89,91,100,101,102" m="42027" machi="101" ten="30,3900,0" yaku="14,1,34,2" doraHai="66" who="0" fromWho="3" sc="149,49,232,0,178,0,431,-39" owari="198,-20.2,232,3.2,178,-32.2,392,49.2" /></mjloggm>