<mjloggm ver="2.3"><GO type="225" lobby="0"/><UN n0="%E3%83%A9%E3%82%B9%E7%8E%87%EF%BC%93%E5%89%B2" n1="%E5%A4%8F%E9%88%B4%E9%88%B4%E5%A4%8F" n2="%E5%8C%97%E6%AC%A7%E3%81%AE%E3%82%82%E3%81%93%E3%81%86" n3="%6B%65%6E%6E%64%69" dan="16,16,17,16" rate="2186.30,2114.96,2129.61,2165.07" sx="F,F,M,M"/><TAIKYOKU oya="0"/><INIT seed="0,0,0,0,5,70" ten="250,250,250,250" oya="0" hai0="55,9,134,49,96,85,3,98,7,14,135,41,22" hai1="108,68,125,5,91,1,32,123,78,23,99,17,100" hai2="81,82,27,66,112,26,129,56,88,44,62,52,80" hai3="116,128,86,130,19,43,42,101,54,18,113,111,2"/><T110/><D41/><U126/><E123/><V11/><F129/><N who="3" m="49771" /><G113/><T38/><D38/><U6/><E108/><V35/><F112/><W102/><G111/><T84/><D110/><U36/><E32/><V64/><F35/><W93/><G2/><T13/><D3/><U61/><E78/><V8/><F66/><W60/><G116/><T117/><D117/><U118/><E118/><V109/><F109/><W12/><G60/><T37/><D37/><U69/><E91/><V89/><F26/><W45/><G54/><T65/><D65/><N who="1" m="41007" /><E1/><V119/><F27/><W71/><G71/><T79/><D22/><U74/><E74/><V67/><F67/><W124/><G124/><N who="1" m="47722" /><E36/><V73/><F73/><W127/><G19/><T121/><D121/><U10/><E10/><N who="2" m="3627" /><F119/><W59/><G127/><T75/><D13/><N who="1" m="9647" /><E69/><V15/><F15/><W133/><G102/><T48/><D75/><U31/><E31/><V76/><F76/><W16/><G101/><T51/><D55/><U122/><E122/><V132/><F132/><N who="0" m="50730" /><D79/><U114/><E114/><V90/><F89/><N who="3" m="53431" /><G133/><T0/><D0/><U57/><E57/><N who="2" m="36943" /><F44/><W39/><G59/><T104/><D104/><AGARI ba="0,0" hai="5,6,99,100,104" m="9647,47722,41007" machi="104" ten="30,1000,0" yaku="18,1" doraHai="70" who="1" fromWho="0" sc="250,-10,250,10,250,0,250,0" /><INIT seed="1,0,0,3,2,15" ten="240,260,250,250" oya="1" hai0="115,37,119,40,9,35,82,128,88,98,56,114,45" hai1="25,68,120,5,44,105,13,125,109,87,23,116,61" hai2="10,28,127,81,100,58,54,78,108,73,91,38,34" hai3="129,31,72,6,55,76,111,132,74,86,113,47,27"/><U36/><E120/><V123/><F123/><W75/><G113/><T112/><D35/><U92/><E116/><V2/><F108/><W16/><G111/><T3/><D119/><U8/><E105/><V102/><F127/><W101/><G6/><T126/><D126/><U122/><E122/><V7/><F91/><W62/><G101/><T83/><D128/><U29/><E125/><V11/><F11/><W52/><G129/><T118/><D118/><U69/><E109/><V67/><F67/><W51/><G132/><T103/><D56/><U134/><E134/><V90/><F90/><W19/><G55/><T79/><D88/><U24/><E92/><V84/><F84/><W95/><G95/><T42/><D42/><U49/><E87/><V60/><F38/><W107/><G107/><T96/><D83/><U131/><E61/><V130/><F130/><W85/><G62/><T110/><D110/><U22/><E36/><V17/><F17/><W133/><G86/><T0/><D9/><U21/><E131/><V57/><F58/><W80/><REACH who="3" step="1"/><G133/><REACH who="3" ten="240,260,250,240" step="2"/><T1/><REACH who="0" step="1"/><D103/><REACH who="0" ten="230,260,250,240" step="2"/><U93/><E69/><V14/><F102/><W65/><G65/><T53/><D53/><N who="1" m="29863" /><E68/><V89/><F100/><W43/><G43/><T12/><D12/><U104/><E104/><V121/><F14/><W71/><G71/><T77/><D77/><U63/><E93/><V97/><F121/><W59/><G59/><T124/><D124/><U66/><E25/><N who="2" m="18703" /><F89/><W41/><G41/><T33/><D33/><AGARI ba="0,2" hai="16,19,27,31,33,47,51,52,72,74,75,76,80,85" machi="33" ten="40,12000,2" yaku="1,1,52,2,54,2,53,1" doraHai="15" doraHaiUra="48" who="3" fromWho="0" sc="230,-120,260,0,250,0,240,140" /><INIT seed="2,0,0,1,0,89" ten="110,260,250,380" oya="2" hai0="90,109,44,116,63,80,40,81,59,38,105,69,75" hai1="117,102,20,127,22,56,120,104,0,98,54,14,28" hai2="106,60,124,122,52,74,95,123,70,27,92,61,86" hai3="112,24,33,68,49,53,2,87,15,9,34,73,50"/><V58/><F74/><W46/><G73/><T5/><D109/><U115/><E117/><V1/><F106/><W32/><G68/><T101/><D116/><U96/><E115/><V82/><F1/><W3/><G112/><T25/><D69/><U133/><E133/><V125/><F27/><W26/><G2/><T36/><D105/><U93/><E0/><V19/><F19/><W29/><G26/><T64/><D101/><U10/><E127/><N who="2" m="48715" /><F61/><W97/><G3/><T51/><D75/><U99/><E28/><V79/><F70/><W45/><G97/><T130/><D130/><U83/><E83/><V118/><F118/><W121/><G87/><T111/><D111/><U103/><E99/><V126/><F126/><W113/><G121/><AGARI ba="0,0" hai="52,58,60,79,82,86,92,95,121,122,123" m="48715" machi="121" ten="30,11600,0" yaku="18,1,52,2,54,1" doraHai="89" who="2" fromWho="3" sc="110,0,260,0,250,116,380,-116" /><INIT seed="2,1,0,3,5,83" ten="110,260,366,264" oya="2" hai0="28,80,88,71,90,55,116,25,105,106,57,21,70" hai1="129,125,102,122,44,15,5,16,66,62,130,133,93" hai2="52,2,113,127,128,8,97,6,94,42,37,124,7" hai3="92,50,14,0,111,35,29,34,26,64,31,63,81"/><V49/><F113/><W4/><G111/><T74/><D116/><U38/><E5/><V54/><F128/><N who="1" m="49257" /><E122/><V112/><F112/><W40/><G0/><T41/><D41/><N who="1" m="22583" /><E133/><V115/><F6/><W126/><G126/><N who="2" m="48169" /><F37/><W48/><G92/><T120/><D120/><U101/><E93/><V27/><F115/><W99/><G99/><T86/><D74/><U1/><E1/><V10/><F10/><W75/><G40/><T109/><D109/><U100/><E125/><V24/><F54/><W107/><G107/><T131/><D131/><U47/><E47/><N who="2" m="27711" /><F42/><W89/><G4/><T72/><D72/><U87/><E87/><V119/><F119/><W123/><G75/><T60/><REACH who="0" step="1"/><D90/><AGARI ba="1,0" hai="2,7,8,24,27,90,94,97" m="27711,48169" machi="90" ten="30,2900,0" yaku="18,1,54,1" doraHai="83" who="2" fromWho="0" sc="110,-32,260,0,366,32,264,0" /><INIT seed="2,2,0,0,1,36" ten="78,260,398,264" oya="2" hai0="53,38,7,132,31,9,29,67,83,124,61,65,32" hai1="39,52,102,15,30,19,79,12,122,2,64,93,128" hai2="97,126,76,90,103,69,40,10,48,16,118,129,86" hai3="98,94,26,119,58,117,5,89,27,13,22,131,134"/><V8/><F118/><W54/><G131/><T4/><D132/><U73/><E2/><V127/><F69/><W85/><G134/><T45/><D124/><U96/><E128/><V101/><F129/><W100/><G5/><T82/><D38/><U17/><E39/><V21/><F76/><W87/><G87/><T105/><D105/><U95/><E64/><V43/><F48/><W130/><G130/><T75/><D32/><U120/><E30/><V70/><F70/><W113/><G113/><T0/><D0/><U57/><E79/><V24/><F8/><W3/><G3/><T1/><D1/><U50/><E93/><V107/><F103/><W112/><G13/><T44/><D9/><U56/><E57/><V121/><F10/><W116/><G112/><T46/><D61/><U35/><E73/><V37/><F121/><W47/><G47/><T51/><D51/><U80/><E35/><V28/><F28/><W33/><G33/><T63/><D63/><U78/><E15/><V62/><F62/><W106/><G22/><T77/><D45/><U81/><E19/><V60/><F60/><N who="3" m="35927" /><G26/><T6/><D6/><U133/><E133/><V14/><F24/><W110/><G27/><T125/><D125/><N who="2" m="47626" /><F37/><W49/><G49/><T84/><D77/><U123/><REACH who="1" step="1"/><E78/><REACH who="1" ten="78,250,398,264" step="2"/><V115/><F115/><W99/><G119/><T18/><D75/><U92/><E92/><AGARI ba="2,1" hai="14,16,21,40,43,86,90,92,97,101,107" m="47626" machi="92" ten="30,11600,0" yaku="18,1,52,2,54,1" doraHai="36" who="2" fromWho="1" sc="78,0,250,-122,398,132,264,0" /><INIT seed="2,3,0,5,0,19" ten="78,128,530,264" oya="2" hai0="32,37,11,105,85,65,123,116,127,66,42,131,102" hai1="81,115,84,96,46,2,112,89,98,45,113,129,9" hai2="23,122,132,82,55,91,53,33,61,109,86,6,130" hai3="4,114,133,24,70,88,47,64,124,117,126,106,95"/><V121/><F33/><W78/><G117/><T135/><D123/><U120/><E129/><V72/><F72/><W1/><G106/><T0/><D32/><U56/><E120/><V43/><F43/><W128/><G128/><T7/><D131/><U14/><E2/><V100/><F100/><W54/><G133/><T99/><D135/><U134/><E134/><V83/><F6/><W87/><G114/><T57/><D127/><U34/><E34/><V51/><F132/><W92/><G78/><T20/><D116/><U79/><E56/><V35/><F35/><W5/><G24/><T73/><D85/><U110/><E110/><V10/><F10/><W104/><G104/><T59/><D59/><U8/><E9/><V58/><F130/><W125/><G1/><T67/><D57/><U15/><E15/><V28/><F109/><W118/><G95/><T25/><D73/><U21/><E21/><V18/><F28/><W48/><G118/><T50/><D50/><U12/><E12/><V44/><F83/><W13/><REACH who="3" step="1"/><G13/><AGARI ba="3,0" hai="13,18,23,44,51,53,55,58,61,82,86,91,121,122" machi="13" ten="30,2900,0" yaku="7,1,52,1" doraHai="19" who="2" fromWho="3" sc="78,0,128,0,530,38,264,-38" /><INIT seed="2,4,0,3,3,95" ten="78,128,568,226" oya="2" hai0="1,3,112,78,83,24,130,11,18,12,118,80,105" hai1="125,62,8,23,70,29,41,2,75,37,19,98,47" hai2="52,39,9,6,67,100,94,71,68,77,65,27,108" hai3="20,22,113,111,10,54,61,55,110,7,124,128,74"/><V30/><F39/><W123/><G74/><T42/><D112/><U15/><E75/><V64/><F77/><W91/><G123/><T102/><D130/><U34/><E125/><V44/><F108/><N who="3" m="41515" /><G124/><T127/><D127/><U135/><E135/><V133/><F133/><W115/><G128/><T56/><D118/><U73/><E73/><V132/><F132/><W60/><G91/><T126/><D126/><U58/><E70/><V81/><F81/><W131/><G131/><T109/><D83/><U86/><E86/><V38/><F38/><W76/><G76/><T53/><D42/><U104/><E34/><V49/><F100/><W87/><G87/><T63/><D109/><U93/><E104/><V96/><F30/><W117/><G117/><T4/><D24/><U43/><E43/><V48/><F27/><W101/><G101/><T16/><D3/><U107/><E107/><V116/><F48/><W5/><G5/><T36/><D1/><U35/><E35/><V134/><F116/><W69/><G60/><T45/><D45/><U14/><E29/><V26/><F26/><W106/><G106/><T51/><D36/><U28/><E28/><V57/><F134/><W33/><G33/><T59/><D102/><N who="1" m="60751" /><E2/><V21/><F71/><W25/><G69/><T46/><D105/><U66/><E14/><N who="2" m="5431" /><F68/><W90/><G25/><T72/><REACH who="0" step="1"/><D46/><REACH who="0" ten="68,128,568,226" step="2"/><U92/><E92/><V0/><F0/><N who="3" m="359" /><G115/><T50/><D50/><U114/><E114/><V129/><F129/><W17/><G113/><T120/><D120/><U82/><E82/><V97/><F44/><W79/><G61/><RYUUKYOKU ba="4,1" sc="68,15,128,15,568,-15,226,-15" hai0="4,11,12,16,18,51,53,56,59,63,72,78,80" hai1="8,15,19,23,37,41,47,58,62,66" /><INIT seed="3,5,1,0,4,3" ten="83,143,553,211" oya="3" hai0="133,19,102,80,2,123,97,113,31,103,54,32,47" hai1="29,124,85,5,6,60,134,58,114,48,10,70,107" hai2="132,44,38,22,65,9,130,115,91,82,67,83,61" hai3="13,72,21,64,125,15,36,16,94,99,7,25,63"/><W14/><G125/><T135/><D123/><U45/><E114/><V51/><F38/><W24/><G72/><T106/><D113/><U88/><E107/><V100/><F65/><W26/><G36/><T117/><D117/><U111/><E70/><V37/><F91/><W73/><G73/><T112/><D112/><U127/><E111/><V52/><F100/><W4/><G25/><T62/><D103/><U128/><E29/><V49/><F51/><W23/><G94/><T110/><D110/><U78/><E78/><V77/><F82/><W43/><G43/><T1/><D31/><U40/><E134/><V50/><F50/><W71/><REACH who="3" step="1"/><G99/><REACH who="3" ten="83,143,553,201" step="2"/><T20/><D32/><U11/><E128/><V17/><F37/><W42/><G42/><T131/><D131/><U76/><E127/><V93/><F130/><W12/><N who="3" m="3072" /><DORA hai="86" /><W119/><G119/><T69/><D133/><U118/><E124/><V0/><F93/><W121/><G121/><T28/><D135/><U108/><E118/><V105/><F132/><W34/><G34/><T96/><D96/><U18/><E108/><V126/><F126/><W41/><G41/><T53/><D2/><U98/><E11/><V90/><F9/><W104/><G104/><T33/><D1/><U87/><E10/><V101/><F0/><W46/><G46/><T84/><D47/><U30/><E98/><V55/><F105/><W66/><G66/><N who="0" m="41175" /><D33/><U116/><E116/><V59/><F67/><W95/><G95/><T57/><D28/><AGARI ba="5,2" hai="4,7,16,21,23,24,26,28,63,64,71" m="3072" machi="28" ten="50,12000,1" yaku="1,1,52,2,54,1,53,0" doraHai="3,86" doraHaiUra="68,79" who="3" fromWho="0" sc="83,-135,143,0,553,0,201,155" owari="-52,-55.2,143,-25.7,553,65.3,356,15.6" /></mjloggm>