<mjloggm ver="2.3"><GO type="225" lobby="0"/><UN n0="%E3%83%96%E3%83%83%E3%83%91%E3%82%AA%E3%83%96%E3%83%81%E3%82%AD%E3%83%B3" n1="%E5%A4%8F%E9%88%B4%E9%88%B4%E5%A4%8F" n2="%E6%98%93%E5%88%A9%E8%96%A9%E4%BC%AF" n3="%77%72%77%72%77%72%77%72" dan="16,16,17,16" rate="2138.50,2140.87,2108.59,2153.19" sx="M,F,F,M"/><TAIKYOKU oya="0"/><INIT seed="0,0,0,4,2,96" ten="250,250,250,250" oya="0" hai0="102,110,83,58,29,121,125,5,108,25,21,68,18" hai1="129,77,100,106,20,88,120,91,75,30,104,74,117" hai2="63,66,112,60,116,89,130,69,19,33,92,65,1" hai3="35,94,97,109,115,119,12,26,0,135,81,45,71"/><T126/><D68/><U22/><E120/><V50/><F112/><W90/><G115/><T11/><D121/><U101/><E117/><V133/><F130/><W31/><G119/><T72/><D58/><U79/><REACH who="1" step="1"/><E30/><REACH who="1" ten="250,240,250,250" step="2"/><V113/><F116/><W55/><G31/><T87/><D29/><U70/><E70/><V2/><F69/><W47/><G71/><T6/><D72/><U103/><E103/><V10/><F33/><W14/><G35/><T64/><D102/><U27/><E27/><V59/><F113/><W123/><G26/><T16/><D64/><U114/><E114/><V51/><F66/><W122/><G122/><T99/><D99/><U128/><AGARI ba="0,1" hai="20,22,74,75,77,79,88,91,100,101,104,106,128,129" machi="128" ten="25,12000,2" yaku="1,1,0,1,22,2,52,2,54,1,53,0" doraHai="96" doraHaiUra="42" who="1" fromWho="1" sc="250,-60,240,130,250,-30,250,-30" /><INIT seed="1,0,0,5,0,21" ten="190,370,220,220" oya="1" hai0="28,99,125,11,70,14,66,25,47,98,10,41,13" hai1="77,57,96,93,112,95,34,119,54,114,133,8,102" hai2="135,2,45,121,106,115,113,122,58,78,38,63,116" hai3="60,43,87,123,65,31,111,117,110,118,17,74,24"/><U100/><E119/><N who="3" m="45578" /><G74/><T51/><D125/><U29/><E133/><V127/><F116/><W18/><G87/><T1/><D1/><U128/><E128/><V56/><F127/><W15/><G43/><T120/><D120/><U61/><E77/><V82/><F135/><W104/><G104/><T76/><D76/><U94/><E8/><V40/><F106/><W69/><G123/><T68/><D66/><U23/><E34/><V59/><F2/><W91/><G91/><T27/><D41/><U101/><REACH who="1" step="1"/><E96/><REACH who="1" ten="190,360,220,220" step="2"/><V105/><F122/><W86/><G86/><T22/><D22/><U46/><E46/><V72/><F121/><W109/><G15/><T35/><D47/><U39/><E39/><V37/><F37/><W53/><G53/><T19/><D35/><AGARI ba="0,1" hai="17,18,24,31,35,60,65,69,109,110,111" m="45578" machi="35" ten="40,5200,0" yaku="14,1,12,1,52,1" doraHai="21" who="3" fromWho="0" sc="190,-52,360,0,220,0,220,62" /><INIT seed="2,0,0,2,1,62" ten="138,360,220,282" oya="2" hai0="11,79,106,14,84,20,132,36,10,35,54,75,93" hai1="3,34,108,78,49,128,80,68,134,116,127,47,73" hai2="123,99,26,85,110,2,69,90,125,131,53,1,107" hai3="15,18,122,9,0,121,118,7,13,112,31,115,67"/><V52/><F123/><N who="3" m="47115" /><G67/><T45/><D35/><U102/><E47/><V51/><F131/><W119/><G31/><T126/><D106/><U44/><E49/><V19/><F125/><W72/><G72/><T39/><D126/><U64/><E44/><V4/><F69/><W33/><G33/><T96/><D75/><U50/><E50/><V6/><F110/><W111/><G111/><T109/><D109/><U113/><E102/><V48/><F99/><W41/><G41/><T12/><D132/><U65/><E64/><V92/><F107/><W76/><G76/><T17/><D39/><U120/><E65/><V55/><F2/><W95/><G95/><T87/><D79/><U25/><E25/><V30/><F19/><W77/><G77/><T100/><D20/><U24/><E24/><V133/><F133/><W81/><G81/><T22/><D22/><U117/><E80/><V98/><F98/><W37/><G37/><T97/><D97/><U21/><E21/><N who="2" m="15695" /><F1/><W71/><G71/><T94/><D94/><U89/><E78/><V38/><F38/><W83/><G83/><T56/><D36/><U103/><E103/><V104/><F104/><W28/><G28/><T42/><D42/><U130/><E128/><V114/><F114/><N who="3" m="43563" /><G0/><T129/><D129/><U32/><E117/><V63/><F63/><W16/><G7/><AGARI ba="0,0" hai="4,6,7,48,51,52,53,55,85,90,92" m="15695" machi="7" ten="30,2900,0" yaku="8,1,54,1" doraHai="62" who="2" fromWho="3" sc="138,0,360,0,220,29,282,-29" /><INIT seed="2,1,0,5,3,135" ten="138,360,249,253" oya="2" hai0="49,94,105,36,71,29,84,121,81,98,95,111,39" hai1="52,87,86,22,56,113,100,76,125,14,91,92,48" hai2="58,8,21,4,134,124,120,46,54,34,119,41,73" hai3="126,82,13,64,106,9,116,103,51,70,61,17,122"/><V85/><F119/><W123/><G116/><T42/><D71/><U89/><E125/><V7/><F73/><W38/><G38/><T24/><D121/><U67/><E113/><V12/><F34/><W0/><G0/><T117/><D105/><U83/><E100/><V80/><F120/><W72/><G126/><T59/><D117/><U60/><E91/><V127/><F134/><W65/><G65/><T19/><D19/><U10/><E22/><V69/><F69/><W33/><G51/><T25/><D111/><U107/><E107/><V3/><F7/><W96/><REACH who="3" step="1"/><G33/><REACH who="3" ten="138,360,249,243" step="2"/><T18/><D49/><U53/><E48/><V114/><F3/><W99/><G99/><T75/><D98/><U90/><E76/><AGARI ba="1,1" hai="9,13,17,61,64,70,72,76,82,96,103,106,122,123" machi="76" ten="40,2600,0" yaku="1,1,53,1" doraHai="135" doraHaiUra="11" who="3" fromWho="1" sc="138,0,360,-29,249,0,243,39" /><INIT seed="3,0,0,3,3,55" ten="138,331,249,282" oya="3" hai0="33,117,74,113,50,25,37,45,68,118,87,22,60" hai1="39,79,9,105,80,57,14,49,111,83,48,133,54" hai2="101,58,30,26,95,86,134,99,17,125,102,11,13" hai3="119,21,115,84,124,132,43,65,135,78,44,18,46"/><W98/><G119/><T88/><D74/><U12/><E105/><V47/><F125/><W61/><G115/><T114/><D33/><U29/><E39/><V31/><F134/><N who="3" m="51243" /><G124/><T94/><D114/><U40/><E29/><V103/><F86/><W2/><G2/><T8/><D37/><U110/><E133/><V96/><F47/><W34/><G34/><T67/><D8/><U24/><E24/><V59/><F99/><W63/><G98/><T128/><D128/><U122/><E122/><V75/><F75/><W123/><G123/><T100/><D100/><N who="2" m="38506" /><F26/><W73/><G73/><T82/><D82/><N who="1" m="31275" /><E9/><V106/><F106/><W0/><G0/><T109/><D109/><N who="1" m="41483" /><E79/><V27/><F27/><N who="3" m="14775" /><G78/><T69/><D113/><U4/><E4/><V93/><F93/><W72/><G84/><T121/><D121/><U76/><E76/><V10/><F11/><W1/><G1/><T116/><D116/><U85/><E85/><V7/><F7/><W71/><G72/><T42/><REACH who="0" step="1"/><D69/><REACH who="0" ten="128,331,249,282" step="2"/><U107/><E107/><V127/><F127/><W36/><G36/><T6/><D6/><U108/><E108/><V104/><F104/><W97/><G71/><T38/><D38/><U120/><E120/><V5/><F5/><W53/><G43/><T112/><D112/><U56/><E40/><V91/><F103/><W92/><G92/><T28/><D28/><AGARI ba="0,1" hai="10,13,17,28,30,31,58,59,91,95,96" m="38506" machi="28" ten="30,3900,0" yaku="8,1,52,2" doraHai="55" who="2" fromWho="0" sc="128,-39,331,0,249,49,282,0" owari="89,-41.1,331,43.1,298,9.8,282,-11.8" /></mjloggm>