<mjloggm ver="2.3"><GO type="225" lobby="0"/><UN n0="%E3%81%8B%E3%82%8F%E3%81%A1%E3%82%83%E3%82%93%35%38" n1="%4D%2E%61%72%74%65%74%61" n2="%6E%69%63%6F%6E%74%6F" n3="%E3%81%BF%E3%81%BF%E3%81%9A" dan="16,17,16,17" rate="2146.95,2230.52,2121.99,2257.22" sx="M,M,M,M"/><TAIKYOKU oya="0"/><INIT seed="0,0,0,3,5,103" ten="250,250,250,250" oya="0" hai0="19,18,32,105,58,51,40,69,80,56,4,50,133" hai1="89,26,57,0,6,98,47,85,45,68,29,90,35" hai2="125,135,122,130,17,15,117,104,70,79,121,53,48" hai3="123,42,73,116,87,33,128,111,27,55,2,9,31"/><T83/><D69/><U22/><E68/><V38/><F79/><W118/><G73/><T34/><D40/><U91/><E98/><V65/><F17/><W7/><G111/><T71/><D71/><U3/><E35/><V12/><F15/><W66/><G128/><T23/><D4/><U109/><E109/><V49/><F12/><W8/><G123/><T84/><D84/><U97/><E97/><V64/><F130/><W112/><G112/><T99/><D99/><U76/><E57/><V131/><F131/><W10/><G42/><T44/><D44/><U134/><E134/><V95/><F95/><W113/><G113/><T81/><D83/><U5/><E85/><V100/><F100/><W30/><G55/><T24/><D24/><U36/><E76/><V92/><F92/><W21/><G66/><T37/><D23/><U115/><E36/><V119/><F70/><W78/><G87/><T74/><D37/><U25/><E115/><V63/><F38/><W20/><G78/><T126/><D74/><U43/><E43/><V60/><F135/><W46/><G46/><N who="1" m="17418" /><E26/><V132/><F132/><W61/><G61/><T88/><D133/><U52/><E52/><V59/><F53/><W82/><G82/><T1/><D1/><U96/><E96/><V54/><F54/><W106/><G106/><T94/><D94/><U75/><E75/><V120/><F104/><W14/><G31/><T13/><D105/><U93/><E93/><V28/><F28/><W62/><G62/><T110/><D110/><U101/><E101/><V39/><F122/><W129/><G129/><RYUUKYOKU ba="0,0" sc="250,-10,250,30,250,-10,250,-10" hai1="0,3,5,6,22,25,29,89,90,91" /><INIT seed="1,1,0,5,5,131" ten="240,280,240,240" oya="1" hai0="49,133,124,55,41,16,85,96,93,59,13,9,135" hai1="81,63,35,79,88,62,82,70,105,87,120,66,10" hai2="86,50,129,31,44,123,53,32,83,68,67,0,40" hai3="21,19,117,7,24,90,51,71,119,118,65,95,6"/><U20/><E120/><V112/><F129/><W80/><G80/><T122/><D122/><U3/><E35/><V84/><F123/><W33/><G51/><T127/><D85/><U94/><E105/><V75/><F0/><W100/><G100/><N who="0" m="60431" /><D41/><U34/><E34/><V73/><F112/><W60/><REACH who="3" step="1"/><G33/><REACH who="3" ten="240,280,240,230" step="2"/><T26/><D26/><U12/><E82/><V30/><F32/><W37/><G37/><T23/><D23/><U36/><E36/><V116/><F75/><W128/><G128/><T15/><D15/><U64/><E20/><V99/><F73/><W108/><G108/><T48/><D48/><U17/><E3/><V97/><F83/><W78/><G78/><T110/><D110/><U45/><E45/><V114/><F50/><W134/><G134/><AGARI ba="1,1" hai="9,13,16,49,55,59,124,127,133,134,135" m="60431" machi="134" ten="30,8000,1" yaku="20,1,52,3,54,1" doraHai="131" who="0" fromWho="3" sc="240,93,280,0,240,0,230,-83" /><INIT seed="2,0,0,5,0,67" ten="333,280,240,147" oya="2" hai0="60,116,39,50,49,101,76,113,10,91,27,42,130" hai1="128,135,38,62,23,43,25,118,31,40,18,104,36" hai2="82,95,70,33,119,98,17,78,5,29,109,117,107" hai3="74,53,114,45,105,8,75,71,125,84,63,1,37"/><V115/><F115/><W35/><G84/><T85/><D113/><U20/><E118/><V58/><F70/><W44/><G53/><T106/><D130/><U83/><E104/><V32/><F5/><N who="3" m="1071" /><G45/><T65/><D116/><U41/><E128/><V112/><F112/><W131/><G114/><T64/><D64/><U90/><E135/><V3/><F109/><W103/><G131/><T6/><D76/><U123/><E123/><V13/><F3/><W61/><G61/><T108/><D108/><U132/><E132/><V4/><F107/><W34/><G125/><T19/><D19/><U80/><E62/><V77/><F4/><W7/><G7/><T86/><D86/><U16/><E31/><V121/><F121/><W59/><G59/><T47/><D27/><U110/><E110/><V52/><F29/><W87/><G87/><T2/><D101/><U48/><E48/><V129/><F129/><W73/><G103/><T72/><D72/><N who="3" m="18433" /><W22/><DORA hai="92" /><G22/><T30/><D30/><U127/><E127/><V56/><F56/><W96/><G96/><T24/><D24/><U66/><E66/><V51/><F119/><W81/><G81/><N who="1" m="31306" /><E90/><N who="2" m="55671" /><F117/><W99/><G99/><T111/><D111/><U9/><E9/><N who="2" m="6319" /><F78/><W14/><G105/><T126/><D106/><U12/><E38/><V102/><F102/><W97/><G97/><T79/><D126/><U88/><E36/><V93/><F93/><W134/><G134/><T68/><D79/><U55/><E88/><V0/><F0/><W11/><G71/><T133/><D133/><U120/><E120/><V122/><F122/><RYUUKYOKU ba="0,0" sc="333,10,280,10,240,10,147,-30" hai0="2,6,10,39,42,47,49,50,60,65,68,85,91" hai1="12,16,18,20,23,25,40,41,43,55" hai2="32,33,51,52,58,77,82" /><INIT seed="2,1,0,4,4,23" ten="343,290,250,117" oya="2" hai0="93,50,68,17,127,115,63,133,14,78,70,10,48" hai1="91,6,111,16,109,98,105,84,3,79,18,52,117" hai2="58,53,86,104,76,118,90,51,56,122,101,124,25" hai3="40,35,83,103,47,119,71,36,62,7,45,38,128"/><V21/><F118/><W41/><G119/><T4/><D115/><U94/><E117/><V125/><F122/><W95/><G128/><T72/><D72/><U39/><E39/><V81/><F104/><W12/><G83/><T29/><D78/><U9/><E52/><V34/><F34/><W96/><G35/><T100/><D29/><U31/><E31/><V20/><F101/><W27/><G7/><T97/><D133/><U129/><E129/><V73/><F21/><W22/><G12/><T8/><D127/><U66/><E66/><V82/><REACH who="2" step="1"/><F58/><REACH who="2" ten="343,290,240,117" step="2"/><W15/><G15/><T55/><D70/><U75/><E105/><V74/><F74/><W59/><G71/><T121/><D121/><U60/><E75/><V28/><AGARI ba="1,1" hai="20,25,28,51,53,56,73,76,81,82,86,90,124,125" machi="28" ten="30,6000,0" yaku="1,1,0,1,52,1,53,0" doraHai="23" doraHaiUra="88" who="2" fromWho="2" sc="343,-21,290,-21,240,73,117,-21" /><INIT seed="2,2,0,0,2,83" ten="322,269,313,96" oya="2" hai0="68,93,16,60,79,69,35,86,47,74,118,116,119" hai1="53,41,87,19,81,4,55,126,11,27,80,7,73" hai2="12,129,10,29,125,58,63,49,17,20,102,38,2" hai3="104,3,33,108,24,72,90,9,44,122,124,46,34"/><V131/><F38/><W123/><G104/><T105/><D105/><U30/><E126/><V6/><F125/><W84/><G124/><T77/><D35/><U89/><E41/><V76/><F102/><W54/><G72/><T15/><D74/><U56/><E55/><V50/><F76/><N who="0" m="29258" /><D60/><U64/><E64/><V110/><F110/><W65/><G108/><T48/><D93/><U107/><E107/><V28/><F28/><BYE who="2" /><W37/><G65/><T128/><D86/><N who="1" m="50375" /><E73/><V13/><F13/><W21/><G37/><T59/><D59/><U36/><E36/><V26/><F26/><W121/><G9/><N who="0" m="6255" /><D128/><UN n2="%6E%69%63%6F%6E%74%6F" /><U109/><E109/><V135/><F135/><W113/><G3/><T120/><D120/><U78/><E30/><V25/><F131/><W5/><G5/><T88/><D88/><U111/><E111/><V8/><REACH who="2" step="1"/><F129/><REACH who="2" ten="322,269,303,96" step="2"/><W117/><G117/><T62/><D62/><N who="1" m="36111" /><E27/><V82/><F82/><W133/><G133/><T61/><D61/><U134/><E134/><V14/><F14/><AGARI ba="2,1" hai="4,7,11,14,19,78,81,87" m="36111,50375" machi="14" ten="30,3900,0" yaku="8,1,52,2" doraHai="83" who="1" fromWho="2" sc="322,0,269,55,303,-45,96,0" /><INIT seed="3,0,0,5,2,84" ten="322,324,258,96" oya="3" hai0="89,110,87,121,102,28,29,97,36,77,55,31,51" hai1="50,35,52,114,47,43,126,54,15,42,60,92,94" hai2="75,24,105,112,18,56,129,25,40,23,96,130,107" hai3="26,1,71,16,125,59,44,33,95,118,21,82,115"/><W85/><G115/><T9/><D121/><U12/><E114/><V73/><F112/><W27/><G118/><T116/><D36/><U39/><E35/><V101/><F107/><W2/><G71/><T108/><D77/><U70/><E126/><V19/><F40/><N who="1" m="15401" /><E70/><V99/><F56/><W122/><G122/><T100/><D9/><U45/><E39/><V38/><F38/><W106/><G44/><N who="0" m="28135" /><D97/><U61/><E47/><V66/><F66/><W37/><G37/><T49/><D49/><U113/><E113/><V74/><REACH who="2" step="1"/><F99/><REACH who="2" ten="322,324,248,96" step="2"/><W5/><G106/><T11/><D116/><U72/><E45/><V62/><F62/><W41/><G41/><T120/><D120/><U111/><E61/><V81/><F81/><W46/><G46/><T91/><D11/><U63/><E63/><V30/><F30/><W135/><G125/><T134/><D134/><U83/><E60/><V119/><F119/><W131/><G59/><T117/><D117/><U64/><E64/><V90/><F90/><N who="3" m="53711" /><G135/><T103/><D89/><U3/><E54/><V32/><F32/><W17/><G131/><T58/><D58/><U123/><E52/><V78/><F78/><W67/><G67/><T48/><D48/><U79/><E50/><V80/><F80/><W10/><G82/><T86/><D91/><U133/><E123/><V109/><F109/><AGARI ba="0,1" hai="28,29,31,86,87,100,102,103,108,109,110" m="28135" machi="109" ten="40,1300,0" yaku="14,1" doraHai="84" who="0" fromWho="2" sc="322,23,324,0,248,-13,96,0" owari="345,44.5,324,12.4,235,-16.5,96,-40.4" /></mjloggm>