<mjloggm ver="2.3"><GO type="225" lobby="0"/><UN n0="%E6%A1%9C%E8%8A%B1%E9%96%83%E3%80%85" n1="%E3%81%90%E3%81%A1%E3%82%84%E3%81%BE" n2="%E7%B4%94%E6%BD%94%E3%83%94%E3%83%A9%E3%83%8B%E3%82%A2" n3="%E3%83%9D%E3%82%B1%E3%83%83%E3%83%88" dan="16,16,17,16" rate="2108.76,2105.05,2187.64,2062.55" sx="M,M,M,M"/><TAIKYOKU oya="0"/><INIT seed="0,0,0,5,0,59" ten="250,250,250,250" oya="0" hai0="39,89,1,22,2,121,103,54,16,65,70,42,19" hai1="11,33,86,101,56,8,115,111,9,134,131,90,94" hai2="97,27,64,15,57,36,18,51,21,75,50,40,124" hai3="68,118,35,104,109,116,106,112,66,44,49,123,93"/><T32/><D121/><U34/><E111/><V20/><F75/><W113/><G35/><T85/><D32/><U100/><E134/><V38/><F124/><W3/><G3/><T81/><D103/><U58/><E131/><V10/><F21/><W69/><G69/><T129/><D129/><U24/><E115/><V107/><F107/><W61/><G104/><T135/><D135/><U120/><E120/><V4/><F97/><W128/><G106/><T119/><D119/><N who="3" m="45609" /><G93/><T92/><D54/><U6/><E6/><V71/><F71/><W47/><G128/><T122/><D122/><U110/><E110/><V62/><F40/><N who="3" m="24711" /><G123/><T130/><D92/><U117/><E117/><V84/><F38/><W133/><G109/><T29/><D29/><U77/><E77/><V31/><F36/><W105/><G105/><T0/><D130/><U7/><E7/><V26/><F26/><W13/><G13/><T52/><D22/><U55/><E58/><V41/><F41/><W126/><G133/><T102/><D102/><U72/><E72/><V23/><F84/><W43/><G126/><T14/><D14/><U88/><E90/><V37/><F37/><AGARI ba="0,0" hai="37,43,47,61,66,68,112,113" m="24711,45609" machi="37" ten="30,3900,0" yaku="34,2,52,1" doraHai="59" who="3" fromWho="2" sc="250,0,250,0,250,-39,250,39" /><INIT seed="1,0,0,3,4,43" ten="250,250,211,289" oya="1" hai0="114,97,113,92,117,1,3,59,46,63,123,109,131" hai1="96,99,44,95,98,11,34,55,104,76,116,90,61" hai2="38,70,53,111,130,57,129,73,135,47,22,35,29" hai3="67,120,36,121,40,10,88,14,50,103,132,31,75"/><U133/><E116/><V18/><F73/><W124/><G75/><T20/><D117/><U69/><E34/><V83/><F70/><W4/><G36/><T125/><D109/><U77/><E133/><V52/><F111/><W21/><G132/><T0/><D125/><U126/><E126/><V33/><F135/><W48/><G124/><T5/><D131/><N who="2" m="50186" /><F83/><W86/><G103/><T15/><D123/><U51/><E104/><V84/><F84/><W23/><G67/><T66/><D46/><U93/><E11/><V24/><F57/><W112/><G112/><T105/><D105/><U72/><E72/><V79/><F79/><W37/><G37/><T27/><D15/><U42/><E69/><V25/><F35/><W60/><G60/><T107/><D5/><U78/><E90/><V30/><F29/><W13/><G31/><N who="0" m="17895" /><D107/><U58/><AGARI ba="0,0" hai="42,44,51,55,58,61,76,77,78,93,95,96,98,99" machi="58" ten="40,7800,0" yaku="0,1,8,1,52,1" doraHai="43" who="1" fromWho="1" sc="250,-26,250,78,211,-26,289,-26" /><INIT seed="1,1,0,0,3,108" ten="224,328,185,263" oya="1" hai0="115,127,18,132,58,42,120,80,111,86,72,98,63" hai1="47,27,48,67,77,5,9,56,24,82,96,102,101" hai2="121,21,92,1,43,45,60,78,46,55,14,75,53" hai3="49,106,87,119,84,88,73,13,74,40,103,66,8"/><U64/><E64/><V114/><F121/><W128/><G128/><T124/><D111/><U59/><E67/><V4/><F1/><W2/><G2/><T7/><D120/><U20/><E59/><V71/><F71/><W85/><G119/><T123/><D123/><U122/><E56/><V25/><F75/><W118/><G118/><T97/><D72/><U112/><E112/><V62/><F78/><W52/><G66/><N who="0" m="39287" /><D115/><U95/><E102/><V51/><F114/><W37/><G40/><T130/><D7/><U113/><E113/><V29/><F92/><W68/><G37/><T70/><D42/><U99/><E99/><V110/><F110/><W31/><G31/><T117/><D132/><U90/><E101/><V33/><F33/><W15/><G68/><T36/><D36/><U76/><E122/><V91/><F91/><W69/><G69/><T129/><D18/><U23/><E23/><V34/><F34/><W0/><G74/><T50/><D50/><U89/><E89/><V107/><F107/><W79/><G88/><N who="0" m="51271" /><D117/><U12/><E82/><V105/><F105/><W135/><G135/><T131/><D70/><U61/><E61/><N who="2" m="23659" /><F46/><N who="3" m="27703" /><G103/><T17/><D17/><N who="1" m="12303" /><E27/><V65/><F65/><W94/><G106/><T81/><D81/><U11/><E11/><AGARI ba="1,0" hai="4,11,14,21,25,29,43,45,51,53,55" m="23659" machi="11" ten="30,1000,0" yaku="8,1" doraHai="108" who="2" fromWho="1" sc="224,0,328,-13,185,13,263,0" /><INIT seed="2,0,0,4,1,87" ten="224,315,198,263" oya="2" hai0="97,31,49,7,126,63,42,34,79,119,46,67,101" hai1="131,90,53,40,11,19,78,4,93,108,120,64,98" hai2="117,130,96,22,12,47,72,10,70,107,62,86,18" hai3="8,33,76,123,106,32,91,66,20,102,112,50,58"/><V30/><F72/><W133/><G123/><T29/><D126/><U55/><E108/><V0/><F117/><W45/><G133/><T38/><D119/><U43/><E131/><V113/><F130/><W121/><G76/><T85/><D7/><U104/><E120/><V80/><F113/><W135/><G135/><T122/><D122/><U65/><E104/><V82/><F82/><W99/><G112/><T3/><D3/><U114/><E114/><V14/><F0/><W73/><G73/><T69/><D34/><U23/><E78/><V94/><F107/><W24/><G8/><T110/><D110/><U57/><E55/><V51/><F70/><W127/><G127/><T88/><D38/><U61/><E65/><V17/><F62/><W95/><G121/><T92/><REACH who="0" step="1"/><D79/><REACH who="0" ten="214,315,198,263" step="2"/><U36/><E36/><V105/><F30/><W2/><G2/><T59/><D59/><U125/><E125/><V27/><F105/><AGARI ba="0,1" hai="29,31,42,46,49,63,67,69,85,88,92,97,101,105" machi="105" ten="30,8000,1" yaku="1,1,7,1,52,1,54,1,53,1" doraHai="87" doraHaiUra="100" who="0" fromWho="2" sc="214,90,315,0,198,-80,263,0" /><INIT seed="3,0,0,5,2,51" ten="304,315,118,263" oya="3" hai0="119,58,111,106,128,25,135,7,105,18,109,64,113" hai1="85,131,82,104,33,65,94,126,57,16,99,62,108" hai2="2,43,79,50,13,80,124,118,0,101,41,123,15" hai3="48,102,63,127,71,22,10,97,92,107,14,98,68"/><W52/><G127/><T91/><D119/><U21/><E33/><V24/><F50/><W129/><G22/><N who="0" m="13527" /><D135/><U96/><E131/><V103/><F80/><W95/><G129/><T132/><D132/><U8/><E108/><N who="0" m="41545" /><D128/><U19/><E104/><N who="0" m="40041" /><D113/><U76/><E126/><V5/><F124/><W66/><G97/><T23/><D7/><U90/><E8/><V38/><F5/><W74/><G71/><T32/><D32/><U77/><E19/><V42/><F42/><W61/><G61/><N who="0" m="37943" /><D23/><U81/><E99/><V110/><F110/><W93/><G74/><T100/><D91/><N who="1" m="55391" /><E82/><V60/><F60/><W44/><G107/><T47/><D47/><U28/><E28/><V59/><F59/><W46/><G46/><T37/><D100/><U31/><E31/><V73/><F38/><AGARI ba="0,0" hai="37,38" m="37943,40041,41545,13527" machi="38" ten="30,1000,0" yaku="14,1" doraHai="51" who="0" fromWho="2" sc="304,10,315,0,118,-10,263,0" owari="314,11.4,315,41.5,108,-39.2,263,-13.7" /></mjloggm>