<mjloggm ver="2.3"><GO type="225" lobby="0"/><UN n0="%E3%81%AF%E3%82%88%E3%81%8A%E3%81%98%E3%81%95%E3%82%93" n1="%E6%80%AA%E3%81%97%E3%81%99%E3%81%8E%E3%82%8B%E3%83%81%E3%83%BC" n2="%72%69%6F%75%63%68%61%6E" n3="%6D%61%74%69%67%75%73%61" dan="17,16,16,17" rate="2130.37,2073.24,2130.15,2140.50" sx="M,M,M,M"/><TAIKYOKU oya="0"/><INIT seed="0,0,0,1,0,123" ten="250,250,250,250" oya="0" hai0="85,10,79,37,64,130,15,8,66,26,22,72,12" hai1="109,134,77,49,52,45,46,53,69,128,78,41,25" hai2="58,54,74,2,110,14,83,94,97,11,93,84,70" hai3="9,23,103,87,6,73,122,13,135,56,92,68,51"/><T117/><D37/><U131/><E109/><V118/><F110/><W35/><G35/><T90/><D117/><U89/><E134/><V63/><F118/><W55/><G73/><T104/><D104/><U18/><E69/><V80/><F2/><W19/><G68/><T31/><D130/><N who="1" m="49707" /><E89/><V96/><F70/><W116/><G122/><T119/><D119/><U88/><E88/><N who="2" m="53383" /><F74/><W107/><G107/><T101/><D101/><U48/><E41/><V120/><F120/><W102/><G135/><T17/><D79/><U27/><E27/><V124/><F124/><W115/><G115/><T44/><D44/><U129/><N who="1" m="49715" /><U105/><DORA hai="24" /><E105/><V40/><F40/><W59/><G116/><T50/><D50/><U7/><E7/><N who="2" m="3455" /><F97/><W43/><G43/><T98/><D72/><U60/><E60/><V75/><F75/><W126/><G126/><T32/><D98/><U47/><E47/><V132/><F132/><W114/><G114/><T38/><D38/><U108/><E108/><V3/><F3/><W65/><G87/><T29/><D29/><U133/><E133/><V82/><F80/><W71/><G71/><T121/><D32/><U20/><AGARI ba="0,0" hai="18,20,25,45,46,48,49,52,53,77,78" m="49715" machi="20" ten="40,2700,0" yaku="19,1,54,1" doraHai="123,24" who="1" fromWho="1" sc="250,-13,250,27,250,-7,250,-7" /><INIT seed="1,0,0,2,0,8" ten="237,277,243,243" oya="1" hai0="94,124,74,118,20,127,53,120,96,135,109,60,27" hai1="4,55,39,110,11,100,125,65,0,67,23,25,66" hai2="87,90,126,51,18,89,81,37,43,49,117,103,134" hai3="78,71,62,56,3,70,15,47,116,75,104,48,36"/><U6/><E125/><N who="0" m="48201" /><D118/><U41/><E110/><V40/><F126/><W58/><G3/><T80/><D109/><U35/><E35/><V106/><F117/><W19/><G104/><T95/><D135/><U57/><E6/><V92/><F134/><W112/><G112/><T107/><D120/><U12/><E100/><V113/><F113/><W128/><G36/><T99/><D80/><U46/><E0/><V84/><F37/><W93/><G58/><N who="0" m="34895" /><D74/><U2/><E2/><V26/><F106/><W45/><G45/><T88/><D107/><U63/><REACH who="1" step="1"/><E65/><REACH who="1" ten="237,267,243,243" step="2"/><V52/><F103/><W73/><G116/><T115/><D115/><U121/><E121/><V97/><F97/><W54/><G75/><T30/><D95/><U50/><E50/><V123/><F49/><W44/><G93/><T1/><D1/><U133/><E133/><V13/><F123/><W131/><G73/><T101/><D96/><U108/><E108/><V102/><F102/><AGARI ba="0,1" hai="20,27,30,88,94,99,101,102" m="34895,48201" machi="102" ten="30,2000,0" yaku="18,1,54,1" doraHai="8" who="0" fromWho="2" sc="237,30,267,0,243,-20,243,0" /><INIT seed="2,0,0,4,0,77" ten="267,267,223,243" oya="2" hai0="105,4,106,28,24,44,67,0,119,85,118,61,62" hai1="7,126,14,86,51,111,34,10,112,63,116,52,115" hai2="12,57,43,98,2,81,84,64,58,120,93,80,87" hai3="17,135,26,9,36,101,100,11,108,134,21,131,66"/><V114/><F114/><W128/><G36/><T75/><D75/><U96/><E116/><N who="0" m="44585" /><D61/><U18/><E34/><V23/><F120/><W78/><G66/><T50/><D85/><N who="2" m="32842" /><F2/><W35/><G78/><T110/><D110/><U1/><E111/><V127/><F127/><W54/><G54/><N who="0" m="30023" /><D4/><U95/><E126/><V25/><F12/><W55/><G55/><T16/><D16/><U92/><E86/><V22/><F43/><W68/><G68/><N who="0" m="42103" /><D0/><U59/><E63/><N who="2" m="37999" /><F58/><W20/><G108/><T31/><D31/><U104/><E104/><V107/><F107/><W48/><G17/><T56/><D56/><U49/><E49/><V3/><F3/><W73/><G48/><T46/><D46/><U97/><E95/><V72/><F72/><W47/><G73/><T45/><D45/><U39/><E39/><V125/><F125/><W33/><G47/><T38/><D38/><U123/><E123/><V88/><F25/><AGARI ba="0,0" hai="9,11,20,21,25,26,33,35,100,101,128,131,134,135" machi="25" ten="25,1600,0" yaku="22,2" doraHai="77" who="3" fromWho="2" sc="267,0,267,0,223,-16,243,16" /><INIT seed="3,0,0,5,3,125" ten="267,267,207,259" oya="3" hai0="101,120,72,57,121,43,85,12,17,105,18,123,59" hai1="91,83,69,33,16,106,122,51,104,111,97,47,1" hai2="108,76,9,70,88,44,115,95,103,49,135,35,112" hai3="64,68,116,129,73,71,62,20,124,29,46,61,131"/><W45/><G73/><T134/><D72/><U89/><E122/><V99/><F108/><W90/><G90/><T22/><D134/><U92/><E69/><V2/><F135/><W110/><G116/><T7/><D7/><U21/><E33/><V100/><F70/><W37/><G124/><T48/><D85/><U109/><E1/><V11/><F35/><W63/><G110/><N who="1" m="41994" /><E83/><V80/><F115/><W50/><G20/><T54/><D43/><N who="1" m="25087" /><E89/><V42/><F112/><W128/><G29/><T93/><D105/><U31/><E31/><V87/><REACH who="2" step="1"/><F2/><REACH who="2" ten="267,267,197,259" step="2"/><W133/><G133/><T39/><D120/><U56/><E56/><V113/><F113/><W32/><G32/><T77/><D57/><U38/><E38/><V67/><F67/><W117/><G68/><T58/><D59/><U40/><E40/><V74/><F74/><W30/><G117/><T6/><D39/><U19/><E19/><V79/><F79/><W66/><G30/><T107/><D18/><U132/><E132/><V3/><F3/><W118/><G118/><T98/><D77/><U127/><E127/><V5/><F5/><W14/><G71/><T36/><D36/><U34/><E34/><V13/><F13/><AGARI ba="0,1" hai="13,16,21,91,92,97,104,106" m="25087,41994" machi="13" ten="30,2000,0" yaku="14,1,54,1" doraHai="125" who="1" fromWho="2" sc="267,0,267,30,197,-20,259,0" /><INIT seed="4,0,0,4,5,13" ten="267,297,177,259" oya="0" hai0="99,25,50,101,95,18,3,40,133,77,49,131,8" hai1="41,73,7,51,112,128,71,32,34,10,46,24,89" hai2="82,91,88,130,55,123,97,69,12,64,29,31,114" hai3="16,134,4,2,17,108,45,129,53,109,76,60,63"/><T107/><D131/><U122/><E122/><V19/><F123/><W36/><G76/><T58/><D133/><U15/><E71/><V81/><F130/><W5/><G129/><T135/><D135/><U110/><E110/><V43/><F114/><W28/><G134/><T61/><D107/><U75/><E128/><V44/><F55/><W30/><G53/><T26/><D77/><U74/><E112/><V105/><F69/><W59/><G59/><T67/><D3/><U111/><E111/><V119/><F64/><W20/><G20/><T62/><D61/><U78/><E78/><V100/><F119/><W65/><G45/><T79/><D79/><U86/><REACH who="1" step="1"/><E24/><REACH who="1" ten="267,287,177,259" step="2"/><N who="0" m="9321" /><D40/><U42/><E42/><V37/><F91/><W87/><G108/><T85/><D85/><U84/><E84/><V104/><F104/><W90/><G90/><T116/><D116/><U52/><E52/><V127/><F127/><W39/><G87/><T113/><D113/><U124/><E124/><V96/><F96/><W56/><G109/><T126/><D126/><U70/><E70/><V33/><F33/><W27/><G27/><T38/><D38/><U93/><AGARI ba="0,1" hai="7,10,15,32,34,41,46,51,73,74,75,86,89,93" machi="93" ten="30,2000,0" yaku="1,1,0,1,53,0" doraHai="13" doraHaiUra="57" who="1" fromWho="1" sc="267,-10,287,30,177,-5,259,-5" owari="257,5.7,317,41.7,172,-32.8,254,-14.6" /></mjloggm>