<mjloggm ver="2.3"><GO type="225" lobby="0"/><UN n0="%72%61%6B%33" n1="%E3%82%A4%E3%83%BC%E3%82%B1%E3%83%97%E3%83%A9" n2="%E3%83%8F%E3%83%B3%E3%83%89%E3%83%A9%E3%83%BC%E3%83%BB%E3%83%AF%E3%83%B3" n3="%E3%81%BF%E3%81%BF%E3%81%9A" dan="16,16,17,17" rate="2088.10,2174.37,2221.20,2258.17" sx="M,M,M,M"/><TAIKYOKU oya="0"/><INIT seed="0,0,0,4,5,84" ten="250,250,250,250" oya="0" hai0="96,79,6,106,43,109,45,46,77,110,116,124,64" hai1="21,5,132,33,75,47,117,19,49,100,8,65,89" hai2="59,134,39,28,62,115,50,114,16,111,48,104,53" hai3="105,0,18,127,70,14,107,31,135,56,120,97,36"/><T122/><D116/><U9/><E117/><V94/><F104/><W51/><G70/><T7/><D122/><U95/><E75/><V55/><F39/><W54/><G0/><T22/><D64/><U41/><E33/><V72/><F72/><W126/><G120/><T128/><D22/><U81/><E132/><V99/><F134/><W13/><G135/><T30/><D30/><U27/><E65/><V37/><F37/><W1/><G1/><T92/><D106/><U12/><E81/><V68/><F28/><W67/><G36/><T52/><D124/><N who="3" m="47657" /><G31/><T74/><D128/><U91/><REACH who="1" step="1"/><E9/><REACH who="1" ten="250,240,250,250" step="2"/><V76/><F115/><W29/><G67/><T131/><D74/><U88/><E88/><N who="2" m="55751" /><F114/><W108/><G108/><N who="0" m="41579" /><D131/><U118/><E118/><V38/><F111/><W57/><G107/><T71/><D77/><U69/><E69/><V24/><F68/><W17/><G105/><T60/><D79/><U26/><E26/><V125/><F76/><W98/><G29/><T66/><D66/><U87/><E87/><V10/><F125/><W112/><G112/><T80/><D71/><U123/><E123/><V44/><F24/><W32/><G32/><T3/><D80/><U90/><E90/><V73/><F73/><W102/><G102/><T2/><D92/><U103/><E103/><V11/><F11/><N who="3" m="6335" /><G57/><T4/><D96/><AGARI ba="0,1" hai="5,8,12,19,21,27,41,47,49,89,91,95,96,100" machi="96" ten="40,8000,1" yaku="1,1,8,1,52,2,53,0" doraHai="84" doraHaiUra="113" who="1" fromWho="0" sc="250,-80,240,90,250,0,250,0" /><INIT seed="1,0,0,4,2,62" ten="170,330,250,250" oya="1" hai0="35,20,81,135,51,93,33,2,104,25,132,92,40" hai1="38,109,134,6,126,60,63,82,123,18,55,83,89" hai2="47,70,53,11,54,131,66,119,79,73,12,57,43" hai3="130,52,74,124,101,112,118,29,117,76,78,75,21"/><U10/><E123/><V107/><F119/><N who="3" m="45579" /><G112/><T7/><D104/><U39/><E134/><V67/><F107/><W77/><G130/><T36/><D36/><U28/><E28/><V99/><F70/><W88/><G101/><T90/><D81/><U127/><E18/><V27/><F131/><W103/><G103/><T42/><D7/><U106/><E106/><V64/><F99/><W86/><G124/><N who="1" m="47658" /><E109/><V94/><F94/><N who="3" m="54551" /><G52/><N who="2" m="20073" /><F73/><N who="3" m="27659" /><G21/><T50/><D20/><U95/><E82/><V44/><F79/><W32/><G29/><T41/><D90/><U58/><E83/><V14/><F57/><W59/><G32/><N who="0" m="12363" /><D25/><U108/><E108/><V87/><F27/><W30/><G30/><T114/><D114/><U37/><E89/><V31/><F31/><W24/><G24/><T45/><D45/><U4/><E95/><N who="0" m="36425" /><D2/><N who="1" m="279" /><E6/><V34/><F34/><W49/><G59/><T129/><D129/><U16/><E16/><V116/><F116/><W125/><G125/><T97/><D97/><U46/><E46/><V80/><F47/><W65/><G49/><AGARI ba="0,0" hai="40,41,42,49,50,51,132,135" m="36425,12363" machi="49" ten="40,2600,0" yaku="28,2" doraHai="62" who="0" fromWho="3" sc="170,26,330,0,250,0,250,-26" /><AGARI ba="0,0" hai="37,38,39,49,55,58,60,63" m="279,47658" machi="49" ten="40,2000,0" yaku="18,1" doraHai="62" who="1" fromWho="3" sc="196,0,330,20,250,0,224,-20" /><INIT seed="1,1,0,3,0,28" ten="196,350,250,204" oya="1" hai0="80,22,40,37,30,86,65,59,105,27,4,14,92" hai1="85,43,8,118,88,17,3,125,83,20,46,34,107" hai2="106,54,13,82,21,68,62,93,102,133,9,79,16" hai3="121,15,26,50,1,109,60,35,44,69,96,77,18"/><U122/><E118/><V131/><F106/><W112/><G121/><T99/><D105/><U24/><E122/><V6/><F131/><W129/><G112/><T29/><D37/><U91/><E125/><V36/><F36/><W11/><G109/><T67/><D40/><U31/><E107/><V103/><F133/><W39/><G129/><T72/><D72/><U78/><E3/><V58/><F93/><W84/><G39/><T119/><D119/><U47/><E8/><V104/><F68/><W41/><G1/><T97/><D29/><U90/><REACH who="1" step="1"/><E43/><REACH who="1" ten="196,340,250,204" step="2"/><V19/><F104/><W48/><G11/><T66/><D4/><U73/><E73/><V81/><F6/><W94/><G41/><T74/><D74/><U117/><E117/><V45/><F9/><W71/><G71/><T75/><D75/><U51/><E51/><V101/><F62/><W135/><G50/><T113/><D113/><U53/><E53/><V108/><F54/><W42/><G60/><T98/><D65/><U55/><E55/><V134/><F134/><W114/><G69/><T64/><D66/><U89/><N who="1" m="22528" /><DORA hai="123" /><U23/><E23/><V0/><F21/><N who="3" m="11487" /><G135/><T127/><D64/><U57/><E57/><V115/><F58/><W49/><G114/><T12/><D127/><U87/><E87/><V38/><F0/><W52/><G52/><T25/><D67/><U111/><E111/><V10/><F108/><W32/><G49/><T95/><D59/><U33/><E33/><N who="3" m="12874" /><G84/><T130/><D130/><U124/><E124/><V5/><F115/><W126/><G126/><T63/><D86/><RYUUKYOKU ba="1,1" sc="196,-10,340,30,250,-10,204,-10" hai1="17,20,24,31,34,46,47,78,83,85" /><INIT seed="1,2,1,0,1,60" ten="186,370,240,194" oya="1" hai0="51,6,59,111,12,135,107,122,74,41,55,115,117" hai1="42,46,17,84,118,4,50,22,40,38,35,80,79" hai2="105,57,81,10,43,99,85,14,71,3,97,89,87" hai3="116,9,13,39,48,106,134,2,73,108,53,92,58"/><U19/><E118/><V119/><F71/><W20/><G106/><T90/><D117/><U37/><E35/><V125/><F119/><W61/><G116/><T64/><D115/><U66/><E4/><V109/><F3/><W23/><G39/><T132/><D74/><U131/><E131/><V96/><F109/><W0/><G73/><T114/><D114/><U110/><E110/><V91/><F125/><W29/><G108/><T75/><D111/><U33/><E33/><V44/><F57/><W129/><G129/><T8/><D75/><U72/><E72/><V127/><F127/><W63/><G134/><T98/><D122/><U18/><E66/><V32/><F32/><W34/><G34/><T86/><D41/><U70/><E70/><V76/><F105/><W21/><G29/><T113/><D113/><U82/><E82/><V24/><F24/><W68/><G92/><T124/><D124/><U126/><E126/><V25/><F25/><W100/><G100/><T77/><D77/><U1/><E1/><V130/><F87/><W28/><G28/><T16/><D6/><U26/><REACH who="1" step="1"/><E42/><REACH who="1" ten="186,360,240,194" step="2"/><V88/><F130/><W103/><G68/><T45/><D135/><U54/><E54/><V52/><F52/><W78/><G0/><T102/><D132/><U133/><E133/><V69/><F69/><W67/><G2/><T30/><D64/><U36/><AGARI ba="2,2" hai="17,18,19,22,26,36,37,38,40,46,50,79,80,84" machi="36" ten="30,3000,0" yaku="1,1,0,1,53,0" doraHai="60" doraHaiUra="27" who="1" fromWho="1" sc="186,-12,360,56,240,-12,194,-12" /><INIT seed="1,3,0,2,2,44" ten="174,416,228,182" oya="1" hai0="88,93,101,119,12,71,100,109,47,19,123,52,82" hai1="40,30,22,59,25,122,55,11,15,46,85,127,9" hai2="51,7,17,62,89,42,63,14,84,117,132,83,6" hai3="80,37,116,48,16,56,66,133,104,2,35,23,38"/><U26/><E122/><V28/><F28/><W5/><G104/><T76/><D119/><U41/><E127/><V72/><F72/><W43/><G35/><T120/><D109/><U24/><E85/><V135/><F117/><W110/><G116/><T8/><D71/><U70/><E70/><V50/><F42/><N who="1" m="16489" /><E46/><V79/><F79/><W86/><G133/><N who="2" m="51273" /><F62/><W4/><G110/><T112/><D112/><U39/><E39/><V94/><F63/><N who="3" m="38247" /><G2/><T13/><D13/><U128/><E128/><V78/><F6/><W75/><G38/><T10/><D10/><N who="1" m="3595" /><E15/><V1/><F7/><W114/><G37/><T105/><D105/><U115/><E115/><V73/><F1/><W20/><G75/><T77/><D123/><U53/><E53/><V102/><F102/><N who="0" m="39530" /><D120/><U21/><E30/><V60/><F60/><AGARI ba="3,0" hai="21,22,24,25,26,55,59,60" m="3595,16489" machi="60" ten="30,1500,0" yaku="8,1" doraHai="44" who="1" fromWho="2" sc="174,0,416,24,228,-24,182,0" /><INIT seed="1,4,0,3,4,55" ten="174,440,204,182" oya="1" hai0="97,23,59,14,122,100,49,108,10,68,119,37,31" hai1="66,131,123,36,115,78,87,6,70,32,3,48,120" hai2="18,65,135,129,40,106,24,109,29,44,99,126,67" hai3="57,35,19,27,54,84,5,69,101,116,2,11,63"/><U104/><E36/><V113/><F109/><W134/><G134/><T39/><D68/><U71/><E32/><V38/><F135/><W12/><G116/><T95/><D119/><U20/><E104/><V79/><F129/><W62/><G101/><T74/><D74/><U47/><E3/><V25/><F126/><W52/><G84/><T112/><D112/><U83/><E6/><V17/><F79/><W105/><G105/><T77/><D77/><U91/><E115/><V64/><F113/><W107/><G107/><T130/><D130/><U89/><E131/><V133/><F133/><W33/><G27/><T9/><D108/><U124/><E124/><V82/><F82/><W21/><REACH who="3" step="1"/><G54/><REACH who="3" ten="174,440,204,172" step="2"/><N who="0" m="32207" /><D122/><U96/><E120/><V45/><F25/><W98/><G98/><T128/><D128/><U50/><E96/><V88/><F106/><W76/><G76/><T93/><D97/><U118/><E87/><V34/><REACH who="2" step="1"/><F45/><REACH who="2" ten="174,440,194,172" step="2"/><W81/><G81/><T110/><D110/><U22/><E83/><V46/><F46/><W28/><G28/><T85/><D31/><U53/><E78/><V114/><F114/><W13/><G13/><T60/><D14/><U0/><E47/><V8/><F8/><W7/><G7/><T61/><D9/><U90/><E118/><V41/><F41/><W132/><G132/><T51/><D10/><U42/><E123/><V121/><F121/><W72/><G72/><T26/><D26/><U111/><E42/><V4/><F4/><W125/><G125/><T58/><D95/><AGARI ba="4,2" hai="17,18,24,29,34,38,40,44,64,65,67,88,95,99" machi="95" ten="40,2600,0" yaku="1,1,54,1,53,0" doraHai="55" doraHaiUra="1" who="2" fromWho="0" sc="174,-38,440,0,194,58,172,0" /><INIT seed="2,0,0,3,0,120" ten="136,440,252,172" oya="2" hai0="17,2,105,7,109,88,83,74,15,34,94,20,14" hai1="77,84,93,108,127,115,116,100,62,119,87,29,79" hai2="126,5,27,26,63,86,37,46,123,106,69,133,35" hai3="42,11,65,19,101,110,107,25,18,39,67,28,90"/><V103/><F123/><W75/><G75/><T70/><D70/><U31/><E62/><V47/><F126/><W129/><G107/><T97/><D34/><U118/><E115/><V32/><F133/><W114/><G101/><T104/><D2/><U113/><E113/><V72/><F72/><W22/><G114/><T102/><D109/><U117/><E119/><V131/><F131/><W112/><G129/><T43/><D43/><U44/><E44/><V91/><F5/><W45/><G112/><T58/><D58/><U3/><E108/><V6/><F6/><W81/><G110/><T48/><D48/><U132/><E3/><V56/><F69/><W12/><G81/><T59/><D59/><U121/><E121/><V111/><F111/><W30/><REACH who="3" step="1"/><G90/><REACH who="3" ten="136,440,252,162" step="2"/><T134/><D134/><U8/><E100/><V60/><F103/><W0/><G0/><T36/><D102/><U82/><E132/><V71/><F106/><W33/><G33/><T61/><D105/><U92/><E82/><V4/><F35/><W40/><G40/><T98/><D104/><U51/><E118/><V1/><F32/><W99/><G99/><T53/><D98/><U13/><E117/><V38/><F91/><W66/><AGARI ba="0,1" hai="11,12,18,19,22,25,28,30,39,42,45,65,66,67" machi="66" ten="30,2000,0" yaku="1,1,0,1,53,0" doraHai="120" doraHaiUra="89" who="3" fromWho="3" sc="136,-5,440,-5,252,-10,162,30" /><INIT seed="3,0,0,5,1,58" ten="131,435,242,192" oya="3" hai0="46,19,80,50,0,3,84,54,26,121,15,105,23" hai1="61,90,73,51,11,21,96,97,107,41,79,66,48" hai2="17,5,34,44,120,43,14,39,87,111,6,31,45" hai3="91,71,127,74,47,30,115,4,93,103,94,70,24"/><W92/><G115/><T131/><D121/><U27/><E79/><V33/><F120/><W28/><G74/><T135/><D105/><U20/><E73/><V106/><F106/><W2/><G103/><T119/><D119/><U60/><E11/><V29/><F111/><W62/><G91/><T36/><D135/><U55/><E107/><V76/><F33/><W67/><G127/><T109/><D109/><U25/><E55/><V77/><F34/><W16/><G71/><T104/><D104/><U116/><E90/><V81/><F76/><W38/><G4/><N who="2" m="1641" /><F39/><W125/><G2/><T10/><D36/><U110/><E66/><V13/><F13/><W100/><G100/><T99/><D99/><U95/><E41/><V37/><F37/><W8/><G125/><T53/><D53/><U72/><E95/><V117/><F117/><W134/><G134/><T86/><D131/><U129/><E72/><V63/><F63/><W32/><G28/><N who="2" m="10825" /><F43/><W124/><G124/><T123/><D86/><U89/><E89/><V56/><F56/><W35/><G32/><T132/><D123/><U7/><E7/><V57/><F57/><W102/><G102/><T78/><REACH who="0" step="1"/><D132/><REACH who="0" ten="121,435,242,192" step="2"/><U68/><E110/><V22/><AGARI ba="0,1" hai="14,17,22,44,45,77,81,87" m="10825,1641" machi="22" ten="30,1100,0" yaku="8,1" doraHai="58" who="2" fromWho="2" sc="121,-3,435,-3,242,21,192,-5" owari="118,-38.2,432,53.2,263,6.3,187,-21.3" /></mjloggm>