<mjloggm ver="2.3"><GO type="225" lobby="0"/><UN n0="%72%69%6F%75%63%68%61%6E" n1="%E5%82%8D%E8%8B%A5%E7%84%A1%E4%BA%BA%35%31" n2="%4B%2E%32%2E%4B%2E" n3="%6C%61%6D%62" dan="16,16,17,16" rate="2184.16,2146.59,2187.35,2226.16" sx="M,M,M,M"/><TAIKYOKU oya="0"/><INIT seed="0,0,0,3,2,93" ten="250,250,250,250" oya="0" hai0="36,92,117,47,100,88,97,98,69,25,82,76,2" hai1="6,72,133,102,52,11,111,57,39,63,44,74,81" hai2="79,9,85,89,116,64,14,38,12,129,73,48,41" hai3="113,83,77,21,35,34,107,65,68,121,45,101,50"/><T7/><D117/><U123/><E111/><V66/><F38/><W29/><G113/><T28/><D69/><U13/><E133/><V15/><F116/><W126/><G126/><T19/><D19/><U58/><E123/><V90/><F129/><W54/><G121/><T84/><D2/><U75/><E102/><V67/><F73/><W42/><G21/><T108/><D108/><U103/><E103/><V31/><F31/><W91/><G91/><N who="2" m="34825" /><F48/><W53/><G65/><N who="2" m="16641" /><V96/><DORA hai="99" /><F41/><W61/><G68/><T119/><D119/><U125/><E125/><V86/><F79/><W115/><G115/><T95/><D7/><U30/><E30/><V37/><F37/><W109/><G109/><T59/><D59/><U40/><REACH who="1" step="1"/><E57/><REACH who="1" ten="250,240,250,250" step="2"/><V135/><F135/><W27/><G29/><T4/><D4/><U70/><E70/><V71/><F71/><W51/><G101/><T110/><D110/><U8/><E8/><V20/><F9/><W87/><G107/><T120/><D120/><U26/><E26/><V3/><F3/><W56/><G27/><T17/><D17/><U127/><E127/><V124/><F124/><W118/><G118/><T112/><D112/><U5/><E5/><V24/><F24/><W32/><G32/><T49/><D25/><U114/><E114/><V122/><F122/><W132/><G132/><T94/><D28/><U18/><E18/><V104/><F20/><W130/><G130/><T106/><REACH who="0" step="1"/><D36/><REACH who="0" ten="240,240,250,250" step="2"/><U105/><E105/><V131/><F131/><W10/><G10/><T128/><D128/><U78/><AGARI ba="0,2" hai="6,11,13,39,40,44,52,58,63,72,74,75,78,81" machi="78" ten="30,4000,0" yaku="1,1,0,1,54,1,53,0" doraHai="93,99" doraHaiUra="60,22" who="1" fromWho="1" sc="240,-20,240,60,250,-10,250,-10" /><INIT seed="1,0,0,3,3,79" ten="220,300,240,240" oya="1" hai0="114,43,64,75,126,83,86,44,91,57,56,62,112" hai1="82,29,46,7,89,36,113,108,60,41,38,18,11" hai2="117,69,87,19,5,0,22,103,123,81,96,20,111" hai3="59,37,27,61,119,99,10,97,6,93,28,118,85"/><U14/><E113/><V135/><F117/><N who="3" m="44555" /><G37/><T133/><D126/><U115/><E115/><V40/><F123/><W132/><G132/><T70/><D133/><U94/><E108/><V134/><F69/><W128/><G128/><T50/><D57/><U131/><E131/><V17/><F111/><W78/><G78/><T72/><D75/><U49/><E29/><V95/><F40/><W120/><G85/><T121/><D121/><U71/><E82/><V4/><F0/><N who="3" m="327" /><G93/><T107/><D107/><U77/><E77/><N who="2" m="46511" /><F135/><W129/><G120/><T68/><D68/><U98/><E71/><V47/><F47/><W24/><G129/><T35/><D72/><U33/><E33/><V13/><F134/><W73/><G73/><T1/><D35/><U16/><REACH who="1" step="1"/><E60/><REACH who="1" ten="220,290,240,240" step="2"/><V39/><F39/><AGARI ba="0,1" hai="7,11,14,16,18,36,38,39,41,46,49,89,94,98" machi="39" ten="40,7700,0" yaku="1,1,2,1,54,1,53,0" doraHai="79" doraHaiUra="54" who="1" fromWho="2" sc="220,0,290,87,240,-77,240,0" /><INIT seed="1,1,0,3,4,71" ten="220,377,163,240" oya="1" hai0="69,1,91,8,4,96,77,22,36,10,59,92,81" hai1="117,74,15,20,46,27,93,133,50,127,14,51,31" hai2="49,41,54,120,115,98,43,16,2,18,82,119,106" hai3="75,108,111,100,0,9,103,25,42,66,76,73,130"/><U35/><E133/><V45/><F119/><W65/><G25/><T135/><D69/><U38/><E127/><V79/><F120/><W86/><G86/><T48/><D135/><U123/><E74/><N who="3" m="28170" /><G76/><T67/><D36/><U30/><E117/><V125/><F125/><W29/><G29/><T44/><D10/><U122/><E38/><V26/><F115/><W134/><G134/><T109/><D109/><N who="3" m="42057" /><G42/><T72/><D22/><U107/><E107/><V95/><F106/><W12/><G0/><T89/><D67/><N who="3" m="25609" /><G130/><T116/><D116/><U87/><E87/><N who="2" m="48607" /><F2/><W128/><G128/><T68/><D68/><U33/><E27/><V124/><F124/><W13/><G9/><T11/><D8/><U126/><E126/><V97/><F97/><W114/><G114/><T47/><REACH who="0" step="1"/><D89/><REACH who="0" ten="210,377,163,240" step="2"/><U94/><E20/><N who="2" m="13575" /><F18/><W80/><G80/><T129/><D129/><U32/><E32/><V21/><F21/><W70/><G70/><T55/><AGARI ba="1,1" hai="1,4,11,44,47,48,55,59,72,77,81,91,92,96" machi="55" ten="30,2000,0" yaku="1,1,0,1,53,0" doraHai="71" doraHaiUra="62" who="0" fromWho="0" sc="210,33,377,-11,163,-6,240,-6" /><INIT seed="2,0,0,4,4,45" ten="243,366,157,234" oya="2" hai0="33,125,127,22,92,89,37,81,90,54,11,9,21" hai1="64,70,83,116,121,50,16,1,6,117,130,59,26" hai2="113,57,72,32,67,76,38,96,80,108,46,104,34" hai3="13,105,100,71,133,14,114,131,68,35,24,19,40"/><V94/><F113/><W51/><G114/><T74/><D33/><U77/><E130/><V41/><F108/><W12/><G131/><T98/><D37/><U63/><E121/><V126/><F126/><N who="0" m="48138" /><D54/><U36/><E36/><V60/><REACH who="2" step="1"/><F104/><REACH who="2" ten="243,366,147,234" step="2"/><W99/><G133/><T62/><D62/><U48/><E116/><V66/><F66/><W15/><G35/><T132/><D132/><U25/><E117/><V8/><F8/><N who="0" m="3146" /><D89/><AGARI ba="0,1" hai="32,34,38,41,46,57,60,67,72,76,80,89,94,96" machi="89" ten="30,5800,0" yaku="1,1,7,1,53,1" doraHai="45" doraHaiUra="55" who="2" fromWho="0" sc="243,-58,366,0,147,68,234,0" /><INIT seed="2,1,0,0,0,118" ten="185,366,215,234" oya="2" hai0="117,132,70,102,89,28,48,134,93,3,72,106,4" hai1="133,20,64,88,100,8,109,67,59,116,49,17,50" hai2="10,86,112,114,35,53,63,39,47,94,13,69,123" hai3="31,61,57,36,16,99,11,77,124,79,113,71,44"/><V34/><F123/><W43/><G71/><T122/><D117/><U97/><E109/><V56/><F69/><W42/><G124/><T14/><D70/><U2/><E133/><N who="0" m="51305" /><D3/><U104/><E88/><V18/><F94/><W119/><G119/><T66/><D72/><U29/><E29/><V95/><F95/><W130/><G130/><T90/><D106/><U98/><E98/><V115/><REACH who="2" step="1"/><F86/><REACH who="2" ten="185,366,205,234" step="2"/><W62/><G99/><N who="0" m="59759" /><D122/><U82/><E116/><V74/><F74/><W55/><G113/><T131/><D131/><U32/><E97/><V121/><F121/><W96/><G96/><T60/><D28/><U6/><E100/><V52/><F52/><W92/><G31/><T22/><D48/><U91/><E50/><V128/><F128/><W21/><G92/><T46/><D46/><U83/><E49/><V108/><F108/><W81/><G44/><T78/><D60/><U7/><E83/><V23/><F23/><W127/><G81/><T37/><D66/><U107/><E67/><V76/><F76/><W5/><G61/><T111/><D78/><U12/><E64/><V9/><F9/><W135/><G77/><T101/><D101/><U65/><E65/><V19/><F19/><W84/><G79/><T105/><D111/><U129/><E129/><V110/><F110/><W80/><G84/><T51/><D22/><U33/><E82/><V125/><F125/><W27/><G135/><T0/><D90/><U41/><E91/><V26/><F26/><W38/><G127/><T30/><D89/><U25/><E20/><V45/><F45/><W54/><G27/><RYUUKYOKU ba="1,1" sc="185,-10,366,-10,205,30,234,-10" hai2="10,13,18,34,35,39,47,53,56,63,112,114,115" /><INIT seed="2,2,1,4,4,53" ten="175,356,235,224" oya="2" hai0="45,104,20,19,39,44,50,91,29,36,66,135,59" hai1="61,100,4,18,38,49,126,57,73,3,107,130,102" hai2="8,6,37,134,60,103,74,121,71,1,69,124,112" hai3="67,34,98,55,85,48,110,11,25,129,56,5,52"/><V65/><F112/><W119/><G119/><T78/><D104/><U51/><E38/><V70/><F121/><W117/><G117/><T123/><D123/><U16/><E73/><V101/><F134/><W115/><G115/><T79/><D135/><U92/><E130/><V33/><F124/><W88/><G110/><T132/><D132/><U84/><E3/><V108/><F108/><W35/><G129/><T47/><D29/><U90/><E4/><V77/><F33/><W87/><G67/><T80/><D91/><U99/><E126/><V64/><F37/><W32/><G25/><T89/><D36/><U133/><E102/><V114/><F114/><W41/><G41/><T40/><D89/><U17/><REACH who="1" step="1"/><E133/><REACH who="1" ten="175,346,235,224" step="2"/><V106/><F101/><W7/><G7/><T81/><D39/><U113/><E113/><V42/><F1/><W127/><G127/><T68/><D68/><U118/><E118/><V23/><F71/><W111/><G111/><T76/><D40/><U72/><E72/><V14/><F42/><W10/><G5/><T58/><D50/><U82/><E82/><N who="0" m="31849" /><D66/><AGARI ba="2,2" hai="16,17,18,49,51,57,61,66,84,90,92,99,100,107" machi="66" ten="40,12000,2" yaku="1,1,52,1,54,1,53,3" doraHai="53" doraHaiUra="15" who="1" fromWho="0" sc="175,-126,346,146,235,0,224,0" /><INIT seed="3,0,0,4,1,85" ten="49,492,235,224" oya="3" hai0="39,109,58,57,89,93,65,66,62,87,117,4,60" hai1="84,77,125,33,37,6,99,74,78,14,108,21,30" hai2="90,115,18,135,114,42,50,36,52,121,76,3,97" hai3="13,56,9,34,100,91,38,132,35,116,10,44,29"/><W80/><G116/><T68/><D109/><U26/><E108/><V72/><F3/><W104/><G104/><T59/><D117/><U12/><E125/><V69/><F69/><W96/><G132/><T55/><D39/><U48/><E74/><V40/><F135/><W130/><G130/><T122/><D122/><U73/><E73/><V24/><F121/><W49/><G38/><T123/><D123/><U106/><E37/><V1/><F1/><W54/><G29/><T27/><D68/><U67/><E67/><V23/><F76/><W31/><G31/><T2/><D2/><U8/><E48/><V28/><F72/><W83/><G9/><T71/><D71/><U43/><E43/><N who="2" m="16427" /><F114/><W118/><G118/><T32/><D32/><U124/><E99/><V61/><F115/><W133/><G133/><T113/><D113/><U98/><E98/><V120/><F120/><W107/><G56/><T20/><D4/><U95/><E124/><V11/><F61/><W111/><G111/><T92/><D92/><U53/><E53/><V112/><F112/><W94/><G107/><T7/><D7/><U102/><E102/><V75/><F75/><W105/><G105/><T0/><D0/><U134/><E134/><V15/><F36/><W129/><G129/><T128/><D128/><U51/><E51/><V64/><F64/><W88/><G80/><T119/><D119/><U82/><E106/><V63/><F63/><W81/><G81/><T25/><REACH who="0" step="1"/><D20/><REACH who="0" ten="39,492,235,224" step="2"/><N who="1" m="15687" /><E95/><N who="2" m="56567" /><F50/><AGARI ba="0,1" hai="25,27,50,55,57,58,59,60,62,65,66,87,89,93" machi="50" ten="30,8000,1" yaku="1,1,7,1,9,1,8,1,52,1,53,0" doraHai="85" doraHaiUra="126" who="0" fromWho="2" sc="39,90,492,0,235,-80,224,0" owari="129,-37.1,492,59.2,155,-24.5,224,2.4" /></mjloggm>