<mjloggm ver="2.3"><GO type="225" lobby="0"/><UN n0="%E3%83%A9%E3%82%B9%E7%8E%87%EF%BC%93%E5%89%B2" n1="%E3%81%BF%E3%81%BF%E3%81%9A" n2="%4B%2E%32%2E%4B%2E" n3="%68%75%69%68%75%69" dan="16,18,17,16" rate="2194.66,2236.97,2179.69,2093.27" sx="F,M,M,M"/><TAIKYOKU oya="0"/><INIT seed="0,0,0,4,2,119" ten="250,250,250,250" oya="0" hai0="22,5,102,54,25,19,29,120,66,106,21,90,34" hai1="113,1,65,91,45,99,123,59,81,30,87,50,73" hai2="124,111,70,75,84,131,6,31,112,98,12,127,93" hai3="85,60,67,57,100,101,11,97,28,10,125,80,76"/><T0/><D66/><U132/><E1/><V115/><F75/><W32/><G125/><N who="2" m="48201" /><F70/><W2/><G101/><T114/><D102/><U129/><E123/><V89/><F31/><W82/><G2/><T17/><D106/><U4/><E132/><V110/><F6/><W49/><G32/><T69/><D69/><U86/><E73/><V18/><F131/><W13/><G28/><T95/><D114/><N who="2" m="43562" /><F12/><W26/><G26/><T40/><D40/><U63/><E4/><V61/><F61/><W51/><G80/><T37/><D5/><U15/><E129/><V33/><F18/><W71/><G71/><T35/><D0/><U135/><E30/><V9/><F9/><W3/><G10/><T77/><D29/><U130/><E15/><V52/><F52/><W47/><G3/><T58/><D35/><U126/><E126/><V46/><F46/><W107/><G47/><T7/><D34/><U41/><E130/><V103/><F33/><W14/><G14/><N who="0" m="9399" /><D7/><AGARI ba="0,0" hai="7,11,13,49,51,57,60,67,76,82,85,97,100,107" machi="7" ten="30,1000,0" yaku="7,1" doraHai="119" who="3" fromWho="0" sc="250,-10,250,0,250,0,250,10" /><INIT seed="1,0,0,5,2,100" ten="240,250,250,260" oya="1" hai0="106,127,44,110,27,86,57,61,94,3,115,72,21" hai1="18,91,101,50,83,97,43,36,112,73,12,123,48" hai2="49,56,41,109,84,108,11,32,113,75,39,122,95" hai3="66,16,116,93,52,15,103,38,71,92,51,4,78"/><U31/><E112/><V45/><F122/><W89/><G38/><T99/><D72/><U33/><E123/><V70/><F75/><W55/><G78/><T117/><D3/><U5/><E5/><V34/><F113/><W119/><G4/><T42/><D117/><N who="3" m="45129" /><G71/><T82/><D110/><N who="2" m="42602" /><F70/><W62/><G103/><T25/><D127/><U104/><E36/><V30/><F30/><W10/><G66/><T125/><D125/><U118/><E118/><V63/><F11/><W129/><G129/><T85/><D85/><U87/><E43/><V53/><F39/><W9/><G9/><T96/><D96/><U58/><E58/><V88/><AGARI ba="0,0" hai="32,34,41,45,49,53,56,63,84,88,95" m="42602" machi="88" ten="30,2000,0" yaku="14,1,54,1" doraHai="100" who="2" fromWho="2" sc="240,-5,250,-10,250,20,260,-5" /><INIT seed="2,0,0,4,5,86" ten="235,240,270,255" oya="2" hai0="29,135,36,10,116,63,105,12,72,106,100,84,102" hai1="68,69,85,125,49,40,54,92,4,35,78,32,90" hai2="81,98,34,127,31,110,115,60,48,16,11,114,47" hai3="38,39,42,2,75,77,3,120,25,19,87,27,13"/><V113/><F127/><W58/><G75/><T66/><D72/><U95/><E125/><V46/><F110/><W33/><G120/><T108/><D36/><U65/><E40/><V61/><F81/><W128/><G38/><T121/><D121/><U45/><E78/><V109/><F109/><W1/><G128/><T41/><D41/><U93/><E4/><V80/><F98/><W43/><G58/><T83/><D135/><U57/><E57/><V24/><F46/><W67/><G67/><T50/><D50/><U17/><E17/><V55/><REACH who="2" step="1"/><F80/><REACH who="2" ten="235,240,260,255" step="2"/><W70/><G39/><T99/><D108/><U74/><E74/><V97/><F97/><W51/><G42/><T52/><D99/><U6/><E6/><V130/><F130/><W124/><G43/><T15/><D83/><U30/><E93/><V21/><F21/><W131/><G124/><T53/><D106/><U129/><E129/><V8/><F8/><W111/><G111/><T101/><D105/><U28/><E95/><V22/><F22/><W59/><G131/><T112/><D10/><U18/><E35/><V64/><F64/><W62/><G33/><T134/><D66/><U103/><E32/><V14/><AGARI ba="0,1" hai="11,14,16,24,31,34,47,48,55,60,61,113,114,115" machi="14" ten="40,12000,1" yaku="1,1,0,1,54,1,53,1" doraHai="86" doraHaiUra="9" who="2" fromWho="2" sc="235,-40,240,-40,260,130,255,-40" /><INIT seed="2,1,0,2,4,74" ten="195,200,390,215" oya="2" hai0="102,29,19,135,46,87,129,120,1,20,39,80,124" hai1="26,76,68,108,98,69,41,130,116,4,43,47,33" hai2="7,34,63,134,125,103,109,92,60,70,54,99,59" hai3="24,50,106,113,133,17,61,72,0,11,105,65,77"/><V104/><F34/><W95/><G50/><T67/><D120/><U56/><E108/><V37/><F37/><W55/><G55/><T121/><D121/><U28/><E130/><V3/><F125/><W30/><G95/><T119/><D135/><U15/><E116/><V126/><F126/><W52/><G52/><T58/><D129/><U21/><E56/><V85/><F134/><W38/><G38/><T101/><D1/><U18/><E98/><V6/><F3/><W86/><G86/><T22/><D119/><U112/><E112/><V111/><F85/><W107/><G107/><T132/><BYE who="3" /><D132/><U100/><E100/><UN n3="%68%75%69%68%75%69" /><V89/><F89/><W123/><G113/><T97/><D124/><U71/><E76/><V12/><F104/><W64/><G105/><T82/><D82/><U36/><E43/><V93/><F93/><W78/><G106/><T83/><D83/><U131/><E131/><V118/><F118/><W23/><G123/><T49/><D97/><U45/><E47/><V91/><F103/><W75/><G75/><T122/><D122/><U40/><E40/><V90/><F90/><W16/><G72/><T114/><D114/><U79/><E79/><N who="3" m="30218" /><G0/><T8/><D102/><U14/><E69/><V57/><F70/><W27/><G133/><T94/><D101/><U88/><E88/><V84/><F84/><W73/><G73/><T96/><D96/><U5/><E5/><V81/><F99/><W9/><G64/><T10/><D67/><U13/><E4/><V117/><F117/><W31/><G65/><T127/><D87/><U110/><E110/><RYUUKYOKU ba="1,0" sc="195,-10,200,30,390,-10,215,-10" hai1="13,14,15,18,21,26,28,33,36,41,45,68,71" /><INIT seed="3,2,0,4,0,35" ten="185,230,380,205" oya="3" hai0="74,63,130,85,73,20,115,135,52,122,40,11,61" hai1="15,124,83,43,78,48,55,49,4,38,110,28,22" hai2="81,65,30,82,27,112,91,76,37,8,123,96,21" hai3="47,13,131,69,128,36,41,46,108,105,71,89,32"/><W99/><G32/><T18/><D122/><U23/><E110/><V45/><F65/><W10/><G108/><T16/><D130/><N who="3" m="49705" /><G46/><T50/><D135/><U104/><E104/><V31/><F45/><W59/><G59/><N who="0" m="33175" /><D74/><U24/><E124/><V109/><F112/><W26/><G26/><N who="0" m="14599" /><D73/><U90/><E38/><V111/><F37/><W100/><G89/><T5/><D5/><AGARI ba="2,0" hai="5,10,13,36,41,47,69,71,99,100,105" m="49705" machi="5" ten="30,1500,0" yaku="19,1" doraHai="35" who="3" fromWho="0" sc="185,-21,230,0,380,0,205,21" /><INIT seed="3,3,0,2,1,104" ten="164,230,380,226" oya="3" hai0="51,45,100,107,117,22,114,8,126,83,116,90,15" hai1="38,48,63,58,50,46,123,99,49,17,60,47,129" hai2="73,106,44,103,65,77,135,42,110,134,25,95,80" hai3="125,122,54,31,13,66,94,19,30,53,21,133,87"/><W57/><G122/><T43/><D126/><U120/><E17/><V59/><F106/><W92/><G125/><T36/><D114/><U81/><E99/><V5/><F110/><W127/><G127/><T14/><D107/><U16/><E81/><V130/><F130/><W89/><G133/><T41/><D36/><U124/><E124/><V4/><F25/><W79/><G79/><T128/><D128/><U6/><E6/><V52/><F65/><W56/><G94/><T113/><D113/><U37/><E16/><V27/><F27/><W39/><G66/><T35/><D35/><U3/><E3/><V72/><F72/><W68/><G68/><T23/><D100/><U55/><E129/><V132/><F95/><W111/><G111/><T84/><D117/><U34/><E34/><V102/><F102/><W7/><G7/><T88/><D116/><U75/><E75/><V96/><F96/><W12/><G12/><T121/><D121/><N who="1" m="46667" /><E63/><N who="2" m="36327" /><F103/><W26/><G26/><T131/><D131/><U28/><E28/><V91/><F91/><W32/><G32/><T101/><D101/><U86/><E86/><V18/><F18/><W62/><G39/><AGARI ba="3,0" hai="37,38,39,46,47,48,49,50,55,58,60" m="46667" machi="39" ten="40,2600,0" yaku="34,2" doraHai="104" who="1" fromWho="3" sc="164,0,230,35,380,0,226,-35" /><AGARI ba="3,0" hai="4,5,39,42,44,73,77,80,132,134,135" m="36327" machi="39" ten="30,3900,0" yaku="20,1,52,1,54,1" doraHai="104" who="2" fromWho="3" sc="164,0,265,0,380,39,191,-39" owari="164,-23.6,265,6.5,419,51.9,152,-34.8" /></mjloggm>