<mjloggm ver="2.3"><GO type="225" lobby="0"/><UN n0="%E9%A6%AC%E5%BC%95%E7%81%AB%33" n1="%E6%98%93%E5%88%A9%E8%96%A9%E4%BC%AF" n2="%E6%A0%B9%E5%85%83%E3%81%8B%E3%82%89%E5%90%B9%E3%81%A3%E9%A3%9B%E3%81%B6" n3="%E6%A1%9C%E6%B2%A2%E5%A2%A8" dan="16,17,16,17" rate="2092.69,2110.10,2133.81,2139.68" sx="M,F,F,F"/><TAIKYOKU oya="0"/><INIT seed="0,0,0,4,3,104" ten="250,250,250,250" oya="0" hai0="6,19,89,109,20,11,4,93,25,132,85,122,111" hai1="47,101,55,24,15,82,34,118,0,64,131,103,86" hai2="112,37,128,22,54,18,70,60,12,66,74,63,41" hai3="75,48,81,91,94,78,58,96,27,106,134,130,13"/><T121/><D132/><U53/><E0/><V8/><F112/><W84/><G134/><T114/><D114/><U23/><E131/><V39/><F128/><W116/><G130/><T79/><D79/><U32/><E64/><V65/><F54/><W107/><G116/><T52/><D52/><U5/><E34/><V29/><F41/><W10/><G27/><T125/><D125/><U14/><E32/><V31/><F74/><W45/><G58/><T17/><D17/><U110/><E55/><V124/><F124/><W83/><G48/><T80/><D80/><U36/><E110/><N who="0" m="41993" /><D4/><U56/><E5/><V120/><F39/><W88/><REACH who="3" step="1"/><G45/><REACH who="3" ten="250,250,250,240" step="2"/><T46/><D46/><U100/><E56/><V97/><F37/><W28/><G28/><T135/><D135/><U72/><E36/><V99/><F31/><W3/><G3/><AGARI ba="0,1" hai="3,6,11,19,20,25,85,89,93,121,122" m="41993" machi="3" ten="30,2900,0" yaku="14,1,10,1" doraHai="104" who="0" fromWho="3" sc="250,39,250,0,250,0,240,-29" /><INIT seed="0,1,0,4,4,5" ten="289,250,250,211" oya="0" hai0="126,116,67,82,34,79,53,61,52,96,62,106,59" hai1="30,1,112,123,51,8,77,133,109,105,87,71,124" hai2="9,81,7,130,10,108,38,76,86,15,18,44,23" hai3="135,57,113,121,27,32,50,63,110,3,117,16,103"/><T29/><D116/><U74/><RYUUKYOKU type="yao9" ba="1,0" sc="289,0,250,0,250,0,211,0" hai1="1,8,30,51,71,74,77,87,105,109,112,123,124,133" /><INIT seed="0,2,0,2,2,52" ten="289,250,250,211" oya="0" hai0="127,9,92,105,29,73,128,39,101,59,72,89,118" hai1="130,46,43,95,123,10,25,18,4,65,32,100,98" hai2="42,86,81,125,63,24,35,58,40,53,21,110,62" hai3="120,11,38,117,104,132,135,28,12,34,60,61,31"/><T41/><D118/><U133/><E130/><V74/><F110/><W84/><G104/><T70/><D70/><U5/><E133/><N who="3" m="51274" /><G38/><T106/><D128/><U50/><E123/><V126/><F74/><W107/><G107/><T93/><D29/><N who="3" m="11337" /><G117/><T112/><D112/><U8/><E32/><V54/><F35/><W75/><G75/><T79/><D9/><N who="1" m="3691" /><E65/><V124/><F54/><W51/><G34/><T76/><D39/><U80/><E80/><V20/><F63/><W45/><G84/><T69/><D69/><U16/><E25/><V27/><F24/><W99/><G99/><T119/><D119/><U94/><E94/><V103/><F27/><W115/><G115/><T13/><D41/><U102/><E102/><V111/><F103/><W88/><G120/><T71/><D71/><U3/><E3/><V83/><F83/><W17/><G88/><T108/><D101/><U15/><E18/><V37/><F37/><W7/><G17/><T14/><D89/><U134/><E134/><V113/><F113/><W90/><G90/><T116/><D116/><U114/><E114/><V129/><F129/><W109/><G109/><T57/><REACH who="0" step="1"/><D108/><REACH who="0" ten="279,250,250,211" step="2"/><U91/><E91/><N who="2" m="51663" /><F111/><W85/><G85/><T48/><D48/><U64/><E100/><V68/><F68/><W87/><G87/><T97/><D97/><U30/><E98/><V78/><F125/><AGARI ba="2,1" hai="13,14,57,59,72,73,76,79,92,93,105,106,125,127" machi="125" ten="25,12000,1" yaku="1,1,22,2,52,2,53,0" doraHai="52" doraHaiUra="0" who="0" fromWho="2" sc="279,136,250,0,250,-126,211,0" /><INIT seed="0,3,0,5,0,8" ten="415,250,124,211" oya="0" hai0="53,3,116,40,99,82,110,124,50,79,109,77,81" hai1="49,59,102,45,23,104,86,27,84,55,71,112,72" hai2="91,18,35,80,93,48,15,60,106,69,33,62,68" hai3="63,67,2,25,117,70,78,97,119,12,34,132,105"/><T30/><D116/><U127/><E72/><V122/><F122/><W129/><G129/><T83/><D3/><U56/><E71/><V114/><F114/><W121/><G121/><T120/><D120/><U16/><E112/><V32/><F106/><W13/><G2/><T107/><D40/><U61/><E127/><V133/><F133/><W14/><G78/><T22/><D124/><U51/><E104/><V26/><F80/><W19/><G132/><T43/><D43/><U10/><E102/><V108/><F108/><N who="0" m="41578" /><D30/><U89/><E10/><V58/><F26/><W98/><G19/><T29/><D29/><U95/><E51/><V37/><F37/><W46/><G46/><N who="0" m="27863" /><D22/><U24/><E86/><V123/><F123/><W44/><G98/><T115/><D115/><U41/><E59/><V17/><F48/><W36/><G44/><T134/><D134/><U11/><E11/><V28/><F62/><W7/><G36/><T9/><D9/><U125/><E125/><V101/><F28/><N who="3" m="19727" /><G7/><T128/><D128/><U1/><E1/><V31/><F31/><W100/><AGARI ba="3,0" hai="12,13,14,63,67,70,97,100,105,117,119" m="19727" machi="100" ten="30,7900,0" yaku="25,1,52,3" doraHai="8" who="3" fromWho="3" sc="415,-42,250,-23,124,-23,211,88" /><INIT seed="1,0,0,2,1,125" ten="373,227,101,299" oya="1" hai0="27,4,96,133,81,64,29,124,2,1,117,80,119" hai1="65,93,135,14,79,87,70,120,16,7,114,98,20" hai2="15,11,26,89,51,53,49,103,95,90,94,113,97" hai3="66,61,12,131,99,41,31,60,13,69,9,25,128"/><U101/><E114/><V63/><F113/><W84/><G41/><T118/><D124/><U111/><E120/><V45/><F26/><W107/><G84/><T75/><D64/><U56/><E135/><V52/><F63/><W77/><G77/><T21/><D133/><U67/><E70/><V47/><REACH who="2" step="1"/><F95/><REACH who="2" ten="373,227,91,299" step="2"/><W37/><G61/><T112/><D27/><U105/><E111/><V39/><F39/><W130/><G37/><T86/><D112/><U76/><E105/><V50/><F50/><W134/><G134/><T108/><D108/><U30/><E30/><V116/><F116/><W17/><G12/><T121/><D29/><U92/><E67/><V83/><F83/><W106/><G99/><T73/><D96/><U59/><E65/><V8/><F8/><W6/><G17/><AGARI ba="0,1" hai="11,15,17,45,47,49,51,52,53,89,90,94,97,103" machi="17" ten="30,8000,1" yaku="1,1,7,1,9,1,8,1,54,1,53,0" doraHai="125" doraHaiUra="115" who="2" fromWho="3" sc="373,0,227,0,91,90,299,-80" /><INIT seed="2,0,0,4,5,84" ten="373,227,181,219" oya="2" hai0="95,124,37,120,117,5,3,71,18,43,39,60,17" hai1="22,127,12,77,123,97,116,50,56,69,46,13,49" hai2="2,30,89,93,122,85,133,36,101,7,92,118,96" hai3="29,27,98,8,52,83,10,75,58,80,67,26,110"/><V130/><F118/><W38/><G38/><T47/><D120/><U129/><E69/><V59/><F122/><W103/><G110/><T62/><D124/><U55/><E116/><V121/><F121/><W114/><G114/><T42/><D117/><U128/><E127/><V68/><F68/><W28/><G67/><T91/><D5/><U125/><E123/><V74/><F36/><W107/><G26/><T87/><D3/><U25/><E77/><V90/><F74/><W86/><G75/><T105/><D105/><U1/><E1/><V78/><F30/><W132/><G80/><T126/><D126/><U134/><E97/><N who="2" m="59559" /><F2/><W4/><G132/><T0/><D0/><U104/><E104/><V48/><F130/><N who="1" m="50281" /><E134/><V100/><F7/><W109/><G109/><T24/><D24/><U81/><E81/><N who="2" m="47287" /><F133/><W33/><G29/><T73/><D73/><U72/><E72/><V79/><F79/><W66/><G4/><T99/><D99/><U131/><E125/><V63/><F48/><W15/><G15/><T119/><D119/><U115/><E115/><V65/><AGARI ba="0,0" hai="59,63,65,89,90,93,96,100" m="47287,59559" machi="65" ten="30,6000,0" yaku="8,1,52,2" doraHai="84" who="2" fromWho="2" sc="373,-20,227,-20,181,60,219,-20" /><INIT seed="2,1,0,3,0,16" ten="353,207,241,199" oya="2" hai0="36,99,33,118,23,103,32,74,97,124,46,52,56" hai1="3,135,45,132,10,11,14,121,25,44,100,72,28" hai2="37,15,51,122,88,94,53,47,19,85,50,35,127" hai3="98,49,76,92,129,95,31,30,43,86,6,64,58"/><V75/><F127/><W89/><G129/><T59/><D74/><U63/><E72/><V119/><F35/><W0/><G0/><T125/><D118/><U34/><E100/><V2/><F2/><W42/><G6/><T24/><D46/><U111/><E111/><V84/><F75/><W96/><G76/><T120/><D36/><U39/><E121/><V21/><F37/><W126/><G126/><N who="0" m="48747" /><D120/><U107/><E107/><V106/><F106/><W17/><G17/><N who="0" m="12399" /><D56/><U87/><E87/><N who="2" m="52511" /><F119/><W130/><G86/><N who="2" m="33385" /><F122/><W109/><G109/><T40/><D40/><N who="3" m="15401" /><G130/><T128/><D128/><U1/><E39/><V73/><F73/><W81/><G81/><T68/><D68/><U65/><E3/><V90/><F90/><N who="3" m="55319" /><G64/><T13/><D13/><U133/><E1/><V102/><F102/><W113/><G113/><T22/><D22/><U101/><E101/><V4/><F4/><W9/><G9/><N who="1" m="3082" /><E14/><V115/><F115/><W93/><G93/><N who="0" m="58799" /><D99/><U41/><E41/><V108/><F108/><W67/><G67/><T5/><D5/><U12/><E12/><V48/><AGARI ba="1,0" hai="15,19,21,47,48,50,51,53" m="33385,52511" machi="48" ten="30,6000,0" yaku="8,1,52,1,54,1" doraHai="16" who="2" fromWho="2" sc="353,-21,207,-21,241,63,199,-21" /><INIT seed="2,2,0,2,3,97" ten="332,186,304,178" oya="2" hai0="5,88,64,122,96,38,131,9,82,48,67,61,86" hai1="13,41,109,60,112,104,95,62,27,33,37,85,25" hai2="76,83,19,134,116,129,106,65,7,127,89,57,91" hai3="118,12,110,31,133,24,56,128,80,42,123,54,29"/><V58/><F116/><W113/><G118/><T135/><D122/><U84/><E104/><V46/><F127/><W0/><G0/><T74/><D38/><U15/><E109/><V75/><F129/><W101/><G123/><T17/><D131/><U103/><E33/><V55/><F134/><W71/><G71/><T99/><D135/><U3/><E3/><V115/><F106/><W63/><G128/><T45/><D74/><U40/><E37/><V32/><F32/><W39/><G133/><T100/><D17/><U68/><E68/><V2/><F115/><W35/><G110/><T98/><D100/><U107/><E107/><V117/><F117/><W30/><G113/><T81/><D81/><U119/><E112/><V4/><F46/><W44/><G12/><N who="0" m="5167" /><D61/><U50/><E119/><V23/><F2/><W126/><G126/><T53/><AGARI ba="2,0" hai="45,48,53,64,67,82,86,88,96,98,99" m="5167" machi="53" ten="30,2000,0" yaku="8,1,54,1" doraHai="97" who="0" fromWho="0" sc="332,26,186,-7,304,-12,178,-7" /><INIT seed="3,0,0,0,1,50" ten="358,179,292,171" oya="3" hai0="116,117,38,71,82,69,114,128,54,118,72,123,65" hai1="120,56,90,122,74,108,41,52,39,35,58,27,70" hai2="36,95,29,121,9,49,1,98,104,109,53,63,132" hai3="14,64,7,113,0,88,110,33,25,97,134,129,102"/><W84/><G113/><T19/><D123/><U8/><E70/><V2/><F109/><W32/><G0/><T133/><D38/><U87/><E74/><V57/><F36/><W47/><G110/><T89/><D114/><U11/><E108/><V107/><F132/><W77/><G77/><T99/><D65/><U16/><E120/><V44/><F1/><W21/><G134/><T42/><D42/><U73/><E73/><V125/><F125/><W48/><G64/><T45/><D133/><U13/><E122/><V101/><F121/><W26/><G129/><T126/><D126/><U31/><E11/><V100/><F100/><W115/><G115/><T119/><D119/><U124/><E58/><V22/><F9/><N who="3" m="4415" /><G33/><T96/><D128/><U62/><E124/><V5/><F5/><W28/><G32/><T4/><D4/><U34/><E39/><V105/><F2/><W130/><G130/><T111/><D111/><U40/><E35/><V80/><F107/><W93/><G26/><T103/><D71/><U20/><E34/><V135/><F135/><W12/><G12/><T30/><D69/><U131/><E131/><V24/><F80/><AGARI ba="0,0" hai="8,13,16,20,27,31,40,41,52,56,62,80,87,90" machi="80" ten="30,8000,1" yaku="7,1,8,1,52,1,54,2" doraHai="50" who="1" fromWho="2" sc="358,0,179,80,292,-80,171,0" owari="358,45.8,259,5.9,212,-18.8,171,-32.9" /></mjloggm>