<mjloggm ver="2.3"><GO type="225" lobby="0"/><UN n0="%E3%81%BE%E3%81%A8%E3%81%9F" n1="%E3%83%81%E3%83%83%E3%82%BF%E3%82%BD%E3%83%BC" n2="%E3%81%A8%E3%82%89%E3%81%84%E3%81%A1" n3="%E9%BB%99%E8%81%B4%E3%81%AE%E3%81%99%E3%82%9D%E3%82%81" dan="16,16,16,16" rate="2087.09,2162.97,2133.31,2133.48" sx="M,F,M,M"/><TAIKYOKU oya="0"/><INIT seed="0,0,0,3,3,10" ten="250,250,250,250" oya="0" hai0="36,43,39,76,54,11,68,70,58,29,96,27,62" hai1="67,81,95,88,102,72,63,124,131,46,26,34,111" hai2="112,28,3,86,97,100,49,32,59,41,73,55,69" hai3="132,104,45,113,106,119,133,24,105,129,33,77,101"/><T31/><D31/><U42/><E111/><V82/><F73/><W99/><G119/><T25/><D25/><U13/><E131/><V15/><F112/><W134/><G113/><T118/><D118/><U37/><E124/><V53/><F3/><W80/><G45/><T92/><D76/><U108/><E108/><V109/><F109/><W48/><G48/><T98/><D98/><U126/><E126/><V12/><F69/><W60/><G60/><T22/><D11/><U40/><E102/><V120/><F120/><W121/><G129/><T110/><D110/><U47/><E26/><V20/><F32/><W94/><G24/><T71/><REACH who="0" step="1"/><D43/><REACH who="0" ten="240,250,250,250" step="2"/><U4/><E34/><V127/><F41/><W6/><G33/><T17/><D17/><U19/><E4/><V114/><F127/><W128/><G6/><T52/><D52/><U103/><E37/><V79/><F55/><W87/><G128/><T18/><D18/><U117/><E117/><V1/><F114/><W74/><G121/><T75/><D75/><AGARI ba="0,1" hai="74,75,77,80,87,94,99,101,104,105,106,132,133,134" machi="75" ten="50,8000,1" yaku="20,1,34,3" doraHai="10" who="3" fromWho="0" sc="240,-80,250,0,250,0,250,90" /><INIT seed="1,0,0,4,0,93" ten="160,250,250,340" oya="1" hai0="98,125,129,97,73,39,123,70,69,66,130,110,99" hai1="52,38,100,28,45,11,54,71,119,6,65,3,44" hai2="46,43,96,88,72,18,5,76,32,114,35,61,1" hai3="31,104,30,90,81,23,94,29,26,120,57,105,8"/><U12/><E119/><V27/><F114/><W55/><G120/><T16/><D123/><U107/><E28/><V116/><F116/><W111/><G111/><T112/><D110/><U131/><E131/><N who="0" m="50185" /><D112/><U128/><E128/><V113/><F113/><W21/><G81/><T2/><D125/><U56/><E54/><V117/><F61/><W134/><G8/><T7/><D73/><U33/><E33/><V59/><F59/><W92/><G92/><T127/><D127/><U133/><E133/><V22/><F117/><W124/><G134/><T48/><D39/><U37/><E65/><V47/><F76/><W51/><G124/><T15/><D66/><U67/><E67/><V58/><F58/><W132/><G132/><T85/><D85/><U36/><E71/><N who="0" m="27145" /><D48/><U20/><E3/><V80/><F72/><W19/><REACH who="3" step="1"/><G21/><REACH who="3" ten="160,250,250,330" step="2"/><N who="0" m="11423" /><D99/><AGARI ba="0,1" hai="19,23,26,29,30,31,51,55,57,90,94,99,104,105" machi="99" ten="40,2600,0" yaku="1,1,52,1,53,0" doraHai="93" doraHaiUra="135" who="3" fromWho="0" sc="160,-26,250,0,250,0,330,36" /><INIT seed="2,0,0,3,0,62" ten="134,250,250,366" oya="2" hai0="15,129,48,78,91,74,65,53,131,19,87,59,44" hai1="46,37,96,20,80,90,101,120,125,47,113,85,25" hai2="77,26,64,133,50,43,106,109,112,24,118,0,76" hai3="23,63,2,92,88,30,33,128,29,22,114,132,21"/><V9/><F112/><W45/><G114/><T79/><D74/><U100/><E125/><V86/><F118/><W94/><G2/><T14/><D129/><U55/><E120/><V70/><F133/><W4/><G4/><T93/><D131/><U16/><E113/><V105/><F109/><W82/><G132/><T67/><D15/><U104/><E37/><V60/><F50/><W103/><G33/><T1/><D1/><U107/><E55/><V111/><F43/><W116/><G116/><T130/><D130/><U115/><E115/><V7/><F111/><W75/><G45/><T81/><D78/><U61/><E61/><V36/><F36/><W6/><G6/><T99/><REACH who="0" step="1"/><D44/><REACH who="0" ten="124,250,250,366" step="2"/><U41/><E41/><V3/><F3/><W32/><G75/><T66/><D66/><U84/><E46/><V10/><F77/><W31/><G128/><T40/><D40/><U57/><E47/><V126/><F126/><W56/><G32/><T119/><D119/><U97/><E57/><V95/><F0/><W28/><G56/><T5/><D5/><U35/><E35/><V8/><F7/><W117/><G117/><T58/><D58/><U27/><E25/><V54/><F54/><W123/><G123/><T124/><D124/><U83/><E27/><V89/><REACH who="2" step="1"/><F76/><REACH who="2" ten="124,250,240,366" step="2"/><W12/><G63/><T72/><D72/><U39/><E39/><V69/><F69/><W134/><G134/><T110/><D110/><U38/><E38/><V135/><F135/><W49/><G49/><T52/><D52/><U13/><E90/><V73/><F73/><W108/><G88/><RYUUKYOKU ba="0,2" sc="124,10,250,10,240,10,366,-30" hai0="14,19,48,53,59,65,67,79,81,87,91,93,99" hai1="13,16,20,80,83,84,85,96,97,100,101,104,107" hai2="8,9,10,24,26,60,64,70,86,89,95,105,106" /><INIT seed="2,1,2,2,2,81" ten="134,260,250,336" oya="2" hai0="77,33,35,1,110,63,4,73,82,41,104,18,69" hai1="7,126,84,92,16,129,119,99,64,37,98,85,14" hai2="70,57,50,0,134,97,72,40,66,89,12,27,30" hai3="22,49,114,96,25,28,68,101,135,48,105,34,61"/><V59/><F72/><W44/><G135/><T21/><D110/><U26/><E129/><V116/><F116/><W100/><G114/><T3/><D3/><U13/><E126/><V133/><F0/><W125/><G125/><T24/><D104/><U56/><E37/><V88/><F12/><N who="1" m="4713" /><E119/><V17/><F17/><W75/><G75/><T11/><D69/><U74/><E74/><V131/><F70/><W47/><G101/><T6/><D6/><U19/><E7/><V54/><F40/><W23/><G48/><T20/><D63/><N who="1" m="37991" /><E99/><V45/><F131/><W31/><G31/><T108/><D108/><U2/><E2/><V5/><F5/><W115/><G115/><T62/><D20/><N who="3" m="7721" /><G49/><T122/><D122/><U67/><E67/><AGARI ba="1,2" hai="25,28,34,44,47,61,67,68,96,100,105" m="7721" machi="67" ten="30,1000,0" yaku="25,1" doraHai="81" who="3" fromWho="1" sc="134,0,260,-13,250,0,336,33" /><INIT seed="3,0,0,4,4,73" ten="134,247,250,369" oya="3" hai0="112,88,27,32,3,100,26,131,17,23,1,118,54" hai1="135,120,12,121,102,96,129,103,48,40,58,47,77" hai2="0,74,59,108,104,6,87,2,66,85,31,36,22" hai3="14,33,60,94,98,79,5,44,86,80,91,114,61"/><W78/><G33/><T116/><D100/><U4/><E129/><V49/><F36/><W8/><G114/><T19/><D54/><U82/><E135/><V56/><F104/><W20/><G44/><T113/><D88/><U29/><E29/><V124/><F74/><W46/><G46/><T38/><D38/><U106/><E102/><V50/><F108/><W34/><G34/><T43/><D43/><U41/><E41/><V71/><F71/><W42/><G42/><T84/><D84/><N who="1" m="48207" /><E58/><V18/><F124/><W25/><G79/><T123/><D32/><U53/><E53/><V9/><F31/><AGARI ba="0,0" hai="5,8,14,20,25,31,60,61,78,80,86,91,94,98" machi="31" ten="30,5800,0" yaku="7,1,8,1,52,1" doraHai="73" who="3" fromWho="2" sc="134,0,247,0,250,-58,369,58" owari="134,-36.6,247,4.7,192,-20.8,427,52.7" /></mjloggm>