<mjloggm ver="2.3"><GO type="225" lobby="0"/><UN n0="%E3%81%AF%E3%82%88%E3%81%8A%E3%81%98%E3%81%95%E3%82%93" n1="%E6%9D%B1%E9%A2%A8%E3%81%AE%E3%81%8D%E3%82%83%E3%81%B7%E3%81%95%E3%82%93" n2="%E3%81%95%E3%81%8D%E3%81%9F%E3%81%BE%E6%9E%97%E6%AA%8E" n3="%70%68%65%6E%6F%6D%65" dan="17,16,16,16" rate="2192.45,2161.86,2137.27,2145.55" sx="M,M,M,M"/><TAIKYOKU oya="0"/><INIT seed="0,0,0,2,0,20" ten="250,250,250,250" oya="0" hai0="50,135,65,31,59,102,69,74,90,40,119,60,71" hai1="105,2,16,96,17,27,25,30,99,81,125,131,78" hai2="68,52,114,34,111,130,28,32,21,67,6,5,15" hai3="87,48,39,84,108,127,80,120,24,45,43,116,55"/><T62/><BYE who="2" /><D74/><U107/><E2/><V70/><F70/><UN n2="%E3%81%95%E3%81%8D%E3%81%9F%E3%81%BE%E6%9E%97%E6%AA%8E" /><W41/><G116/><T100/><D119/><U56/><E56/><V126/><F114/><W57/><G108/><T29/><D135/><U93/><E131/><V12/><F130/><W46/><G127/><T72/><D72/><U22/><E125/><V73/><F126/><W10/><G120/><T51/><D90/><U133/><E133/><V64/><F73/><W38/><G10/><T54/><D40/><U14/><E99/><V94/><F68/><W61/><G80/><T117/><D117/><U7/><E7/><V92/><F111/><W82/><G82/><T104/><D104/><U37/><E37/><V11/><F21/><W47/><REACH who="3" step="1"/><G24/><REACH who="3" ten="250,250,250,240" step="2"/><T103/><REACH who="0" step="1"/><D51/><REACH who="0" ten="240,250,250,240" step="2"/><U101/><E25/><V86/><F86/><W113/><G113/><T83/><D83/><U63/><E81/><V97/><F97/><W49/><G49/><T91/><D91/><U89/><E78/><V118/><F118/><W128/><G128/><T13/><D13/><U124/><E124/><V58/><F15/><W1/><G1/><T44/><D44/><U121/><E89/><V95/><F12/><W106/><G106/><T110/><D110/><U9/><E107/><V129/><F95/><W132/><G132/><T23/><D23/><U18/><E105/><V33/><F94/><W112/><G112/><T134/><D134/><U4/><E121/><V42/><F92/><W19/><G19/><T79/><D79/><U88/><E88/><V36/><F129/><W66/><AGARI ba="0,2" hai="38,39,41,43,45,46,47,48,55,57,61,66,84,87" machi="66" ten="20,5200,0" yaku="1,1,0,1,7,1,9,1,53,0" doraHai="20" doraHaiUra="77" who="3" fromWho="3" sc="240,-26,250,-13,250,-13,240,72" /><INIT seed="1,0,0,0,1,51" ten="214,237,237,312" oya="1" hai0="93,101,6,133,110,47,71,0,17,5,67,24,104" hai1="27,64,22,45,58,130,70,116,48,125,120,80,114" hai2="100,107,95,54,75,76,92,129,40,23,82,126,38" hai3="134,16,32,122,123,2,105,20,124,61,21,87,57"/><U65/><E120/><V18/><F126/><W1/><G105/><T35/><D93/><U11/><E116/><V117/><F117/><W3/><G32/><T36/><D17/><U63/><E114/><V42/><F129/><W52/><G124/><T44/><D44/><U121/><E125/><V94/><F38/><W26/><G134/><T108/><D133/><U91/><E130/><V128/><F128/><W9/><G9/><T29/><D47/><U37/><E121/><V49/><F100/><W50/><G87/><T88/><D88/><U127/><E11/><V4/><F4/><W72/><G72/><T79/><D79/><U15/><E15/><V33/><F33/><W66/><REACH who="3" step="1"/><G21/><REACH who="3" ten="214,237,237,302" step="2"/><T96/><D0/><U111/><E127/><V97/><F107/><W103/><G103/><T19/><D5/><U30/><E111/><V115/><F115/><W99/><G99/><T112/><D6/><U118/><E118/><V34/><F34/><W81/><G81/><T109/><D112/><U28/><E80/><V56/><REACH who="2" step="1"/><F97/><REACH who="2" ten="214,237,227,302" step="2"/><W73/><G73/><T86/><D96/><U131/><E131/><V8/><F8/><W89/><G89/><T62/><D104/><U12/><E91/><V77/><F77/><W78/><G78/><T90/><D101/><U106/><E106/><V83/><F83/><W10/><G10/><T69/><D90/><U98/><E98/><V53/><F53/><W60/><G60/><N who="0" m="40167" /><D109/><U14/><E63/><V85/><F85/><W46/><AGARI ba="0,2" hai="1,2,3,16,20,26,46,50,52,57,61,66,122,123" machi="46" ten="30,8000,1" yaku="1,1,0,1,52,1,54,2,53,0" doraHai="51" doraHaiUra="74" who="3" fromWho="3" sc="214,-20,237,-40,227,-20,302,100" /><INIT seed="2,0,0,5,2,120" ten="194,197,207,402" oya="2" hai0="50,47,101,49,20,23,88,131,63,29,111,57,133" hai1="44,45,132,71,56,39,14,134,129,76,113,55,72" hai2="8,70,82,116,58,4,60,84,89,6,46,123,69" hai3="112,128,48,93,121,53,90,86,19,122,125,108,87"/><V75/><F116/><W99/><G108/><T26/><D111/><U92/><E113/><V106/><F123/><W127/><G128/><T105/><D131/><U25/><E129/><V42/><F106/><W2/><G2/><T18/><D133/><N who="1" m="51307" /><E71/><V104/><F104/><W67/><G67/><T130/><D130/><U98/><E39/><V81/><F6/><W73/><G73/><T85/><D101/><N who="1" m="60615" /><E14/><V33/><F33/><W32/><G32/><T96/><D105/><U17/><E76/><V78/><F58/><N who="3" m="33063" /><G19/><T79/><D79/><U62/><E72/><V21/><F60/><W118/><G118/><T74/><D74/><U95/><E95/><V37/><REACH who="2" step="1"/><F21/><AGARI ba="0,0" hai="17,21,25,44,45,55,56,62" m="60615,51307" machi="21" ten="30,1000,0" yaku="20,1" doraHai="120" who="1" fromWho="2" sc="194,0,197,10,207,-10,402,0" /><INIT seed="3,0,0,1,4,4" ten="194,207,197,402" oya="3" hai0="56,121,58,54,104,114,0,109,85,62,96,57,78" hai1="21,6,116,90,37,27,36,16,123,63,100,77,40" hai2="95,52,87,99,79,7,18,2,42,111,1,88,29" hai3="73,5,71,97,49,51,53,24,19,14,135,80,75"/><W107/><G71/><T15/><D121/><U94/><E123/><V66/><F66/><W82/><G5/><T128/><D0/><U125/><E40/><V132/><F42/><W48/><G24/><T47/><D109/><U65/><E100/><V45/><F111/><W84/><G53/><T83/><D128/><U25/><E6/><V120/><F120/><W127/><G127/><T106/><D114/><U3/><E3/><V122/><F122/><W35/><G35/><T46/><D104/><U113/><E77/><V119/><F119/><W81/><G84/><T72/><D72/><U17/><E113/><V41/><F132/><W110/><G110/><T55/><D58/><U101/><E101/><V34/><F52/><W38/><G38/><T31/><D31/><U39/><E125/><V70/><F70/><W23/><G135/><T74/><D74/><U64/><E116/><V130/><F130/><W20/><G20/><T60/><D15/><U32/><E63/><V61/><F61/><W115/><G115/><T59/><D59/><U44/><E44/><V89/><F79/><W118/><G118/><T98/><D106/><U91/><E32/><V11/><F18/><W68/><G68/><T112/><D112/><U8/><E27/><N who="2" m="18751" /><F2/><W131/><G131/><T124/><D124/><U129/><E129/><V108/><F108/><W133/><G133/><T43/><D46/><U126/><E126/><V92/><F45/><W93/><G107/><T28/><D28/><U69/><E69/><V10/><F41/><W50/><G73/><T103/><D103/><U13/><E91/><RYUUKYOKU ba="0,0" sc="194,10,207,10,197,10,402,-30" hai0="43,47,54,55,56,57,60,62,78,83,85,96,98" hai1="8,13,16,17,21,25,36,37,39,64,65,90,94" hai2="1,7,10,11,87,88,89,92,95,99" owari="204,-29.6,217,1.7,207,-19.3,372,47.2" /></mjloggm>