<mjloggm ver="2.3"><GO type="225" lobby="0"/><UN n0="%E3%83%96%E3%83%83%E3%83%91%E3%82%AA%E3%83%96%E3%83%81%E3%82%AD%E3%83%B3" n1="%46%65%6D%69%72%69%6E%73" n2="%E9%B3%B4%E8%8C%B6" n3="%77%72%77%72%77%72%77%72" dan="16,16,16,16" rate="2102.75,2139.82,2145.99,2105.95" sx="M,M,M,M"/><TAIKYOKU oya="0"/><INIT seed="0,0,0,1,4,9" ten="250,250,250,250" oya="0" hai0="16,133,62,117,126,120,43,63,61,39,34,54,89" hai1="73,12,122,32,121,30,15,21,6,55,118,66,110" hai2="108,69,51,67,33,59,8,84,20,90,99,53,81" hai3="1,75,134,24,38,93,11,23,44,128,4,58,17"/><T42/><D117/><U65/><E73/><V116/><F33/><W31/><G75/><T52/><D120/><U57/><E118/><V48/><F116/><W22/><G128/><T111/><D34/><U5/><E32/><V45/><F108/><W127/><G134/><T49/><D133/><U135/><E135/><V3/><F69/><W13/><G127/><T113/><D113/><U125/><E110/><V40/><F67/><W130/><G130/><T102/><D111/><U94/><E125/><V36/><F20/><W106/><G106/><T103/><D126/><U71/><E71/><V35/><F35/><W98/><G58/><T70/><D70/><U92/><E21/><V27/><F27/><W74/><G74/><T68/><D68/><U82/><E57/><V114/><F114/><W46/><REACH who="3" step="1"/><G38/><REACH who="3" ten="250,250,250,240" step="2"/><T104/><D39/><U100/><E30/><V28/><F28/><W86/><G86/><T131/><D131/><U107/><E107/><V78/><F36/><W37/><G37/><T105/><D105/><U119/><E119/><V112/><F112/><W85/><G85/><T56/><D104/><U83/><E100/><AGARI ba="0,1" hai="1,4,11,13,17,22,23,24,31,44,46,93,98,100" machi="100" ten="30,7700,0" yaku="1,1,7,1,52,1,53,1" doraHai="9" doraHaiUra="95" who="3" fromWho="1" sc="250,0,250,-77,250,0,240,87" /><INIT seed="1,0,0,2,4,20" ten="250,173,250,327" oya="1" hai0="88,76,75,125,70,25,16,118,123,93,101,115,73" hai1="113,68,126,81,134,61,44,66,103,14,31,106,65" hai2="99,36,0,34,43,51,79,121,47,40,72,90,60" hai3="39,132,19,114,69,105,18,120,7,30,74,41,1"/><U4/><E113/><V133/><F121/><W27/><G114/><T55/><D115/><U37/><E134/><V77/><F133/><W104/><G132/><T89/><D118/><U122/><E126/><V130/><F130/><W82/><G120/><T57/><D70/><U50/><E122/><V86/><F72/><W2/><G69/><T117/><D123/><U109/><E66/><V135/><F0/><W71/><G71/><T63/><D117/><U64/><E64/><V67/><F34/><N who="3" m="20831" /><G18/><T45/><D125/><U58/><E81/><V46/><F135/><W100/><G19/><T48/><D76/><U53/><E109/><V97/><F77/><N who="3" m="44343" /><G100/><T5/><D5/><U94/><E94/><V29/><F79/><W12/><G12/><T10/><D75/><U131/><E131/><V124/><F29/><W56/><G56/><T98/><D73/><U28/><E14/><V52/><F124/><W78/><G78/><T3/><D3/><N who="3" m="1033" /><G7/><T92/><D92/><U107/><E4/><V6/><F6/><W119/><G119/><T80/><D80/><U21/><E103/><V83/><REACH who="2" step="1"/><F67/><REACH who="2" ten="250,173,240,327" step="2"/><W59/><G59/><AGARI ba="0,1" hai="36,40,43,46,47,51,52,59,60,83,86,90,97,99" machi="59" ten="40,5200,0" yaku="1,1,2,1,54,1,53,0" doraHai="20" doraHaiUra="129" who="2" fromWho="3" sc="250,0,173,0,240,62,327,-52" /><INIT seed="2,0,0,4,2,110" ten="250,173,302,275" oya="2" hai0="82,33,124,103,105,120,95,75,62,52,66,40,129" hai1="51,99,126,77,2,56,1,93,130,108,42,133,38" hai2="11,58,31,9,71,10,15,12,88,45,55,116,5" hai3="49,128,74,81,107,119,125,43,122,8,121,23,35"/><V39/><F116/><W72/><G35/><T87/><D120/><U100/><E108/><V114/><F114/><W91/><G119/><T48/><D33/><U65/><E133/><V3/><F71/><W25/><G107/><T111/><D111/><U17/><E130/><V61/><F31/><W44/><G128/><T46/><D129/><U21/><E126/><V85/><F3/><W76/><G125/><T36/><D124/><U131/><E131/><V127/><F127/><W97/><G72/><T112/><D105/><U7/><E38/><V101/><F101/><W19/><REACH who="3" step="1"/><G8/><REACH who="3" ten="250,173,302,265" step="2"/><T50/><D75/><U106/><E106/><V70/><F5/><W117/><G117/><T59/><D112/><U83/><E7/><V29/><F29/><W79/><G79/><T86/><D82/><U115/><E115/><V123/><F11/><W47/><G47/><T69/><REACH who="0" step="1"/><D48/><REACH who="0" ten="240,173,302,265" step="2"/><U4/><E51/><V64/><F39/><W134/><G134/><T28/><D28/><U13/><E4/><V68/><F123/><W24/><G24/><T73/><D73/><U32/><E32/><V26/><F26/><W118/><G118/><T109/><D109/><U30/><E30/><V84/><F15/><W96/><G96/><AGARI ba="0,2" hai="36,40,46,50,52,59,62,66,69,86,87,95,96,103" machi="96" ten="40,8000,1" yaku="1,1,24,2,54,1,53,0" doraHai="110" doraHaiUra="135" who="0" fromWho="3" sc="240,100,173,0,302,0,265,-80" /><INIT seed="3,0,0,3,0,91" ten="340,173,302,185" oya="3" hai0="96,106,70,24,51,87,122,20,72,7,45,3,119" hai1="50,83,64,13,21,84,66,102,5,25,48,79,18" hai2="82,103,90,40,27,74,71,92,85,88,19,129,47" hai3="116,34,131,67,23,17,15,118,94,60,114,121,63"/><W124/><G114/><T113/><D119/><U77/><E77/><V12/><F71/><W101/><G121/><T57/><D122/><U59/><E102/><V134/><F74/><W76/><G34/><T38/><D72/><U22/><E5/><V30/><F134/><W35/><G35/><T11/><D113/><U52/><REACH who="1" step="1"/><E50/><REACH who="1" ten="340,163,302,185" step="2"/><N who="2" m="26983" /><F129/><W1/><G1/><T117/><D51/><U135/><E135/><V105/><F103/><W68/><G131/><T80/><D7/><U44/><E44/><V132/><F132/><W97/><G124/><T130/><D45/><U43/><E43/><V36/><F36/><W26/><G76/><T10/><D38/><U81/><E81/><V78/><F105/><W6/><REACH who="3" step="1"/><G60/><REACH who="3" ten="340,163,302,175" step="2"/><T41/><D130/><U42/><E42/><V89/><F78/><W61/><G61/><T93/><D41/><U32/><E32/><V2/><F2/><W128/><G128/><T8/><D3/><U55/><E55/><V133/><F133/><W75/><G75/><T49/><D117/><U16/><AGARI ba="0,2" hai="13,16,18,21,22,25,48,52,59,64,66,79,83,84" machi="16" ten="20,12000,2" yaku="1,1,0,1,7,1,8,1,54,2,53,0" doraHai="91" doraHaiUra="39" who="1" fromWho="1" sc="340,-30,163,140,302,-30,175,-60" owari="310,41.0,303,10.3,272,-12.8,115,-38.5" /></mjloggm>