<mjloggm ver="2.3"><GO type="225" lobby="0"/><UN n0="%E5%91%A8%E6%9D%B1" n1="%E3%83%A9%E3%82%B9%E7%8E%87%EF%BC%93%E5%89%B2" n2="%E3%81%A4%E3%81%A3%E3%81%B1%E3%82%8A%E3%83%9D%E3%83%BC%E3%83%AB" n3="%E9%97%98%E5%B0%86%E3%81%A0%E3%82%93%E3%81%A7%E3%81%83" dan="17,17,17,16" rate="2138.01,2204.98,2143.29,2088.90" sx="M,F,M,M"/><TAIKYOKU oya="0"/><INIT seed="0,0,0,3,5,115" ten="250,250,250,250" oya="0" hai0="50,123,18,31,30,77,129,111,47,35,105,12,57" hai1="53,75,119,38,130,135,104,109,85,6,9,73,51" hai2="15,96,22,95,74,13,65,86,1,11,58,23,113" hai3="89,108,26,132,43,68,120,59,62,107,76,36,128"/><T131/><D105/><U106/><E38/><V32/><F74/><W27/><G107/><T45/><D123/><U93/><E104/><V42/><F32/><W4/><G68/><T92/><D77/><U64/><E64/><V101/><F113/><W116/><G76/><T79/><D79/><U117/><E106/><V2/><F42/><W29/><G4/><T48/><D57/><U16/><E109/><V118/><F118/><W66/><G27/><T70/><D70/><U54/><E130/><N who="0" m="49673" /><D111/><U102/><E135/><V81/><F1/><W33/><G59/><T112/><D92/><U52/><E51/><N who="0" m="19497" /><D112/><U110/><E110/><V90/><F2/><W28/><G62/><T134/><D134/><U83/><E75/><V88/><F101/><W0/><G0/><T125/><D125/><U91/><E6/><N who="2" m="3319" /><F15/><W98/><G43/><T39/><D35/><U67/><E67/><V61/><AGARI ba="0,0" hai="22,23,58,61,65,81,86,88,90,95,96" m="3319" machi="61" ten="30,2000,0" yaku="8,1,54,1" doraHai="115" who="2" fromWho="2" sc="250,-10,250,-5,250,20,250,-5" /><INIT seed="1,0,0,3,0,37" ten="240,245,270,245" oya="1" hai0="131,123,1,14,102,63,108,96,18,65,49,33,79" hai1="19,7,51,126,15,67,70,71,120,100,52,107,5" hai2="81,12,28,54,77,99,42,53,41,113,101,90,22" hai3="32,134,30,43,31,76,115,24,73,124,89,25,118"/><U93/><E120/><V27/><F113/><W3/><G115/><T55/><D123/><U59/><E126/><V13/><F90/><W117/><G89/><T130/><D1/><U47/><E107/><V66/><F66/><W112/><G112/><T46/><D79/><U75/><E75/><V50/><F54/><W119/><G3/><T95/><D33/><U135/><E135/><V62/><F62/><W128/><G128/><T20/><REACH who="0" step="1"/><D108/><REACH who="0" ten="230,245,270,245" step="2"/><U132/><E132/><V6/><F77/><W0/><G0/><T72/><D72/><U48/><E71/><AGARI ba="0,1" hai="14,18,20,46,49,55,63,65,71,95,96,102,130,131" machi="71" ten="40,1300,0" yaku="1,1,53,0" doraHai="37" doraHaiUra="26" who="0" fromWho="1" sc="230,23,245,-13,270,0,245,0" /><INIT seed="2,0,0,1,3,65" ten="253,232,270,245" oya="2" hai0="94,29,40,47,123,76,106,107,72,135,26,74,38" hai1="98,70,20,87,17,57,130,112,102,73,1,68,81" hai2="89,32,60,61,91,24,108,78,92,69,49,10,54" hai3="6,96,46,18,93,14,58,115,4,79,133,120,39"/><V119/><F119/><W84/><G133/><T43/><D123/><U27/><E112/><V116/><F116/><W103/><G120/><T134/><D94/><U122/><E122/><V114/><F114/><W66/><G115/><T42/><D42/><U132/><E132/><N who="0" m="50729" /><D43/><U117/><E117/><V95/><F108/><W33/><G33/><N who="0" m="20663" /><D76/><U126/><E126/><V31/><F78/><W12/><G39/><T44/><D47/><U52/><E130/><V15/><F95/><W25/><G46/><T63/><D63/><U71/><E1/><V19/><F92/><W21/><G14/><T0/><D0/><U113/><E73/><AGARI ba="0,0" hai="38,40,44,72,73,74,106,107" m="20663,50729" machi="73" ten="30,2000,0" yaku="20,1,23,1" doraHai="65" who="0" fromWho="1" sc="253,20,232,-20,270,0,245,0" /><INIT seed="3,0,0,5,4,51" ten="273,212,270,245" oya="3" hai0="116,19,131,84,63,2,45,11,101,73,90,48,61" hai1="25,12,40,29,117,46,50,88,42,118,0,94,54" hai2="13,81,126,15,130,65,30,56,110,71,21,9,31" hai3="122,89,133,34,74,106,123,87,132,52,109,114,66"/><W5/><G114/><T3/><D116/><N who="1" m="44651" /><E12/><V93/><F71/><W14/><G74/><T37/><D131/><U17/><E17/><N who="2" m="10431" /><F130/><W98/><G66/><T47/><D73/><U4/><E4/><N who="2" m="3239" /><F110/><W129/><G34/><T95/><D101/><U8/><E8/><V16/><F126/><W43/><G43/><T49/><D37/><U78/><E78/><V119/><F119/><W115/><G5/><T111/><D111/><U69/><E0/><V103/><F81/><W104/><G14/><N who="0" m="7647" /><D3/><U80/><E80/><V68/><F68/><W127/><G129/><T100/><D100/><U83/><E83/><V36/><F36/><W108/><G127/><T86/><D86/><N who="1" m="52503" /><E69/><V1/><F1/><W10/><G10/><T38/><D38/><U134/><E134/><V120/><F120/><W41/><G109/><T53/><D2/><U57/><E57/><V91/><F103/><W85/><G108/><T7/><D7/><U72/><E72/><V135/><F135/><W96/><G132/><T92/><D92/><U22/><AGARI ba="0,0" hai="22,25,29,40,42,46,50,54" m="52503,44651" machi="22" ten="30,4000,0" yaku="12,1,52,1,54,1" doraHai="51" who="1" fromWho="1" sc="273,-10,212,40,270,-10,245,-20" /><INIT seed="4,0,0,5,1,127" ten="263,252,260,225" oya="0" hai0="37,119,46,5,25,109,71,47,133,90,21,107,55" hai1="123,17,15,68,40,131,42,73,36,70,110,116,86" hai2="98,39,53,97,6,30,50,103,0,4,60,43,52" hai3="65,22,28,57,45,54,62,48,125,58,93,2,100"/><T72/><D119/><U32/><E116/><V63/><F30/><W27/><G125/><T135/><D107/><U23/><E73/><V38/><F0/><W41/><G2/><T13/><D72/><U64/><E110/><V111/><F111/><W84/><G84/><T59/><D71/><U56/><E123/><V9/><F9/><W91/><G91/><T67/><D67/><U88/><E32/><V24/><F24/><W124/><G124/><T12/><D90/><U81/><E131/><V115/><F50/><W31/><G31/><T78/><D78/><U118/><E118/><V132/><F43/><W106/><G106/><T3/><D3/><U33/><E33/><V69/><F69/><W102/><REACH who="3" step="1"/><G93/><REACH who="3" ten="263,252,260,215" step="2"/><T66/><D109/><U117/><E117/><V95/><F95/><W34/><G34/><T101/><D101/><U89/><E89/><V1/><F1/><W11/><G11/><T126/><D126/><U76/><E88/><V87/><F103/><W77/><G77/><T99/><D99/><U108/><E108/><V104/><F87/><W16/><G16/><T10/><D10/><U8/><E8/><V19/><F104/><W121/><G121/><T96/><D96/><U80/><E86/><V44/><F19/><W128/><G128/><T14/><D5/><U7/><E7/><V113/><F132/><W114/><G114/><T74/><D135/><U120/><E76/><V129/><F129/><W79/><G79/><T20/><D133/><U35/><E120/><V83/><F83/><W105/><G105/><T75/><D74/><U29/><E81/><RYUUKYOKU ba="0,1" sc="263,-15,252,-15,260,15,215,15" hai2="4,6,38,39,44,52,53,60,63,97,98,113,115" hai3="22,27,28,41,45,48,54,57,58,62,65,100,102" /><INIT seed="5,1,1,1,1,95" ten="248,237,275,230" oya="1" hai0="125,57,16,103,50,123,33,35,24,131,30,21,6" hai1="51,22,80,42,120,37,93,56,97,122,10,28,66" hai2="31,73,15,110,130,36,92,77,32,5,124,88,48" hai3="91,107,84,8,102,68,23,109,27,89,71,40,94"/><U34/><E34/><V90/><F36/><W52/><G109/><T75/><D75/><U46/><E10/><N who="2" m="4559" /><F73/><W87/><G40/><T86/><D123/><U96/><E80/><V53/><F32/><W38/><G38/><T116/><D116/><U43/><E43/><V113/><F110/><W82/><G8/><T44/><D131/><U67/><E67/><V99/><F130/><W115/><G115/><T64/><D125/><U114/><E114/><V112/><F77/><W78/><G107/><T127/><D6/><U18/><E28/><V121/><F31/><W9/><G102/><T76/><D103/><U65/><E65/><V100/><F121/><W60/><G9/><T17/><D127/><U62/><E37/><V55/><F124/><W81/><G52/><N who="2" m="20041" /><F113/><W39/><G39/><T49/><D35/><U59/><E59/><V108/><F108/><W133/><G60/><N who="0" m="37903" /><D33/><U26/><E97/><V14/><F112/><W20/><G133/><T72/><D72/><U117/><E117/><V7/><F48/><N who="0" m="18538" /><D44/><U61/><E61/><V63/><F63/><W79/><G71/><T29/><D29/><U105/><E105/><V83/><F83/><AGARI ba="1,1" hai="16,17,21,24,30,76,83,86" m="18538,37903" machi="83" ten="30,2000,0" yaku="8,1,54,1" doraHai="95" who="0" fromWho="2" sc="248,33,237,0,275,-23,230,0" /><INIT seed="6,0,0,2,0,81" ten="281,237,252,230" oya="2" hai0="106,132,64,115,2,124,14,42,32,77,51,58,68" hai1="39,109,4,20,116,40,59,63,44,93,30,84,61" hai2="8,52,0,122,98,78,46,87,26,25,70,54,127" hai3="118,73,83,72,113,21,23,105,102,85,95,128,45"/><V28/><F70/><W37/><G23/><T11/><D106/><U76/><E109/><V5/><F122/><W9/><G118/><T38/><D32/><U135/><E135/><V16/><F127/><W125/><G125/><T88/><D2/><U65/><E116/><V121/><F121/><W123/><G123/><T103/><D103/><U27/><E4/><V80/><F98/><N who="3" m="61655" /><G21/><T120/><D77/><U119/><E119/><V111/><F111/><W62/><G62/><T67/><D68/><U114/><E114/><V75/><F75/><W86/><G9/><T12/><D38/><U19/><E63/><V33/><F46/><W22/><G22/><T112/><D132/><U133/><E133/><V49/><F49/><W129/><G45/><T34/><D34/><U31/><REACH who="1" step="1"/><E76/><REACH who="1" ten="281,227,252,230" step="2"/><V92/><F78/><N who="3" m="46327" /><G113/><T24/><D115/><U110/><E110/><V1/><F5/><W56/><G37/><T94/><D112/><U101/><E101/><V107/><F0/><W17/><G128/><T134/><D134/><U131/><E131/><V97/><F1/><W130/><G129/><T10/><D124/><U96/><E96/><V53/><F97/><W13/><G130/><T117/><D117/><U89/><AGARI ba="0,1" hai="19,20,27,30,31,39,40,44,59,61,65,84,89,93" machi="89" ten="30,7900,0" yaku="1,1,0,1,52,1,53,1" doraHai="81" doraHaiUra="82" who="1" fromWho="1" sc="281,-20,227,89,252,-39,230,-20" owari="261,6.1,316,41.6,213,-18.7,210,-29.0" /></mjloggm>