<mjloggm ver="2.3"><GO type="225" lobby="0"/><UN n0="%E5%B8%86%E7%AB%8B%E5%A4%8F%E8%A1%A3" n1="%E3%81%BF%E3%81%BF%E3%81%9A" n2="%E3%81%AF%E3%82%88%E3%81%8A%E3%81%98%E3%81%95%E3%82%93" n3="%6D%61%74%69%67%75%73%61" dan="17,17,17,17" rate="2258.19,2219.87,2129.60,2125.77" sx="M,M,M,M"/><TAIKYOKU oya="0"/><INIT seed="0,0,0,0,2,40" ten="250,250,250,250" oya="0" hai0="93,13,95,129,103,41,134,6,23,51,131,91,101" hai1="64,5,43,96,35,120,66,12,110,50,119,113,121" hai2="79,114,33,42,49,72,97,92,90,100,10,36,75" hai3="104,128,86,94,45,54,68,89,3,53,7,38,15"/><T65/><D65/><BYE who="0" /><UN n0="%E5%B8%86%E7%AB%8B%E5%A4%8F%E8%A1%A3" /><U118/><E35/><V130/><F114/><W78/><G104/><T132/><D23/><U74/><E74/><V84/><F33/><W76/><G3/><T4/><D13/><U126/><E96/><V87/><F36/><W107/><G107/><T82/><D82/><U55/><E43/><V24/><F24/><W117/><G128/><N who="0" m="49227" /><D51/><U116/><E5/><N who="0" m="2153" /><D41/><U88/><E12/><V26/><F130/><W48/><G7/><T0/><D0/><U47/><E113/><V108/><F26/><W39/><G15/><T77/><D77/><U124/><E88/><N who="2" m="55431" /><F49/><W106/><G48/><T60/><D60/><U1/><E1/><V133/><F10/><W17/><G38/><T28/><D28/><U20/><E20/><V63/><F63/><W115/><G39/><T85/><D95/><U123/><E110/><V25/><F25/><W46/><G115/><T70/><D70/><U109/><E109/><V16/><F42/><W21/><G68/><T81/><D93/><U52/><E55/><V58/><F108/><W34/><G53/><T22/><D22/><U30/><E30/><V61/><F75/><W83/><G54/><T127/><D127/><AGARI ba="0,0" hai="47,50,52,64,66,116,118,119,120,121,123,124,126,127" machi="127" ten="50,12000,2" yaku="18,1,34,3,52,1,54,1" doraHai="40" who="1" fromWho="0" sc="250,-120,250,120,250,0,250,0" /><INIT seed="1,0,0,5,1,9" ten="130,370,250,250" oya="1" hai0="81,18,27,60,108,122,83,112,75,14,74,7,28" hai1="4,31,114,79,102,2,95,8,94,131,123,69,21" hai2="80,52,33,29,64,51,45,15,41,46,78,115,124" hai3="70,77,57,88,54,133,42,11,129,101,103,49,107"/><U59/><E114/><V126/><F115/><W91/><G70/><T67/><D112/><U61/><E123/><V68/><F33/><W72/><G107/><T43/><D122/><U19/><E131/><V98/><F29/><W48/><G72/><T10/><D108/><U37/><E37/><V76/><F98/><W47/><G77/><T58/><D43/><U92/><E69/><V38/><F78/><W118/><G133/><T26/><D74/><U65/><E79/><V120/><F120/><W121/><G118/><T89/><D75/><U32/><E32/><V5/><F64/><W71/><G71/><T134/><D134/><U128/><E128/><V87/><F68/><W44/><G121/><T93/><D7/><U30/><REACH who="1" step="1"/><E102/><REACH who="1" ten="130,360,250,250" step="2"/><V55/><F124/><W17/><G129/><T20/><REACH who="0" step="1"/><D27/><AGARI ba="0,1" hai="2,4,8,19,21,27,30,31,59,61,65,92,94,95" machi="27" ten="40,3900,0" yaku="1,1,2,1,53,0" doraHai="9" doraHaiUra="97" who="1" fromWho="0" sc="130,-39,360,49,250,0,250,0" /><INIT seed="1,1,0,1,4,36" ten="91,409,250,250" oya="1" hai0="4,97,88,81,59,47,71,39,41,79,72,84,31" hai1="60,98,131,105,90,102,77,13,82,85,130,87,103" hai2="109,133,129,15,51,25,63,93,116,26,46,62,2" hai3="19,120,80,0,52,121,64,117,6,92,40,99,122"/><U70/><E70/><V124/><F2/><W78/><G64/><T48/><D71/><U32/><E13/><V132/><F116/><W107/><G107/><T125/><D125/><U127/><E60/><V56/><F124/><W27/><G117/><T67/><D31/><U7/><E7/><V3/><F3/><W54/><G6/><T9/><D97/><N who="1" m="61647" /><E32/><V65/><F109/><W16/><G0/><T68/><D68/><U96/><E127/><V58/><F129/><N who="1" m="49161" /><E103/><V35/><F35/><W108/><G19/><T44/><D59/><U57/><E57/><V89/><F15/><W95/><G16/><T8/><D67/><U111/><E111/><V61/><F61/><W119/><G108/><T22/><D22/><U69/><E69/><V134/><F58/><W23/><G23/><T1/><D9/><U118/><E118/><V94/><F62/><W114/><G119/><T91/><REACH who="0" step="1"/><D84/><REACH who="0" ten="81,409,250,250" step="2"/><U126/><E126/><V83/><F56/><W104/><G99/><T123/><D123/><U100/><E100/><V101/><F63/><W30/><G30/><T5/><D5/><U55/><E96/><V10/><F65/><W115/><G122/><T73/><D73/><U49/><E98/><V28/><F10/><W45/><G121/><T86/><D86/><N who="1" m="48463" /><E90/><V110/><F101/><W112/><G120/><T29/><D29/><U37/><E87/><N who="2" m="50431" /><F110/><W34/><G34/><T76/><D76/><U50/><E85/><V43/><F28/><W113/><G113/><T12/><D12/><U17/><E17/><V135/><F134/><W24/><G115/><T74/><D74/><RYUUKYOKU ba="1,1" sc="81,15,409,-15,250,15,250,-15" hai0="1,4,8,39,41,44,47,48,72,79,81,88,91" hai2="25,26,43,46,51,93,94,132,133,135" /><INIT seed="2,2,1,3,3,47" ten="96,394,265,235" oya="2" hai0="33,36,130,50,1,30,91,72,16,128,15,121,65" hai1="108,3,13,93,20,86,57,78,7,95,107,6,133" hai2="2,10,21,84,28,126,38,115,125,69,52,96,82" hai3="45,135,0,131,42,110,90,127,119,59,76,51,129"/><V134/><F115/><W88/><G0/><T111/><D36/><U32/><E32/><V24/><F38/><W29/><G119/><T80/><D121/><U99/><E107/><V102/><F69/><W18/><G29/><T66/><D1/><U73/><E73/><V94/><F134/><W5/><G5/><T61/><D111/><U106/><E106/><V54/><F10/><W8/><G76/><T34/><D34/><U35/><E35/><V26/><F2/><W101/><G101/><T70/><D66/><U97/><E108/><V55/><REACH who="2" step="1"/><F24/><REACH who="2" ten="96,394,255,235" step="2"/><W22/><G8/><T118/><D118/><U132/><E3/><V9/><F9/><W64/><G135/><T120/><D120/><U25/><E133/><V49/><F49/><W79/><G110/><T44/><D128/><U71/><E132/><V68/><F68/><W77/><G51/><T4/><D130/><U19/><E71/><V105/><F105/><W83/><G129/><T48/><D4/><U31/><E6/><V17/><F17/><W43/><G18/><T75/><D48/><U114/><E7/><V117/><F117/><W23/><G131/><T81/><D50/><U67/><E114/><V103/><F103/><W56/><G45/><T109/><D44/><U112/><E112/><V62/><F62/><W63/><G63/><T41/><D109/><U39/><E39/><V53/><N who="2" m="13312" /><DORA hai="11" /><V87/><F87/><W92/><G42/><T40/><D41/><U113/><E113/><V27/><F27/><W46/><G43/><T98/><D40/><U14/><E25/><V60/><F60/><RYUUKYOKU ba="2,2" sc="96,-10,394,-10,255,30,235,-10" hai2="21,26,28,82,84,94,96,102,125,126" /><INIT seed="2,3,2,3,1,7" ten="86,384,285,225" oya="2" hai0="108,73,134,88,52,63,4,6,111,123,28,20,65" hai1="104,131,45,18,53,56,17,84,85,23,122,102,42" hai2="115,99,69,51,11,70,25,106,125,97,37,77,100" hai3="60,121,44,91,64,2,83,130,118,80,95,81,107"/><V50/><F115/><W96/><G118/><T27/><D73/><U120/><E131/><V40/><F37/><W116/><G130/><T126/><D123/><N who="1" m="47147" /><E102/><V39/><F39/><W36/><G2/><T68/><D134/><U34/><E34/><V1/><F125/><W58/><G116/><T109/><D126/><U98/><E98/><V79/><F25/><W92/><G121/><T129/><D129/><U46/><E104/><V78/><F99/><W112/><G112/><T71/><D71/><U3/><E3/><V67/><F40/><W132/><G132/><T135/><D135/><U133/><E133/><V90/><F90/><W26/><G107/><T22/><D22/><U35/><E35/><V13/><F1/><W117/><G117/><T41/><D41/><U15/><E18/><V62/><REACH who="2" step="1"/><F70/><REACH who="2" ten="86,384,275,225" step="2"/><W12/><G26/><T54/><REACH who="0" step="1"/><D88/><REACH who="0" ten="76,384,275,225" step="2"/><U101/><E42/><V103/><F103/><W32/><G91/><T14/><D14/><U110/><E101/><V29/><F29/><W55/><G12/><T82/><D82/><U127/><E127/><V105/><F105/><W113/><G80/><T72/><D72/><U94/><E94/><V21/><F21/><W47/><G92/><T8/><D8/><U119/><E119/><V74/><F74/><W76/><G95/><T9/><D9/><U0/><E0/><V128/><F128/><W5/><G81/><T49/><D49/><N who="1" m="30767" /><E85/><V38/><F38/><W75/><G36/><T10/><D10/><U19/><E84/><V33/><F33/><W89/><G32/><T66/><D66/><U48/><E15/><RYUUKYOKU ba="3,4" sc="76,15,384,-15,275,15,225,-15" hai0="4,6,20,27,28,52,54,63,65,68,108,109,111" hai2="11,13,50,51,62,67,69,77,78,79,97,100,106" /><INIT seed="2,4,4,5,5,26" ten="91,369,290,210" oya="2" hai0="82,14,4,89,18,78,92,114,38,110,120,31,73" hai1="98,41,25,122,80,10,74,127,59,105,123,51,24" hai2="61,2,84,36,17,104,97,119,100,1,0,8,53" hai3="88,107,56,125,48,12,28,109,54,108,103,94,42"/><V101/><F119/><W79/><G79/><T66/><D120/><N who="1" m="46123" /><E127/><V96/><F36/><W130/><G125/><T116/><D110/><N who="3" m="42601" /><G130/><T27/><D114/><U81/><E10/><V133/><F133/><W15/><G28/><T99/><D116/><U72/><E98/><V13/><F84/><N who="3" m="52487" /><G42/><T76/><D76/><U87/><E105/><V111/><F111/><W102/><G107/><T121/><D121/><U43/><E59/><V52/><REACH who="2" step="1"/><F61/><REACH who="2" ten="91,369,280,210" step="2"/><W90/><G90/><T5/><D38/><U11/><E87/><V63/><F63/><W33/><G33/><T93/><D93/><AGARI ba="4,5" hai="0,1,2,8,13,17,52,53,93,96,97,100,101,104" machi="93" ten="40,3900,0" yaku="1,1,54,1,53,0" doraHai="26" doraHaiUra="67" who="2" fromWho="0" sc="91,-51,369,0,280,101,210,0" /><INIT seed="2,5,0,0,3,9" ten="40,369,381,210" oya="2" hai0="106,35,114,91,43,112,107,116,132,105,46,122,82" hai1="27,44,18,12,66,120,99,127,62,49,32,51,118" hai2="131,73,2,79,135,4,20,115,31,56,74,13,57" hai3="109,48,126,80,41,128,17,104,36,77,67,68,54"/><V96/><F115/><W133/><G104/><T37/><D122/><U78/><E118/><V34/><F131/><W19/><G109/><T11/><D116/><U81/><E120/><V124/><F124/><W71/><G133/><T33/><D132/><U94/><E127/><V130/><F130/><W6/><G6/><T125/><D125/><U39/><E39/><V86/><F135/><W63/><G68/><T87/><D112/><U113/><E113/><V83/><F96/><W88/><G128/><T69/><D69/><U7/><E7/><V119/><F119/><W64/><G67/><T24/><D24/><U3/><E3/><V60/><F57/><W55/><G55/><T98/><D114/><U59/><E32/><V121/><F121/><W111/><G111/><T8/><D98/><U95/><E27/><V123/><F123/><W28/><G28/><T26/><D26/><U21/><E44/><V117/><F117/><W15/><G41/><T5/><REACH who="0" step="1"/><D11/><REACH who="0" ten="30,369,381,210" step="2"/><U134/><E134/><V72/><F34/><W40/><G126/><T30/><D30/><U23/><E21/><V110/><F110/><W42/><G71/><T61/><D61/><U58/><E99/><V76/><F31/><W70/><G63/><T65/><D65/><U103/><E103/><V85/><F20/><W129/><G64/><T102/><D102/><U25/><E25/><V16/><F60/><W1/><G70/><T101/><D101/><U0/><E0/><AGARI ba="5,1" hai="0,5,8,33,35,37,43,46,82,87,91,105,106,107" machi="0" ten="40,1300,0" yaku="1,1,53,0" doraHai="9" doraHaiUra="53" who="0" fromWho="1" sc="30,38,369,-28,381,0,210,0" /><INIT seed="3,0,0,3,1,53" ten="68,341,381,210" oya="3" hai0="120,64,99,121,103,5,30,69,125,36,82,9,113" hai1="54,117,66,101,96,107,70,109,98,55,68,127,38" hai2="6,56,59,15,61,67,13,47,132,86,33,32,24" hai3="23,111,90,114,20,112,0,50,95,27,100,89,42"/><W129/><G0/><T62/><D125/><U134/><E38/><V46/><F132/><W22/><G129/><T85/><D113/><U14/><E127/><V60/><F33/><W2/><G2/><T48/><D36/><U51/><E134/><V126/><F126/><W8/><G8/><T116/><D116/><U37/><E37/><V74/><F74/><W76/><G76/><T18/><D18/><U44/><E117/><V10/><F32/><W31/><G111/><T28/><D28/><U26/><E109/><V93/><F24/><W80/><G114/><T131/><D131/><U91/><E26/><V78/><F15/><W128/><G112/><T21/><D21/><U102/><E91/><N who="2" m="53495" /><F78/><W40/><G100/><T12/><D30/><U1/><E1/><V115/><F115/><W92/><G80/><T81/><D81/><U39/><E66/><AGARI ba="0,0" hai="6,10,13,46,47,56,59,60,61,66,67" m="53495" machi="66" ten="30,3900,0" yaku="8,1,52,2" doraHai="53" who="2" fromWho="1" sc="68,0,341,-39,381,39,210,0" owari="68,-43.2,302,10.2,420,52.0,210,-19.0" /></mjloggm>