<mjloggm ver="2.3"><GO type="225" lobby="0"/><UN n0="%E4%BF%BA%E3%81%A8%E5%A6%96%E5%A4%A2" n1="%E3%82%AF%E3%82%A3%E3%82%A6" n2="%E3%81%AF%E3%82%88%E3%81%8A%E3%81%98%E3%81%95%E3%82%93" n3="%69%4F%4B%4F%69" dan="16,16,17,16" rate="2098.92,2092.22,2133.56,2148.25" sx="F,M,M,M"/><TAIKYOKU oya="0"/><INIT seed="0,0,0,4,1,129" ten="250,250,250,250" oya="0" hai0="71,54,91,102,5,79,92,6,52,42,43,73,41" hai1="39,103,104,64,23,47,45,68,8,16,132,9,127" hai2="88,1,13,34,115,55,108,116,32,33,0,131,112" hai3="119,48,123,3,85,111,11,77,135,29,44,60,97"/><T78/><D71/><U37/><E104/><V134/><F55/><W46/><G119/><T14/><D102/><U4/><E103/><V90/><F131/><W49/><G111/><T53/><D73/><U50/><E127/><V69/><F69/><W110/><G110/><T36/><D36/><U87/><E68/><V122/><F108/><W7/><G123/><T128/><D128/><U2/><E9/><V106/><F106/><W10/><G29/><T27/><D27/><U59/><E87/><V17/><F122/><W80/><G97/><T81/><D81/><U30/><E30/><V109/><F109/><W84/><G135/><T101/><D101/><U118/><E45/><V61/><F61/><W95/><G60/><T70/><D70/><U72/><E72/><V26/><F26/><W75/><G95/><T120/><D120/><U114/><E114/><V83/><F116/><W76/><G76/><T19/><D91/><N who="2" m="34858" /><F83/><W15/><G46/><T63/><D92/><U12/><E132/><V99/><F99/><W86/><REACH who="3" step="1"/><G44/><REACH who="3" ten="250,250,250,240" step="2"/><T67/><D63/><N who="1" m="38015" /><E118/><V93/><F93/><W133/><G133/><T121/><D121/><U105/><E105/><V57/><F134/><W35/><G35/><T31/><D31/><U51/><E39/><V82/><F82/><W89/><G89/><T28/><D28/><U62/><E62/><V22/><F57/><W126/><G126/><T21/><REACH who="0" step="1"/><D67/><REACH who="0" ten="240,250,250,240" step="2"/><U65/><E65/><V66/><F66/><W113/><G113/><T25/><D25/><N who="1" m="14567" /><E37/><V74/><F74/><W96/><G96/><T20/><D20/><U98/><E98/><RYUUKYOKU ba="0,2" sc="240,10,250,-30,250,10,240,10" hai0="5,6,14,19,21,41,42,43,52,53,54,78,79" hai2="0,1,13,17,22,32,33,34,112,115" hai3="3,7,10,11,15,48,49,75,77,80,84,85,86" /><INIT seed="0,1,2,3,0,53" ten="250,220,260,250" oya="0" hai0="84,4,124,109,56,17,105,37,91,129,3,133,0" hai1="106,51,103,85,55,35,113,30,81,111,43,19,33" hai2="119,96,82,61,122,112,42,9,34,12,101,41,14" hai3="87,125,102,25,50,11,54,47,77,72,45,26,126"/><T73/><D73/><U2/><E2/><V68/><F112/><W44/><G72/><T104/><D37/><U121/><E121/><V1/><F122/><W49/><G102/><T83/><D129/><U22/><E111/><V99/><F34/><W94/><G11/><T24/><D109/><U79/><E43/><V31/><F31/><W13/><G13/><T21/><D124/><N who="3" m="47721" /><G45/><T40/><D133/><U62/><E113/><V75/><F1/><W93/><G77/><T46/><D46/><U28/><E62/><V110/><F14/><W100/><G87/><T76/><D40/><U29/><E106/><V27/><F27/><N who="3" m="10251" /><G100/><T70/><D104/><U15/><REACH who="1" step="1"/><E103/><REACH who="1" ten="250,210,260,250" step="2"/><V71/><F110/><W135/><G135/><T20/><D105/><U59/><AGARI ba="1,3" hai="15,19,22,28,29,30,33,35,51,55,59,79,81,85" machi="59" ten="30,7900,0" yaku="1,1,2,1,0,1,52,1,53,0" doraHai="53" doraHaiUra="67" who="1" fromWho="1" sc="250,-40,210,112,260,-21,250,-21" /><INIT seed="1,0,0,5,0,37" ten="210,322,239,229" oya="1" hai0="65,117,41,103,2,68,75,10,11,34,14,111,79" hai1="133,109,32,85,46,8,20,27,3,74,128,13,38" hai2="12,122,43,56,90,21,67,64,110,70,33,48,112" hai3="125,87,129,115,72,120,17,39,44,24,118,60,119"/><U1/><E74/><V42/><F122/><W93/><G120/><T89/><D117/><U127/><E127/><V47/><F33/><W107/><G115/><T59/><D68/><U53/><E128/><V126/><F70/><W4/><G129/><T18/><D34/><U35/><E133/><V108/><F126/><W30/><G125/><T19/><D111/><N who="2" m="42538" /><F112/><W106/><G72/><T49/><D103/><U132/><E132/><V22/><F43/><W9/><G17/><T123/><D123/><U29/><E109/><V80/><F12/><W36/><G60/><N who="0" m="38047" /><D75/><U113/><E113/><V76/><F90/><W52/><G119/><T134/><D79/><U25/><E85/><N who="2" m="48263" /><F67/><W61/><G118/><T23/><D2/><U83/><E1/><V6/><F6/><W116/><G116/><T121/><D121/><U16/><E32/><V95/><F95/><W99/><G4/><T51/><D134/><U26/><E83/><V50/><F50/><N who="0" m="18954" /><D41/><N who="1" m="22839" /><E53/><V101/><F101/><W15/><G52/><T28/><D28/><U40/><E40/><V97/><F97/><W55/><G30/><T77/><D77/><U82/><E82/><V78/><F78/><W124/><G99/><T84/><D19/><U91/><E91/><V96/><F96/><W62/><G124/><T45/><D45/><U100/><E100/><V105/><F105/><W57/><G44/><T66/><D66/><U81/><E81/><AGARI ba="0,0" hai="10,11,14,18,23,81,84,89" m="18954,38047" machi="81" ten="30,1000,0" yaku="8,1" doraHai="37" who="0" fromWho="1" sc="210,10,322,-10,239,0,229,0" /><INIT seed="2,0,0,5,4,72" ten="220,312,239,229" oya="2" hai0="17,38,95,91,46,1,50,6,113,100,52,86,103" hai1="55,20,88,84,21,33,53,48,16,36,2,8,63" hai2="107,94,78,109,11,123,3,41,89,130,57,121,51" hai3="49,65,39,90,127,125,98,9,61,97,58,32,42"/><V99/><F130/><W62/><G32/><T10/><D113/><U26/><E36/><V15/><F3/><W124/><G39/><T115/><D115/><U45/><E2/><V23/><F109/><W69/><G9/><T13/><REACH who="0" step="1"/><D38/><REACH who="0" ten="210,312,239,229" step="2"/><U67/><E33/><V129/><F129/><W83/><G42/><T66/><D66/><U59/><E67/><V120/><F41/><W134/><G134/><T68/><D68/><U27/><E8/><AGARI ba="0,1" hai="1,6,8,10,13,17,46,50,52,86,91,95,100,103" machi="8" ten="30,7700,0" yaku="1,1,7,1,54,1,53,1" doraHai="72" doraHaiUra="14" who="0" fromWho="1" sc="210,87,312,-77,239,0,229,0" /><INIT seed="3,0,0,1,5,34" ten="297,235,239,229" oya="3" hai0="129,24,54,104,60,98,66,51,90,123,124,52,83" hai1="31,8,1,120,28,113,74,61,37,35,43,70,0" hai2="44,125,89,93,46,17,79,130,117,65,9,108,67" hai3="99,71,7,82,16,132,72,30,26,21,41,121,126"/><W92/><G121/><T112/><D123/><U4/><E113/><V45/><F117/><W62/><G126/><T97/><D124/><U116/><E120/><V13/><F125/><W14/><G132/><T94/><D129/><U135/><E135/><V133/><F133/><W33/><G41/><T127/><D127/><U105/><E116/><V27/><F130/><W6/><G72/><T18/><D83/><U56/><E56/><V86/><F108/><W39/><G39/><T101/><D112/><U42/><E42/><V75/><F75/><W40/><G40/><T48/><D48/><U55/><E55/><V122/><F122/><W102/><REACH who="3" step="1"/><G82/><REACH who="3" ten="297,235,239,219" step="2"/><T131/><D131/><U81/><E81/><V114/><F114/><W57/><G57/><T134/><D134/><U73/><E37/><V59/><F59/><W109/><G109/><T118/><D118/><U69/><E43/><V3/><F46/><W50/><G50/><T111/><D51/><U95/><E61/><V25/><F45/><W15/><G15/><T23/><D111/><U96/><E70/><AGARI ba="0,1" hai="18,23,24,52,54,60,66,70,90,94,97,98,101,104" machi="70" ten="30,2000,0" yaku="7,1,54,1" doraHai="34" who="0" fromWho="1" sc="297,30,235,-20,239,0,219,0" owari="327,42.7,215,-28.5,239,3.9,219,-18.1" /></mjloggm>