<mjloggm ver="2.3"><GO type="225" lobby="0"/><UN n0="%E8%81%B7%E6%A5%AD%E3%80%81%E9%A2%A8%32" n1="%E9%A6%AC%E5%BC%95%E7%81%AB%33" n2="%E3%83%A9%E3%82%B9%E7%8E%87%EF%BC%93%E5%89%B2" n3="%E3%81%A4%E3%81%A3%E3%81%B1%E3%82%8A%E3%83%9D%E3%83%BC%E3%83%AB" dan="16,16,17,17" rate="2172.56,2131.25,2208.11,2157.03" sx="M,M,F,M"/><TAIKYOKU oya="0"/><INIT seed="0,0,0,2,1,28" ten="250,250,250,250" oya="0" hai0="123,38,95,134,6,130,119,131,86,90,8,34,82" hai1="83,50,88,112,71,47,107,109,75,46,132,1,41" hai2="5,49,78,32,22,114,45,98,13,56,62,77,102" hai3="135,23,68,121,0,29,116,40,127,35,59,42,51"/><T67/><D123/><U126/><E109/><V101/><F114/><W30/><G68/><T117/><D38/><U73/><E112/><V55/><F32/><W60/><G116/><T20/><D67/><U92/><E107/><V4/><F4/><W99/><G0/><N who="0" m="71" /><D20/><U128/><E1/><V63/><F63/><W17/><G121/><T53/><D53/><U52/><E71/><V96/><F96/><W87/><G99/><N who="0" m="57847" /><D34/><U44/><E128/><N who="0" m="49193" /><D134/><U39/><E132/><V24/><F13/><N who="3" m="9647" /><G35/><T104/><D104/><U10/><E10/><V64/><F5/><W89/><G135/><T27/><D27/><U125/><E47/><V31/><REACH who="2" step="1"/><F102/><REACH who="2" ten="250,250,240,250" step="2"/><W69/><G60/><T18/><D18/><U15/><E15/><V57/><F57/><W21/><G59/><T91/><AGARI ba="0,1" hai="82,86,91,117,119" m="49193,57847,71" machi="91" ten="30,1500,0" yaku="19,1" doraHai="28" who="0" fromWho="0" sc="250,25,250,-5,240,-5,250,-5" /><INIT seed="0,1,0,1,5,52" ten="275,245,235,245" oya="0" hai0="24,28,10,104,33,37,46,40,79,56,48,65,118" hai1="8,63,130,75,114,39,121,101,53,93,74,81,19" hai2="106,45,98,134,70,94,5,135,31,32,80,95,15" hai3="27,41,110,12,126,129,55,18,133,72,91,58,3"/><T68/><D118/><U29/><E121/><V20/><F70/><W43/><G3/><T1/><D104/><U13/><E130/><V122/><F122/><W16/><G129/><T0/><D79/><U97/><E114/><V124/><F124/><W51/><G72/><T90/><D10/><U112/><E112/><V23/><F32/><W60/><G126/><T116/><D116/><U131/><E131/><V107/><F80/><W4/><G110/><T47/><D90/><U132/><E132/><V36/><F5/><W85/><G133/><T49/><D48/><U108/><E108/><V76/><F76/><W109/><G109/><T54/><REACH who="0" step="1"/><D47/><REACH who="0" ten="265,245,235,245" step="2"/><U14/><E39/><V125/><F45/><W21/><G51/><T66/><D66/><U61/><E75/><V78/><F36/><W64/><G64/><T25/><D25/><U100/><E100/><V22/><F78/><W102/><G102/><T67/><D67/><U113/><E113/><V119/><F119/><W30/><G4/><T105/><D105/><U17/><E74/><V26/><F125/><W128/><G128/><T50/><D50/><U59/><E63/><AGARI ba="1,1" hai="0,1,24,28,33,37,40,46,49,54,56,63,65,68" machi="63" ten="40,12000,1" yaku="1,1,24,2,52,1,53,0" doraHai="52" doraHaiUra="96" who="0" fromWho="1" sc="265,133,245,-123,235,0,245,0" /><INIT seed="0,2,0,5,0,71" ten="398,122,235,245" oya="0" hai0="55,32,10,23,128,111,86,1,90,77,37,117,70" hai1="104,98,105,76,103,89,22,134,58,29,25,5,110" hai2="99,21,15,2,85,19,94,83,46,26,50,131,82" hai3="129,91,36,42,18,34,135,88,24,92,7,12,66"/><T61/><D117/><U107/><E110/><V97/><F131/><W121/><G129/><T14/><D37/><U17/><E134/><V113/><F2/><W100/><G135/><T16/><D32/><U112/><E112/><V109/><F109/><W49/><G121/><T68/><D128/><U87/><E5/><V45/><F45/><N who="3" m="25783" /><G36/><T115/><D115/><U28/><E76/><V108/><F108/><W38/><G38/><T93/><D111/><U43/><E43/><V73/><F73/><W0/><G0/><T60/><D77/><U81/><REACH who="1" step="1"/><E58/><REACH who="1" ten="398,112,235,245" step="2"/><V116/><F113/><W62/><G7/><N who="0" m="3423" /><D70/><U69/><E69/><V9/><F116/><W27/><G34/><T119/><D68/><U96/><E96/><V20/><F97/><N who="3" m="59431" /><G91/><N who="0" m="53495" /><D119/><U51/><E51/><V47/><F50/><W6/><G88/><T127/><D90/><U39/><E39/><V118/><F118/><W54/><G6/><T41/><D41/><U79/><E79/><V84/><F47/><W95/><G62/><T3/><D61/><U11/><E11/><V123/><F46/><W106/><G106/><AGARI ba="2,1" hai="17,22,25,28,29,81,87,89,98,103,104,105,106,107" machi="106" ten="40,1300,0" yaku="1,1,53,0" doraHai="71" doraHaiUra="114" who="1" fromWho="3" sc="398,0,112,29,235,0,245,-19" /><INIT seed="1,0,0,4,4,81" ten="398,141,235,226" oya="1" hai0="99,119,88,130,25,53,59,69,34,3,58,30,52" hai1="123,40,46,2,27,95,102,111,38,92,104,113,7" hai2="135,9,16,100,124,131,82,91,70,1,116,41,122" hai3="31,56,29,5,55,112,60,90,117,84,26,94,85"/><U86/><E113/><V57/><F70/><W93/><G112/><T75/><D130/><U108/><E123/><V22/><F122/><W65/><G117/><T51/><D75/><U98/><E27/><V121/><F121/><W120/><G120/><T39/><D39/><U20/><E20/><V43/><F116/><W101/><G5/><T97/><D69/><U87/><E95/><V62/><F135/><W48/><G26/><T63/><D3/><U0/><E0/><V33/><F33/><W79/><G101/><T6/><D6/><U132/><E132/><V128/><F124/><W96/><G79/><T134/><D119/><U118/><E118/><V73/><F100/><W32/><G32/><T15/><D134/><U21/><E21/><V72/><F72/><W10/><G10/><T11/><D11/><N who="1" m="2551" /><E104/><V37/><F37/><W42/><G42/><T44/><D15/><U106/><E106/><V114/><F114/><W77/><G77/><T4/><D4/><U67/><E67/><N who="2" m="39375" /><F9/><W54/><G54/><T14/><D14/><U80/><E80/><V76/><F91/><N who="3" m="53487" /><G96/><T23/><D34/><U71/><E71/><V103/><F103/><W109/><G109/><AGARI ba="0,0" hai="38,40,46,86,87,92,98,102,108,109,111" m="2551" machi="109" ten="30,11600,0" yaku="14,1,10,1,52,2" doraHai="81" who="1" fromWho="3" sc="398,0,141,116,235,0,226,-116" /><INIT seed="1,1,0,1,2,95" ten="398,257,235,110" oya="1" hai0="80,4,126,125,5,59,7,67,108,16,76,49,1" hai1="106,48,14,75,63,132,101,93,110,105,116,3,77" hai2="20,133,127,123,130,31,54,23,36,81,87,24,37" hai3="73,70,82,29,47,22,111,10,2,39,88,109,52"/><U78/><E116/><V120/><F130/><W85/><G70/><T57/><D108/><N who="3" m="41545" /><G73/><T65/><D1/><U68/><E3/><V8/><F133/><W17/><G29/><T58/><D49/><U72/><E110/><V71/><F127/><N who="0" m="48650" /><D16/><U42/><E14/><V113/><F113/><W46/><G39/><T12/><D12/><U18/><E18/><V117/><F117/><W83/><G83/><T32/><D32/><U69/><E63/><V34/><F71/><W51/><G2/><T84/><AGARI ba="1,0" hai="4,5,7,57,58,59,65,67,76,80,84" m="48650" machi="84" ten="40,1500,0" yaku="18,1" doraHai="95" who="0" fromWho="0" sc="398,18,257,-8,235,-5,110,-5" /><INIT seed="2,0,0,2,3,54" ten="416,249,230,105" oya="2" hai0="97,7,132,11,111,10,50,32,21,79,28,30,73" hai1="84,63,71,82,26,14,17,102,69,16,121,45,72" hai2="25,0,98,95,42,22,19,55,123,85,133,81,135" hai3="12,78,124,104,44,92,33,47,125,46,23,70,15"/><V57/><F123/><W56/><G70/><T5/><D111/><U117/><E72/><V68/><F0/><W41/><G104/><T27/><D97/><U90/><E117/><V62/><F68/><W75/><G33/><T24/><D50/><U38/><E102/><V94/><F42/><W89/><G41/><T53/><D53/><U43/><E121/><V134/><REACH who="2" step="1"/><F98/><REACH who="2" ten="416,249,220,105" step="2"/><W48/><G125/><T110/><D110/><U116/><E116/><V1/><F1/><W127/><G127/><T9/><D132/><U4/><E71/><V88/><AGARI ba="0,1" hai="19,22,25,55,57,62,81,85,88,94,95,133,134,135" machi="88" ten="30,12000,1" yaku="1,1,0,1,20,1,52,1,54,1,53,0" doraHai="54" doraHaiUra="113" who="2" fromWho="2" sc="416,-40,249,-40,220,130,105,-40" /><INIT seed="2,1,0,2,0,95" ten="376,209,350,65" oya="2" hai0="125,99,88,14,18,23,82,8,130,90,39,91,124" hai1="11,25,45,135,126,36,112,121,97,74,96,123,13" hai2="53,103,85,71,131,1,60,72,24,5,116,79,10" hai3="105,37,133,46,17,101,16,15,132,49,73,44,83"/><V58/><F116/><W40/><G73/><T12/><D39/><U59/><E112/><V69/><F131/><W84/><G105/><T65/><D130/><U113/><E113/><V29/><F72/><W92/><G101/><T20/><D65/><U30/><E126/><N who="0" m="48745" /><D82/><U111/><E111/><V2/><F2/><W89/><G92/><N who="0" m="56711" /><D23/><U117/><E117/><V61/><F61/><W115/><G115/><T7/><AGARI ba="1,0" hai="7,8,12,14,18,20,90,91" m="56711,48745" machi="7" ten="30,4000,0" yaku="18,1,52,1,54,1" doraHai="95" who="0" fromWho="0" sc="376,43,209,-11,350,-21,65,-11" /><INIT seed="3,0,0,3,1,123" ten="419,198,329,54" oya="3" hai0="102,83,72,121,98,73,80,19,99,58,78,16,105" hai1="44,107,104,47,18,53,134,115,10,76,128,127,11" hai2="130,97,64,86,60,20,81,116,118,94,96,84,133" hai3="13,43,75,71,111,82,29,108,24,40,46,36,63"/><W3/><G3/><T38/><D121/><U6/><E115/><V62/><F20/><W32/><G13/><T135/><D135/><U55/><E76/><V79/><F133/><W93/><G93/><T34/><D34/><U26/><E134/><V91/><F62/><W65/><G43/><T22/><D38/><U31/><E128/><V21/><F130/><W59/><REACH who="3" step="1"/><G59/><REACH who="3" ten="419,198,329,44" step="2"/><T4/><D105/><U117/><E117/><V57/><F118/><W109/><G109/><T42/><D58/><U88/><E127/><V74/><F116/><W2/><G2/><T122/><D42/><U5/><E18/><V68/><F57/><W41/><G41/><T8/><D16/><U103/><E26/><V85/><F94/><W125/><G125/><T126/><D19/><U131/><E131/><V95/><F21/><W114/><G114/><T9/><D22/><U119/><E119/><V66/><F95/><W112/><G112/><T110/><D126/><U15/><E15/><V70/><F70/><W33/><G33/><T52/><D122/><U23/><E23/><V92/><F68/><W17/><G17/><T30/><D9/><U77/><E77/><AGARI ba="0,1" hai="24,29,32,36,40,46,63,65,71,75,77,82,108,111" machi="77" ten="40,18000,2" yaku="1,1,23,2,52,2,53,1" doraHai="123" doraHaiUra="25" who="3" fromWho="1" sc="419,0,198,-180,329,0,44,190" /><INIT seed="3,1,0,4,3,19" ten="419,18,329,234" oya="3" hai0="73,125,87,22,24,128,66,110,135,97,100,127,27" hai1="35,48,69,26,134,117,60,94,64,80,130,114,47" hai2="43,119,5,96,133,16,70,75,40,90,124,41,71" hai3="122,67,52,113,65,50,68,49,85,99,55,31,91"/><W36/><G113/><T39/><D110/><U79/><E114/><V101/><F75/><W104/><G122/><T14/><D73/><U108/><E108/><V126/><F119/><W1/><G1/><T2/><D39/><U57/><E130/><V93/><F133/><W29/><G36/><T20/><D66/><N who="3" m="25097" /><G99/><T76/><D135/><U51/><E134/><V3/><F3/><W10/><G10/><T44/><D2/><U89/><E117/><V92/><F5/><W72/><G104/><T53/><D128/><U25/><E35/><V120/><F120/><W106/><G106/><T0/><D0/><U105/><E105/><V123/><F123/><W8/><G8/><T13/><D97/><U88/><E69/><V46/><F46/><N who="3" m="27703" /><G68/><T33/><D33/><U86/><E89/><V98/><F71/><W21/><G21/><T77/><D20/><U74/><E47/><V103/><F70/><W116/><G116/><T109/><D44/><U121/><E121/><V17/><F90/><W132/><G72/><T82/><D22/><U112/><E112/><V59/><F59/><N who="3" m="33271" /><G132/><T107/><D107/><U115/><E115/><V63/><F63/><W45/><G45/><T118/><D118/><U23/><E26/><V30/><F30/><W18/><G18/><AGARI ba="1,0" hai="16,17,18,40,41,43,92,93,96,98,101,103,124,126" machi="18" ten="40,2600,0" yaku="9,1,54,1" doraHai="19" who="2" fromWho="3" sc="419,0,18,0,329,29,234,-29" owari="419,51.9,18,-48.2,358,15.8,205,-19.5" /></mjloggm>