<mjloggm ver="2.3"><GO type="225" lobby="0"/><UN n0="%E3%81%94%E3%81%BE%E6%B2%B9%E9%A3%B2%E3%81%BF%E5%A4%AA%E9%83%8E" n1="%E3%83%96%E3%83%83%E3%83%91%E3%82%AA%E3%83%96%E3%83%81%E3%82%AD%E3%83%B3" n2="%E3%82%AF%E3%82%A3%E3%82%A6" n3="%E7%B4%94%E6%BD%94%E3%83%94%E3%83%A9%E3%83%8B%E3%82%A2" dan="16,16,16,16" rate="2090.22,2146.44,2082.74,2147.89" sx="M,M,M,M"/><TAIKYOKU oya="0"/><INIT seed="0,0,0,3,4,92" ten="250,250,250,250" oya="0" hai0="124,107,97,100,129,96,60,42,20,31,44,39,134" hai1="91,133,18,106,16,32,126,75,63,82,6,76,24" hai2="89,120,55,130,23,69,79,36,87,19,27,17,93" hai3="28,111,56,48,54,103,122,12,127,102,53,33,80"/><T119/><D119/><U90/><E126/><V73/><F120/><W95/><G111/><T132/><D124/><U25/><E133/><N who="0" m="51305" /><D129/><U29/><E6/><V26/><F130/><W0/><G0/><T72/><D72/><U131/><E131/><V5/><F36/><W113/><G113/><T83/><D83/><U118/><E118/><V108/><F69/><W46/><G80/><T135/><D135/><U105/><E63/><V99/><F108/><W86/><G33/><T68/><D31/><U47/><E47/><V117/><F117/><W115/><G28/><T77/><D77/><U110/><E110/><V41/><F5/><W112/><G112/><T14/><D100/><U59/><E59/><V123/><F123/><W30/><G30/><T71/><D107/><U4/><E4/><V37/><F73/><W65/><G65/><N who="0" m="40999" /><D71/><U61/><E91/><V58/><F79/><W128/><G115/><T13/><D13/><U15/><E90/><V70/><F70/><W35/><G35/><T50/><D39/><U43/><E106/><V78/><F27/><W52/><G122/><T3/><D3/><U116/><E105/><V88/><F78/><W62/><G127/><T57/><D57/><U109/><E116/><V74/><F74/><W94/><G128/><T1/><D1/><U7/><E25/><V81/><F17/><AGARI ba="0,0" hai="14,17,20,42,44,50,96,97" m="40999,51305" machi="17" ten="30,5800,0" yaku="20,1,52,2" doraHai="92" who="0" fromWho="2" sc="250,58,250,0,250,-58,250,0" /><INIT seed="0,1,0,3,0,40" ten="308,250,192,250" oya="0" hai0="20,47,52,90,98,4,70,56,29,80,81,129,108" hai1="69,36,121,13,130,54,34,12,31,117,19,100,68" hai2="27,85,37,86,50,76,110,22,18,35,17,32,88" hai3="87,83,26,46,89,102,1,113,72,133,42,101,71"/><T116/><D70/><U39/><E117/><V59/><F37/><W16/><G113/><T120/><D116/><U66/><E121/><V132/><F110/><W84/><G71/><T0/><D120/><U107/><E130/><V106/><F106/><W118/><G72/><T60/><D129/><U73/><E73/><V64/><F132/><W49/><G1/><T82/><D108/><U58/><E12/><V10/><F76/><W3/><G3/><T24/><D0/><U43/><E69/><V96/><F96/><W57/><G133/><T67/><D4/><U5/><E43/><V109/><F109/><W94/><G57/><T115/><D115/><U41/><E41/><V128/><F128/><W63/><G63/><T127/><D127/><U122/><E54/><V51/><F85/><W93/><G118/><T53/><D47/><U38/><E58/><V75/><F75/><W30/><G30/><T77/><D77/><U111/><E5/><V7/><F17/><W33/><G33/><T91/><D98/><N who="1" m="61847" /><E122/><V124/><F124/><W99/><G87/><T8/><D8/><N who="1" m="6567" /><E111/><V103/><F10/><W61/><G61/><T97/><D97/><U79/><E79/><V134/><F134/><W28/><G28/><T44/><D67/><U2/><E2/><V105/><F64/><W48/><G48/><AGARI ba="1,0" hai="20,24,29,44,48,52,53,56,60,80,81,82,90,91" machi="48" ten="40,7700,0" yaku="8,1,52,1,54,1" doraHai="40" who="0" fromWho="3" sc="308,80,250,0,192,0,250,-80" /><INIT seed="0,2,0,5,0,130" ten="388,250,192,170" oya="0" hai0="28,55,38,76,68,15,4,20,106,61,94,51,53" hai1="34,43,101,57,64,25,121,63,109,67,102,19,8" hai2="82,122,114,134,50,116,133,129,98,87,84,5,36" hai3="48,13,117,113,24,65,126,44,35,74,1,103,73"/><T62/><D106/><U18/><E121/><V21/><F36/><W108/><G65/><T112/><D38/><U107/><E109/><V30/><F122/><W12/><G103/><N who="1" m="39434" /><E34/><V37/><F37/><W91/><G91/><T78/><D68/><U23/><E107/><V47/><F129/><W56/><G56/><T110/><D112/><U75/><E75/><V45/><F114/><W88/><G88/><T99/><D4/><U0/><E0/><V131/><F131/><W100/><G100/><N who="0" m="60535" /><D110/><U69/><E69/><V66/><F116/><W128/><G44/><N who="2" m="16969" /><F66/><W104/><G24/><N who="0" m="16391" /><D15/><N who="1" m="7527" /><E67/><V95/><F50/><W105/><G48/><T60/><D51/><U80/><E80/><V3/><F82/><W14/><G14/><T89/><D89/><U33/><E33/><V111/><F111/><W22/><G13/><T132/><D76/><U125/><E125/><V58/><F98/><W124/><G12/><T41/><D78/><U52/><E64/><V70/><F70/><W16/><G35/><T81/><D81/><U123/><E123/><V7/><F95/><W77/><G108/><T71/><D71/><U32/><E32/><V119/><F119/><W96/><G117/><T79/><D79/><U27/><E25/><N who="2" m="16687" /><F3/><W92/><G1/><T59/><D62/><U97/><E97/><V49/><F7/><W6/><G128/><T127/><D127/><N who="3" m="48681" /><G113/><T10/><D61/><U29/><E29/><V2/><F2/><W31/><G6/><T118/><D60/><U86/><E86/><N who="2" m="32811" /><F5/><W72/><G77/><T26/><D118/><U9/><E9/><V93/><F93/><RYUUKYOKU ba="2,0" sc="388,-15,250,15,192,15,170,-15" hai1="19,23,27,43,52,57,63" hai2="49,58,133,134" /><INIT seed="1,3,0,1,3,114" ten="373,265,207,155" oya="1" hai0="72,51,66,6,46,15,112,25,85,33,37,96,3" hai1="32,36,60,63,40,86,92,98,73,31,80,76,58" hai2="119,105,30,135,94,64,91,121,18,59,104,10,12" hai3="122,26,68,24,42,17,13,111,41,54,90,109,57"/><U123/><E123/><V52/><F121/><W125/><G68/><T88/><D72/><U130/><E130/><V79/><F79/><W102/><G122/><T101/><D37/><U67/><E32/><V8/><F135/><W29/><G102/><T118/><D3/><U27/><E36/><V87/><F30/><W133/><G133/><T35/><D66/><U44/><E73/><V5/><F64/><W28/><G90/><T110/><D118/><U43/><E44/><V23/><F119/><W103/><G103/><T9/><D110/><N who="3" m="41993" /><G125/><T113/><D25/><N who="3" m="9833" /><G42/><T39/><D39/><U132/><E132/><V100/><F100/><W20/><G41/><T120/><D120/><U48/><E48/><AGARI ba="3,0" hai="13,17,20,28,29,48,54,57" m="9833,41993" machi="48" ten="30,1000,0" yaku="14,1" doraHai="114" who="3" fromWho="1" sc="373,0,265,-19,207,0,155,19" /><INIT seed="2,0,0,1,0,24" ten="373,246,207,174" oya="2" hai0="116,4,18,98,108,84,14,81,45,87,52,2,72" hai1="112,76,65,21,75,106,130,129,42,48,121,6,102" hai2="15,20,134,32,89,92,91,30,5,110,43,120,96" hai3="60,39,118,126,16,128,88,86,132,59,115,46,49"/><V131/><F120/><W41/><G118/><T107/><D108/><U74/><E112/><V54/><F131/><N who="1" m="50185" /><E121/><V22/><F134/><W83/><G132/><T27/><D2/><U28/><E6/><V9/><F110/><W33/><G128/><T51/><D116/><U78/><E65/><V25/><F89/><W93/><G115/><T40/><D72/><N who="1" m="27691" /><E21/><V56/><REACH who="2" step="1"/><F43/><REACH who="2" ten="373,246,197,174" step="2"/><W35/><G126/><T82/><D40/><U13/><E42/><V90/><F90/><W47/><G47/><T64/><D45/><U8/><E78/><V73/><F73/><W124/><G124/><T114/><D114/><U101/><E76/><V85/><F85/><W113/><G113/><T71/><D87/><U7/><E102/><V26/><F26/><W123/><G123/><T53/><D27/><U135/><E101/><V36/><F36/><W69/><G83/><T62/><D84/><U37/><E37/><V0/><F0/><W1/><G1/><T119/><D119/><U44/><E135/><V79/><F79/><W105/><G39/><T122/><D122/><U117/><E117/><V19/><F19/><W68/><G16/><T50/><D18/><U63/><E13/><V67/><F67/><W57/><G86/><T23/><D82/><U109/><E109/><V125/><F125/><W99/><G88/><T111/><D14/><U11/><E7/><V77/><F77/><W29/><G41/><T66/><D81/><U103/><E103/><V10/><F10/><W133/><G46/><T80/><D111/><U38/><E44/><V104/><F104/><W61/><G133/><RYUUKYOKU ba="0,1" sc="373,-10,246,-10,197,30,174,-10" hai2="5,9,15,20,22,25,30,32,54,56,91,92,96" /><INIT seed="2,1,1,5,2,96" ten="363,236,227,164" oya="2" hai0="63,47,46,50,89,76,14,13,37,61,67,5,83" hai1="87,56,4,81,53,75,130,90,2,110,102,68,41" hai2="29,132,70,82,121,48,71,122,107,16,20,1,28" hai3="57,59,133,58,49,115,74,40,64,54,101,11,99"/><V100/><F1/><W6/><G74/><T94/><D37/><U62/><E110/><V118/><F20/><W7/><G133/><T129/><D129/><U15/><E130/><V38/><F48/><W114/><G40/><T120/><D120/><N who="2" m="46186" /><F82/><W31/><G31/><N who="2" m="11849" /><F107/><W84/><G84/><N who="0" m="48231" /><D67/><U111/><E111/><V103/><F16/><W119/><G119/><T125/><D47/><U116/><E116/><V108/><F108/><W43/><G43/><T126/><D5/><U97/><E2/><V98/><F98/><W104/><G7/><T30/><D30/><U79/><E41/><V77/><F77/><W131/><G131/><T80/><D80/><U3/><E3/><V17/><F17/><W134/><G134/><T135/><D46/><U9/><E68/><N who="2" m="26155" /><F132/><W45/><REACH who="3" step="1"/><G64/><REACH who="3" ten="363,236,227,154" step="2"/><T18/><D135/><U66/><E66/><V78/><F78/><W106/><G106/><T60/><D18/><U112/><E79/><V109/><F109/><W117/><G117/><T22/><D22/><U0/><E4/><V42/><F118/><W124/><G124/><T24/><D126/><U23/><E23/><V44/><F42/><W26/><G26/><T55/><D24/><U8/><E75/><V36/><F44/><W123/><G123/><T34/><D125/><U65/><E65/><V12/><F12/><AGARI ba="1,2" hai="6,11,12,45,49,54,57,58,59,99,101,104,114,115" machi="12" ten="40,2600,0" yaku="1,1,52,1,53,0" doraHai="96" doraHaiUra="72" who="3" fromWho="2" sc="363,0,236,0,227,-29,154,49" /><INIT seed="3,0,0,5,5,55" ten="363,236,198,203" oya="3" hai0="93,43,9,96,12,26,67,32,76,21,62,14,124" hai1="110,92,111,90,49,114,7,28,98,100,25,47,80" hai2="27,51,8,122,128,65,112,74,97,35,17,104,19" hai3="60,88,54,126,77,41,73,38,105,78,29,133,20"/><W52/><G105/><T130/><D130/><U120/><E120/><V30/><F112/><W11/><G73/><T10/><D32/><U63/><E7/><V1/><F128/><W70/><G126/><T123/><D43/><U4/><E4/><N who="2" m="1039" /><F74/><W91/><G133/><T53/><D67/><U134/><E134/><V3/><F3/><W16/><G38/><T44/><D76/><N who="3" m="29289" /><G70/><T89/><D123/><U31/><E63/><V115/><F51/><W23/><G41/><T101/><D124/><U72/><E114/><V106/><F106/><W0/><G0/><T131/><D10/><U108/><E72/><V99/><F99/><W40/><G40/><T50/><D131/><U87/><E25/><V64/><F115/><W22/><G29/><N who="0" m="17615" /><D62/><U121/><E121/><V95/><F122/><W57/><G54/><AGARI ba="0,0" hai="28,31,47,49,54,80,87,90,92,98,100,108,110,111" machi="54" ten="40,1300,0" yaku="14,1" doraHai="55" who="1" fromWho="3" sc="363,0,236,13,198,0,203,-13" owari="363,46.3,249,4.9,198,-20.2,190,-31.0" /></mjloggm>