<mjloggm ver="2.3"><GO type="225" lobby="0"/><UN n0="%E3%81%BF%E3%81%BF%E3%81%9A" n1="%E3%81%8B%E3%82%8F%E3%81%A1%E3%82%83%E3%82%93%35%38" n2="%E7%99%BD%E5%80%89%E5%AF%9B%E4%B9%8B" n3="%E5%91%A8%E6%9D%B1" dan="17,16,16,17" rate="2169.39,2165.63,2118.71,2249.48" sx="M,M,M,M"/><TAIKYOKU oya="0"/><INIT seed="0,0,0,5,1,80" ten="250,250,250,250" oya="0" hai0="134,102,89,17,13,109,123,31,69,59,107,43,126" hai1="93,120,57,20,113,82,56,37,58,130,112,47,41" hai2="49,75,39,14,28,90,18,64,104,25,79,87,74" hai3="26,91,66,50,86,24,108,0,97,94,83,77,19"/><T62/><D123/><U45/><E120/><V96/><F39/><W15/><G0/><T54/><D109/><U122/><E122/><V85/><F64/><W3/><G3/><T95/><D126/><U2/><E2/><V7/><F7/><W55/><G66/><T32/><D134/><U22/><E130/><V40/><F79/><W67/><G67/><T51/><D107/><U121/><E121/><V129/><F129/><W128/><G108/><T111/><D102/><U127/><E127/><V81/><F87/><W117/><G117/><T133/><D111/><U63/><E63/><V34/><F96/><W27/><G128/><T11/><D69/><U132/><E132/><V70/><F104/><W100/><G77/><T88/><D133/><U4/><E4/><V135/><F70/><W61/><G61/><T10/><D32/><U110/><E110/><V92/><F81/><W118/><G118/><T48/><D31/><U125/><E125/><V98/><F98/><W76/><G76/><T23/><D89/><U60/><E60/><V84/><F84/><W115/><G115/><N who="1" m="44106" /><E82/><V114/><F114/><W36/><G36/><T5/><D43/><N who="1" m="22767" /><E93/><V105/><F105/><W29/><G29/><T131/><D131/><U8/><E8/><N who="0" m="3113" /><D5/><U6/><E6/><V68/><F135/><W1/><G1/><T119/><D119/><U106/><E106/><V16/><F68/><W99/><G99/><AGARI ba="0,0" hai="13,17,23,48,51,54,59,62,88,95,99" m="3113" machi="99" ten="30,2900,0" yaku="8,1,54,1" doraHai="80" who="0" fromWho="3" sc="250,29,250,0,250,0,250,-29" /><INIT seed="0,1,0,5,4,55" ten="279,250,250,221" oya="0" hai0="117,53,77,18,79,32,75,56,36,132,98,27,135" hai1="67,40,91,30,49,76,69,48,120,20,24,35,12" hai2="8,51,106,64,38,93,105,104,127,26,113,28,65" hai3="78,115,73,89,103,86,128,83,13,43,126,122,3"/><T59/><D117/><U58/><E120/><V45/><F38/><W41/><G3/><T110/><D36/><U109/><E69/><V2/><F113/><W114/><G122/><T133/><D110/><U92/><E109/><V6/><F93/><W29/><G29/><N who="0" m="19519" /><D75/><U125/><E125/><V119/><F127/><W112/><G126/><T130/><D130/><U1/><E1/><V17/><F17/><W42/><G128/><T5/><D5/><U61/><E76/><N who="0" m="29257" /><D53/><U72/><E72/><V22/><REACH who="2" step="1"/><F119/><REACH who="2" ten="279,250,240,221" step="2"/><W100/><REACH who="3" step="1"/><G13/><REACH who="3" ten="279,250,240,211" step="2"/><T62/><D133/><U90/><E12/><V116/><F116/><W15/><G15/><T96/><D135/><U102/><E30/><V71/><F71/><W88/><G88/><T46/><D132/><U54/><E91/><V70/><F70/><W121/><G121/><T57/><D18/><U0/><E90/><V118/><F118/><W94/><AGARI ba="1,2" hai="41,42,43,73,78,83,86,89,94,100,103,112,114,115" machi="94" ten="40,8000,1" yaku="1,1,0,1,53,3" doraHai="55" doraHaiUra="111" who="3" fromWho="3" sc="279,-41,250,-21,240,-21,211,103" /><INIT seed="1,0,0,5,5,130" ten="238,229,219,314" oya="1" hai0="28,93,74,35,27,90,41,103,76,43,104,110,26" hai1="48,66,50,122,23,133,64,40,134,16,114,81,121" hai2="42,5,20,46,101,31,39,82,102,22,1,63,37" hai3="123,96,58,7,91,89,0,34,47,51,73,117,24"/><U120/><E114/><V71/><F39/><W85/><G73/><T135/><D110/><U88/><E81/><V113/><F113/><W14/><G123/><T13/><D135/><N who="1" m="51723" /><E88/><V6/><F71/><W8/><G117/><T49/><D74/><U78/><E78/><V79/><F63/><W119/><G119/><T111/><D76/><U36/><E36/><V107/><F6/><W45/><G96/><T33/><D111/><U100/><E100/><V10/><F31/><W95/><G0/><T25/><D103/><N who="2" m="39434" /><F107/><W17/><G91/><T72/><D104/><U112/><E112/><V94/><F94/><W87/><G87/><T52/><D72/><U12/><E40/><V115/><F115/><W53/><G34/><T98/><D35/><U128/><E128/><V131/><F131/><W129/><G129/><T44/><D33/><U116/><E116/><V84/><F84/><W54/><G89/><T106/><D28/><U67/><AGARI ba="0,0" hai="12,16,23,48,50,64,66,67,120,121,122" m="51723" machi="67" ten="40,12000,1" yaku="20,1,52,3,54,1" doraHai="130" who="1" fromWho="1" sc="238,-40,229,120,219,-40,314,-40" /><INIT seed="1,1,0,2,5,123" ten="198,349,179,274" oya="1" hai0="41,22,99,4,40,34,75,65,91,35,57,63,100" hai1="77,53,62,17,74,2,6,86,87,110,105,128,111" hai2="101,124,95,117,13,131,68,98,115,1,84,47,126" hai3="26,33,79,59,49,114,85,7,130,28,0,32,38"/><U81/><E105/><V122/><F1/><W30/><G38/><T3/><D75/><U54/><E128/><V14/><F68/><W116/><G79/><T93/><D22/><U60/><E17/><V36/><F122/><W19/><G85/><T25/><D3/><U58/><E6/><V16/><F117/><W104/><G59/><T102/><D4/><U66/><E2/><V10/><F131/><W108/><G49/><T78/><D78/><U94/><E53/><V61/><F61/><W134/><G104/><T127/><D127/><N who="2" m="48682" /><F115/><W21/><G116/><T9/><D9/><U119/><E119/><V132/><F132/><W73/><G73/><T96/><D91/><U20/><E20/><V71/><F71/><W55/><G55/><T133/><D133/><U109/><E94/><V97/><F14/><W56/><G56/><AGARI ba="1,0" hai="54,56,58,60,62,66,74,77,81,86,87,109,110,111" machi="56" ten="40,12000,1" yaku="14,1,10,1,52,3" doraHai="123" who="1" fromWho="3" sc="198,0,349,123,179,0,274,-123" /><INIT seed="1,2,0,4,3,94" ten="198,472,179,151" oya="1" hai0="19,115,78,71,40,108,60,128,122,79,13,57,25" hai1="104,92,80,35,0,82,54,112,21,83,134,127,16" hai2="81,63,66,125,86,4,110,93,121,96,69,75,28" hai3="105,130,123,15,124,33,101,72,20,23,27,37,89"/><U126/><E104/><V26/><F121/><W135/><G89/><T114/><D71/><U38/><E112/><V2/><F110/><W52/><G37/><T17/><D108/><U90/><E38/><V67/><F67/><W133/><G123/><T42/><D122/><U100/><E35/><V58/><F125/><W76/><G124/><T117/><D117/><U7/><E134/><N who="3" m="51210" /><G130/><T70/><D70/><U99/><E54/><V111/><F111/><W48/><G15/><T55/><D128/><U97/><E0/><V10/><F75/><W39/><G39/><T24/><D115/><U95/><REACH who="1" step="1"/><E7/><REACH who="1" ten="198,462,179,151" step="2"/><V31/><F69/><W87/><G33/><T1/><D1/><U132/><E132/><V116/><F116/><W88/><G52/><T50/><D114/><U85/><E85/><V53/><F53/><W62/><G87/><T73/><D73/><U22/><E22/><V113/><F113/><W119/><G23/><N who="0" m="13423" /><D42/><U103/><E103/><V30/><F86/><W18/><G119/><T65/><D40/><U46/><E46/><V5/><F4/><W29/><G105/><T32/><D50/><U45/><E45/><V34/><F81/><N who="3" m="45191" /><G101/><AGARI ba="2,1" hai="2,5,10,26,28,30,31,34,58,63,66,93,96,101" machi="101" ten="30,2000,0" yaku="7,1,52,1" doraHai="94" who="2" fromWho="3" sc="198,0,462,0,179,36,151,-26" /><INIT seed="2,0,0,4,0,28" ten="198,462,215,125" oya="2" hai0="98,12,21,111,75,134,59,78,73,127,106,29,101" hai1="57,92,3,17,62,19,45,18,110,53,88,87,129" hai2="9,86,44,33,4,91,25,48,11,69,107,43,119" hai3="8,104,112,37,50,61,60,36,93,72,52,6,38"/><V120/><F69/><W82/><G104/><T22/><D111/><U32/><E32/><V40/><F107/><W15/><G112/><T14/><D127/><U130/><E3/><V126/><F120/><W74/><G93/><T49/><D134/><U77/><E110/><V105/><F105/><W20/><G20/><T94/><D106/><U58/><E45/><V85/><F119/><W124/><G124/><T95/><D78/><U24/><E24/><V96/><F43/><W123/><G123/><T0/><D0/><U1/><E1/><V117/><F117/><W109/><G109/><T47/><D73/><U16/><E18/><V26/><F96/><W135/><G135/><T2/><D75/><U7/><E7/><V116/><F86/><W64/><G82/><T56/><D94/><U125/><E125/><V51/><F51/><W63/><REACH who="3" step="1"/><G64/><REACH who="3" ten="198,462,215,115" step="2"/><T67/><D67/><U5/><E77/><V23/><F126/><W46/><AGARI ba="0,1" hai="6,8,15,36,37,38,46,50,52,60,61,63,72,74" machi="46" ten="40,8000,1" yaku="1,1,2,1,0,1,54,1,53,0" doraHai="28" doraHaiUra="81" who="3" fromWho="3" sc="198,-20,462,-20,215,-40,115,90" /><INIT seed="3,0,0,3,3,100" ten="178,442,175,205" oya="3" hai0="112,5,3,31,39,75,92,11,49,134,9,65,56" hai1="34,42,68,129,81,40,30,127,71,24,121,76,0" hai2="95,126,26,41,33,69,59,82,18,55,117,1,125" hai3="73,80,72,97,108,124,118,37,21,45,62,114,88"/><W20/><G118/><T8/><D39/><U111/><E121/><V63/><F117/><W58/><G114/><T46/><D75/><U43/><E0/><V23/><F1/><W89/><G124/><N who="2" m="47721" /><F41/><W123/><G123/><T116/><D116/><U60/><E127/><V25/><F69/><W13/><G108/><T2/><D112/><U44/><E111/><V10/><F10/><W91/><G80/><T113/><D113/><U109/><E109/><V84/><F95/><W132/><G132/><T14/><D134/><U51/><E129/><V130/><F130/><W96/><G37/><T83/><D83/><U16/><E16/><V77/><F33/><W87/><G45/><T74/><D74/><U22/><E22/><V27/><AGARI ba="0,0" hai="18,23,25,26,27,55,59,63,77,82,84" m="47721" machi="27" ten="30,1100,0" yaku="18,1" doraHai="100" who="2" fromWho="2" sc="178,-3,442,-3,175,11,205,-5" owari="175,-32.5,439,53.9,186,-21.4,200,0.0" /></mjloggm>