<mjloggm ver="2.3"><GO type="225" lobby="0"/><UN n0="%E3%83%A9%E3%82%A4%E3%83%B3%E3%81%AE%E8%99%8E" n1="%E9%B3%B3%E6%9D%B1%E3%81%AE%E3%81%BF%E3%81%91%E3%81%AB%E3%82%83%E3%82%93" n2="%E3%81%90%E3%81%A1%E3%82%84%E3%81%BE" n3="%E5%B8%86%E7%AB%8B%E5%A4%8F%E8%A1%A3" dan="16,17,16,17" rate="2138.91,2176.03,2128.52,2168.99" sx="M,F,M,M"/><TAIKYOKU oya="0"/><INIT seed="0,0,0,1,4,108" ten="250,250,250,250" oya="0" hai0="100,70,5,21,109,106,19,34,119,134,28,87,80" hai1="94,7,16,129,15,133,93,130,91,26,132,62,35" hai2="43,84,95,3,49,33,20,40,125,57,44,41,52" hai3="77,116,115,101,105,89,112,47,107,71,4,104,103"/><T135/><D119/><U76/><E76/><V118/><F33/><W68/><G116/><T37/><D37/><U6/><E62/><V60/><F118/><W102/><G77/><T56/><D70/><N who="3" m="26665" /><G89/><T12/><D5/><N who="1" m="1547" /><E91/><N who="2" m="53735" /><F3/><W86/><G86/><T36/><D36/><U114/><E93/><V27/><F125/><W9/><G4/><T1/><D1/><U98/><E94/><V54/><F54/><W67/><G67/><T123/><D123/><U113/><E98/><V82/><F82/><W22/><G22/><T121/><D121/><U110/><E110/><V2/><F2/><W42/><G9/><T74/><D74/><U131/><E26/><V55/><F55/><W24/><G24/><T11/><D109/><U79/><E79/><V13/><F13/><W65/><G65/><T51/><D100/><U92/><E92/><V127/><F127/><W59/><G59/><T88/><D106/><U85/><E85/><V120/><F120/><W14/><G14/><T73/><D73/><U78/><E78/><V122/><F122/><W25/><G25/><T58/><D51/><U75/><E75/><V30/><AGARI ba="0,0" hai="20,27,30,40,41,43,44,49,52,57,60" m="53735" machi="30" ten="30,2000,0" yaku="8,1,54,1" doraHai="108" who="2" fromWho="2" sc="250,-10,250,-5,250,20,250,-5" /><INIT seed="1,0,0,3,0,17" ten="240,245,270,245" oya="1" hai0="30,41,9,46,99,127,67,50,19,124,55,59,34" hai1="101,78,4,89,83,75,0,36,114,98,13,64,134" hai2="43,110,33,25,108,63,104,119,72,97,126,22,93" hai3="132,42,31,73,69,52,96,123,38,26,54,29,20"/><U111/><E114/><V8/><F119/><W35/><G123/><T84/><D99/><U16/><E36/><V53/><F72/><W115/><G115/><T61/><D34/><U130/><E130/><V39/><F33/><W27/><G132/><T45/><D30/><U131/><E131/><V71/><F104/><W103/><G73/><T121/><D121/><U117/><E117/><V105/><F105/><W2/><G2/><T100/><D100/><U48/><E134/><V92/><F8/><W107/><G42/><T116/><D116/><U90/><E111/><V76/><F76/><W11/><G38/><T24/><D84/><U118/><E118/><V3/><F3/><W58/><G11/><T88/><D88/><U6/><E64/><V62/><F62/><W112/><G112/><T37/><REACH who="0" step="1"/><D9/><REACH who="0" ten="230,245,270,245" step="2"/><U95/><E89/><V91/><F97/><W128/><G128/><T57/><D57/><U60/><E101/><V129/><F91/><W44/><G58/><T7/><D7/><U77/><E77/><V10/><F10/><W47/><REACH who="3" step="1"/><G69/><REACH who="3" ten="230,245,270,235" step="2"/><T113/><D113/><U18/><E0/><V15/><F71/><W82/><G82/><T80/><D80/><U1/><E1/><V94/><F129/><W32/><G32/><T40/><D40/><U135/><E4/><V56/><F110/><W133/><G133/><T66/><D66/><U14/><E135/><V79/><F108/><W86/><G86/><T28/><D28/><U68/><E6/><V49/><F43/><W85/><G85/><T120/><D120/><U102/><E83/><V106/><F56/><RYUUKYOKU ba="0,2" sc="230,15,245,-15,270,-15,235,15" hai0="19,24,37,41,45,46,50,55,59,61,67,124,127" hai3="20,26,27,29,31,35,44,47,52,54,96,103,107" /><INIT seed="2,1,2,0,1,8" ten="245,230,255,250" oya="2" hai0="5,56,7,131,87,96,3,103,14,34,10,101,91" hai1="80,47,79,29,33,43,17,134,119,32,54,86,59" hai2="73,65,111,135,52,84,62,71,126,58,40,114,105" hai3="39,35,85,117,31,130,125,72,63,70,50,108,19"/><V27/><F73/><W115/><RYUUKYOKU type="yao9" ba="1,2" sc="245,0,230,0,255,0,250,0" hai3="19,31,35,39,50,63,70,72,85,108,115,117,125,130" /><INIT seed="2,2,2,1,2,115" ten="245,230,255,250" oya="2" hai0="26,58,96,59,39,101,94,1,29,122,132,113,56" hai1="20,7,34,54,5,129,0,63,2,49,74,90,85" hai2="77,110,108,91,114,134,87,18,102,82,79,23,71" hai3="65,111,25,40,60,70,123,57,50,99,38,76,22"/><V28/><F114/><W48/><G76/><T43/><D113/><U105/><E74/><V41/><F71/><W52/><G123/><T130/><D122/><U3/><E34/><V31/><F134/><W45/><G111/><N who="2" m="42537" /><F41/><W66/><G99/><T12/><D1/><U15/><E105/><V68/><F102/><W36/><REACH who="3" step="1"/><G66/><REACH who="3" ten="245,230,255,240" step="2"/><T53/><D96/><U9/><E129/><V98/><F68/><W112/><G112/><T126/><D130/><U104/><E104/><V116/><F116/><W109/><G109/><T44/><D132/><U42/><E85/><V135/><F135/><W107/><G107/><T100/><D100/><U55/><E90/><V73/><F98/><W127/><G127/><T80/><D101/><U24/><E0/><V14/><F79/><W33/><G33/><T131/><D126/><U6/><E2/><V78/><F77/><W13/><G13/><T95/><D12/><U92/><E3/><V32/><F32/><W67/><G67/><T89/><D131/><U118/><E118/><V51/><F73/><W4/><G4/><T125/><D125/><U61/><E5/><V72/><F72/><W81/><G81/><T47/><D80/><U16/><E6/><V88/><F78/><W8/><G8/><T93/><D89/><U19/><E7/><V17/><F91/><W69/><G69/><T119/><D119/><U46/><E92/><V103/><F103/><W97/><G97/><T120/><D120/><U21/><E9/><N who="2" m="6351" /><F88/><W106/><G106/><T35/><D94/><U84/><E84/><V133/><F87/><W10/><G10/><RYUUKYOKU ba="2,3" sc="245,10,230,10,255,-30,240,10" hai0="26,29,35,39,43,44,47,53,56,58,59,93,95" hai1="15,16,19,20,21,24,42,46,49,54,55,61,63" hai3="22,25,36,38,40,45,48,50,52,57,60,65,70" /><INIT seed="3,3,3,1,3,36" ten="255,240,225,250" oya="3" hai0="110,77,3,63,65,96,68,2,105,47,58,99,7" hai1="108,46,39,76,12,122,75,29,60,67,89,90,48" hai2="82,135,83,64,20,23,101,103,0,41,50,38,132" hai3="81,74,130,118,84,54,115,86,57,120,4,51,24"/><W95/><G115/><T31/><D110/><U100/><E122/><V66/><F38/><W55/><G118/><T56/><D77/><U45/><E108/><V117/><F0/><W11/><G120/><T116/><D116/><U111/><E111/><V62/><F117/><W98/><G130/><T33/><D47/><U52/><E100/><N who="2" m="38475" /><F20/><W25/><G74/><T91/><D99/><U34/><E34/><V37/><F37/><W43/><G43/><T8/><D2/><U17/><E29/><V73/><F23/><W113/><G113/><T133/><D133/><N who="2" m="51274" /><F73/><W94/><G98/><T125/><D125/><U93/><E75/><V109/><F109/><W107/><G107/><T80/><D105/><U6/><E6/><V28/><F28/><W104/><G104/><T40/><D40/><U21/><E76/><V35/><F35/><W30/><G30/><T112/><D112/><U14/><E14/><V129/><F129/><W44/><G25/><T79/><D96/><U88/><E45/><N who="2" m="25903" /><F66/><W10/><G24/><T69/><D91/><U22/><E22/><V1/><F1/><W26/><G26/><T18/><D31/><U78/><E78/><V92/><F92/><N who="3" m="35371" /><G4/><T70/><D33/><U53/><E39/><V119/><F119/><W32/><G32/><T97/><D97/><N who="1" m="57511" /><E67/><V121/><F121/><W9/><G81/><T85/><REACH who="0" step="1"/><D18/><REACH who="0" ten="245,240,225,250" step="2"/><U61/><E90/><V127/><F127/><W126/><G126/><T131/><D131/><U5/><E89/><V13/><F13/><W114/><G114/><T106/><D106/><U87/><E12/><V72/><F72/><RYUUKYOKU ba="3,4" sc="245,10,240,-30,225,10,250,10" hai0="3,7,8,56,58,63,65,68,69,70,79,80,85" hai2="62,64,82,83" hai3="9,10,11,44,51,54,55,57,84,86" /><INIT seed="3,4,4,0,5,52" ten="255,210,235,260" oya="3" hai0="56,111,48,47,129,14,22,61,101,5,79,84,1" hai1="37,123,90,17,64,0,31,30,118,41,130,100,131" hai2="95,117,71,2,88,46,11,91,80,57,92,75,135" hai3="66,93,60,77,105,23,15,119,108,3,12,50,72"/><W121/><G105/><T9/><D111/><U19/><E123/><V83/><F117/><W70/><G121/><T10/><D129/><N who="1" m="49163" /><E118/><V25/><F71/><W63/><G3/><T133/><D133/><U127/><E127/><V39/><F135/><W36/><G36/><T34/><D34/><U40/><E0/><V102/><F75/><W116/><G108/><T86/><D101/><U125/><E125/><V82/><F25/><W128/><G128/><T20/><D1/><U68/><E100/><V26/><F26/><W24/><G50/><T85/><D79/><U115/><E115/><V7/><F57/><W32/><G63/><T13/><D56/><U53/><E53/><V65/><F65/><W87/><G72/><T73/><D73/><U113/><E113/><V69/><F69/><W58/><G70/><T97/><D61/><N who="1" m="39951" /><E90/><V45/><F39/><W78/><G116/><T104/><D104/><U96/><E96/><V67/><F67/><W126/><G126/><T76/><D97/><U120/><E120/><V112/><F112/><W114/><G114/><T51/><D76/><N who="3" m="29289" /><G119/><T27/><D48/><U6/><E6/><V49/><F102/><W94/><G32/><T89/><D89/><U54/><E54/><V99/><REACH who="2" step="1"/><F49/><REACH who="2" ten="255,210,225,260" step="2"/><W81/><G66/><T38/><D38/><U109/><E109/><V132/><F132/><W110/><G110/><T44/><D51/><U122/><E122/><V8/><F8/><W28/><G60/><T18/><D27/><U124/><E124/><V74/><F74/><W35/><G35/><T16/><D5/><U134/><E134/><RYUUKYOKU ba="4,5" sc="255,15,210,-15,225,15,260,-15" hai0="9,10,13,14,16,18,20,22,44,47,84,85,86" hai2="2,7,11,45,46,80,82,83,88,91,92,95,99" /><INIT seed="4,5,5,1,2,27" ten="270,195,240,245" oya="0" hai0="67,20,34,33,8,119,114,43,120,53,124,134,132" hai1="80,56,0,95,104,4,28,118,22,127,70,123,112" hai2="88,77,6,126,76,111,44,19,25,79,36,50,75" hai3="48,45,72,101,37,61,92,39,47,117,103,9,7"/><T129/><D119/><U102/><E118/><V97/><F111/><W106/><G106/><T121/><D114/><U41/><E70/><V82/><F36/><W59/><G72/><T122/><D124/><U86/><E123/><V13/><F126/><W68/><G68/><T46/><D129/><U73/><E127/><V93/><F6/><W54/><G117/><T130/><D130/><U24/><E41/><V64/><F25/><W84/><G47/><T128/><D128/><U87/><E112/><V81/><F64/><W42/><G39/><N who="0" m="21887" /><D67/><U113/><E113/><V31/><F31/><W55/><G55/><T108/><D108/><U23/><E23/><N who="2" m="11759" /><F75/><W30/><G30/><T78/><D78/><N who="1" m="44111" /><E0/><V51/><F51/><W135/><G135/><N who="0" m="51755" /><D20/><U115/><E4/><V26/><F26/><W116/><G37/><T109/><D109/><U71/><E71/><V96/><F97/><W29/><G29/><T90/><D53/><AGARI ba="5,5" hai="44,50,53,76,77,79,81,82,88,93,96" m="11759" machi="53" ten="30,2000,0" yaku="8,1,54,1" doraHai="27" who="2" fromWho="0" sc="270,-35,195,0,240,85,245,0" owari="235,-16.5,195,-30.5,325,42.5,245,4.5" /></mjloggm>