<mjloggm ver="2.3"><GO type="225" lobby="0"/><UN n0="%70%68%65%6E%6F%6D%65" n1="%E3%81%BF%E3%81%BF%E3%81%9A" n2="%E3%82%8F%E3%81%8B%E3%81%B0%2A%E3%82%AC%E3%83%BC%E3%83%AB" n3="%E5%B6%BA%E4%B8%8A%E5%92%B2" dan="16,17,16,16" rate="2200.52,2217.84,2170.58,2186.92" sx="M,M,M,F"/><TAIKYOKU oya="0"/><INIT seed="0,0,0,0,4,6" ten="250,250,250,250" oya="0" hai0="68,58,73,86,50,28,112,43,20,64,11,55,94" hai1="100,109,62,124,32,116,123,9,48,129,40,85,12" hai2="36,59,63,47,56,17,132,8,21,31,108,98,16" hai3="130,69,83,80,104,105,114,120,26,126,4,66,92"/><T53/><D112/><U34/><E116/><V22/><F108/><W110/><G4/><T125/><D73/><U10/><E123/><V67/><F132/><W37/><G26/><N who="0" m="16455" /><D68/><U54/><E109/><V30/><F98/><W99/><G66/><T0/><D0/><U81/><E100/><V134/><F134/><W101/><G69/><T65/><D125/><U1/><E124/><V107/><F107/><N who="3" m="41035" /><G37/><T38/><D38/><U49/><E129/><V52/><F8/><W57/><G57/><T33/><D33/><U122/><E122/><V115/><F115/><W106/><G126/><T77/><D43/><U95/><E32/><V88/><F47/><W7/><G7/><T111/><D111/><U84/><E34/><V74/><F36/><W70/><G70/><T41/><D41/><U82/><E1/><V121/><F74/><W79/><G110/><T42/><D42/><U93/><E12/><N who="2" m="9351" /><F121/><W15/><G15/><T75/><D75/><U2/><E40/><V72/><F72/><N who="3" m="43111" /><G114/><T5/><D5/><U133/><E2/><V76/><F76/><W51/><G120/><T103/><D11/><U89/><E133/><V19/><F19/><W87/><G130/><T44/><D77/><U102/><E102/><V27/><F88/><N who="3" m="51327" /><G51/><AGARI ba="0,0" hai="17,22,27,30,31,51,52,56,59,63,67" m="9351" machi="51" ten="30,3900,0" yaku="8,1,54,2" doraHai="6" who="2" fromWho="3" sc="250,0,250,0,250,39,250,-39" /><INIT seed="1,0,0,5,3,37" ten="250,250,289,211" oya="1" hai0="64,6,57,101,135,63,86,130,68,113,70,56,104" hai1="84,11,13,99,132,60,78,110,100,89,29,88,74" hai2="23,52,49,7,87,17,92,53,27,116,107,93,8" hai3="76,105,69,26,58,103,73,61,35,1,59,9,42"/><U24/><E132/><V31/><F107/><W131/><G131/><T18/><D113/><U96/><E110/><V71/><F71/><W79/><G73/><T39/><D6/><U114/><E114/><V109/><F116/><W38/><G76/><T83/><D135/><U129/><E129/><V5/><F109/><W50/><G79/><T15/><D39/><U102/><E74/><V94/><F87/><W51/><G1/><T32/><D32/><U4/><E60/><V90/><F90/><W62/><G9/><T67/><D130/><U21/><E78/><V115/><F115/><W2/><G2/><T112/><D112/><U22/><E22/><V33/><F53/><W118/><G118/><T120/><D57/><N who="3" m="21513" /><G26/><T36/><D36/><U54/><E54/><V19/><F33/><W10/><G10/><T77/><D67/><U95/><REACH who="1" step="1"/><E99/><REACH who="1" ten="250,240,289,211" step="2"/><V117/><F117/><W97/><G97/><T16/><D77/><U41/><E41/><V47/><F8/><W133/><G35/><T45/><D63/><N who="3" m="24073" /><G133/><T121/><D64/><U65/><E65/><V48/><F31/><W108/><G108/><T20/><D20/><U126/><E126/><V124/><F124/><W40/><G69/><T43/><D68/><U122/><E122/><V127/><F127/><W82/><G40/><T106/><D70/><U98/><E98/><V28/><F28/><W72/><G72/><T3/><D43/><U125/><E125/><V91/><F23/><W34/><G34/><T14/><D120/><U46/><E46/><V80/><F47/><N who="3" m="24023" /><G82/><AGARI ba="0,1" hai="4,11,13,21,24,29,82,84,88,89,95,96,100,102" machi="82" ten="30,11600,0" yaku="1,1,7,1,8,1,54,1,53,0" doraHai="37" doraHaiUra="30" who="1" fromWho="3" sc="250,0,240,126,289,0,211,-116" /><INIT seed="1,1,0,2,2,98" ten="250,366,289,95" oya="1" hai0="77,55,100,10,106,50,128,29,30,82,107,124,70" hai1="34,78,96,129,13,22,53,0,79,90,14,73,48" hai2="63,26,20,38,66,3,113,41,39,116,35,99,88" hai3="89,80,123,59,101,131,110,6,58,1,132,102,5"/><U68/><E68/><V47/><F116/><W135/><G123/><T91/><D70/><U133/><E34/><V81/><F3/><W12/><G110/><T92/><D124/><U105/><E0/><V28/><F113/><W119/><G1/><T72/><D128/><U49/><E129/><V8/><F8/><W65/><G131/><T126/><D126/><U19/><E133/><N who="3" m="51274" /><G119/><T33/><D10/><U23/><E105/><V37/><F35/><W15/><G80/><T125/><D125/><U108/><E108/><V86/><REACH who="2" step="1"/><F99/><REACH who="2" ten="250,366,279,95" step="2"/><W112/><G112/><T97/><D33/><U4/><E96/><V109/><F109/><W93/><G5/><T104/><REACH who="0" step="1"/><D100/><REACH who="0" ten="240,366,279,95" step="2"/><N who="3" m="38505" /><G6/><T130/><D130/><U118/><E4/><V16/><F16/><W42/><G42/><T69/><D69/><AGARI ba="1,2" hai="20,26,28,37,38,39,41,47,63,66,69,81,86,88" machi="69" ten="30,3900,0" yaku="1,1,7,1,54,1,53,0" doraHai="98" doraHaiUra="11" who="2" fromWho="0" sc="240,-42,366,0,279,62,95,0" /><INIT seed="2,0,0,0,3,117" ten="198,366,341,95" oya="2" hai0="26,101,44,70,123,15,68,19,134,71,5,30,124" hai1="23,40,120,56,82,11,97,118,135,107,87,1,47" hai2="119,24,103,86,85,75,18,28,69,57,78,13,35" hai3="113,73,110,72,58,79,21,32,54,109,125,127,48"/><V25/><F119/><W114/><G32/><T60/><D124/><N who="3" m="47689" /><G21/><T81/><D123/><U62/><E118/><V88/><F69/><W131/><G79/><T38/><D134/><U115/><E115/><N who="3" m="44042" /><G73/><T46/><D101/><U16/><E135/><V76/><F103/><W96/><G96/><T61/><D5/><U99/><E120/><V55/><F75/><W74/><G74/><T8/><D81/><U90/><E11/><V95/><F85/><W9/><G9/><T51/><D38/><U3/><E3/><V31/><F24/><W41/><G72/><T133/><D44/><U22/><E1/><V33/><F33/><W39/><G131/><T132/><D133/><U50/><E107/><V29/><F25/><W102/><G102/><T63/><D132/><U45/><E45/><AGARI ba="0,0" hai="39,41,45,48,54,58,109,110" m="44042,47689" machi="45" ten="40,8000,1" yaku="18,1,11,1,34,2" doraHai="117" who="3" fromWho="1" sc="198,0,366,-80,341,0,95,80" /><INIT seed="3,0,0,0,1,44" ten="198,286,341,175" oya="3" hai0="15,94,26,25,41,78,124,82,8,109,96,86,4" hai1="130,75,40,5,95,125,66,48,102,74,65,87,97" hai2="103,132,89,16,18,56,68,126,127,27,58,3,51" hai3="118,112,30,7,119,121,37,115,1,47,122,46,38"/><W116/><G30/><T54/><D109/><U101/><E125/><N who="2" m="47627" /><F132/><W33/><G33/><T88/><D124/><U73/><E130/><V61/><F3/><W67/><G7/><T20/><D41/><U57/><E5/><V0/><F0/><W76/><G1/><T22/><D54/><U55/><E40/><V134/><F134/><W24/><G24/><AGARI ba="0,0" hai="4,8,15,20,22,24,25,26,78,82,86,88,94,96" machi="24" ten="40,2600,0" yaku="8,1,54,1" doraHai="44" who="0" fromWho="3" sc="198,26,286,0,341,0,175,-26" owari="224,-17.6,286,8.6,341,44.1,149,-35.1" /></mjloggm>