<mjloggm ver="2.3"><GO type="225" lobby="0"/><UN n0="%E3%83%B4%E3%83%A0%EF%BC%99%E3%81%A6" n1="%E6%B7%91%E5%A5%B3%E3%81%AE%E5%97%9C%E3%81%BF" n2="%E4%BF%BA%E3%81%A8%E5%A6%96%E5%A4%A2" n3="%77%72%77%72%77%72%77%72" dan="16,16,16,17" rate="2171.80,2096.83,2131.46,2177.15" sx="M,M,F,M"/><TAIKYOKU oya="0"/><INIT seed="0,0,0,3,2,0" ten="250,250,250,250" oya="0" hai0="28,31,29,134,109,123,118,67,42,68,23,57,9" hai1="62,8,2,36,41,115,94,82,72,39,114,20,101" hai2="59,69,18,124,15,88,58,10,110,74,44,12,80" hai3="11,40,34,38,84,43,14,119,121,51,77,7,16"/><T100/><D118/><U6/><E20/><V120/><F120/><W92/><G119/><T122/><D68/><U53/><E101/><V91/><F69/><W24/><G121/><T46/><D134/><U96/><E62/><V1/><F1/><W64/><G38/><T125/><D125/><U37/><E53/><V85/><F124/><W78/><G64/><T97/><D23/><U93/><E96/><V50/><F110/><W111/><G111/><T90/><D90/><U95/><REACH who="1" step="1"/><E41/><REACH who="1" ten="250,240,250,250" step="2"/><V102/><F102/><W104/><G104/><T83/><D109/><U33/><E33/><V13/><F74/><W79/><G34/><T27/><D97/><U5/><E5/><V108/><F108/><W105/><G105/><T63/><D100/><U98/><E98/><V56/><REACH who="2" step="1"/><F91/><REACH who="2" ten="250,240,240,250" step="2"/><N who="3" m="53351" /><G40/><AGARI ba="0,2" hai="10,12,13,15,18,40,44,50,56,58,59,80,85,88" machi="40" ten="40,5200,0" yaku="1,1,8,1,54,1,53,0" doraHai="0" doraHaiUra="70" who="2" fromWho="3" sc="250,0,240,0,240,72,250,-52" /><INIT seed="1,0,0,0,2,109" ten="250,240,312,198" oya="1" hai0="29,87,135,36,126,44,63,35,56,5,81,41,79" hai1="123,112,4,121,67,2,25,50,31,130,0,100,47" hai2="114,80,1,24,27,8,21,40,99,134,86,22,82" hai3="12,23,18,73,16,49,91,64,120,15,48,60,132"/><U74/><E74/><V96/><F40/><W98/><G120/><T133/><D126/><U51/><E130/><V84/><F1/><W11/><G73/><T131/><D131/><U106/><E112/><V14/><F8/><W88/><G132/><N who="0" m="50763" /><D5/><U118/><E118/><V7/><F7/><W89/><REACH who="3" step="1"/><G98/><REACH who="3" ten="250,240,312,188" step="2"/><T55/><D35/><U102/><E121/><V65/><F134/><W128/><G128/><T61/><D29/><U3/><E123/><V33/><F33/><W53/><G53/><T39/><D39/><U117/><E31/><V58/><F65/><W93/><G93/><T76/><D79/><U30/><E67/><V92/><F92/><W90/><N who="3" m="22528" /><DORA hai="20" /><W69/><AGARI ba="0,1" hai="11,12,15,16,18,23,48,49,60,64,69" m="22528" machi="69" ten="40,8000,1" yaku="1,1,4,1,0,1,54,2,53,0" doraHai="109,20" doraHaiUra="122,77" who="3" fromWho="3" sc="250,-20,240,-40,312,-20,188,90" /><INIT seed="2,0,0,1,5,45" ten="230,200,292,278" oya="2" hai0="95,92,61,70,15,40,74,133,42,115,3,126,43" hai1="99,60,29,77,69,132,75,121,84,5,28,78,57" hai2="33,79,116,72,23,129,19,108,30,64,11,32,110" hai3="36,96,104,76,107,55,8,112,39,62,50,122,16"/><V9/><F64/><W35/><G122/><T1/><D74/><U17/><E121/><V31/><F79/><W10/><G35/><N who="2" m="13385" /><F72/><W135/><G76/><T90/><D115/><U91/><E132/><V63/><F63/><W119/><G119/><T103/><D133/><U106/><E69/><V87/><F87/><W125/><G135/><T131/><D126/><U12/><E5/><V25/><F129/><W118/><G118/><T52/><D70/><U94/><E77/><V98/><F98/><W128/><G125/><T111/><D131/><U13/><E75/><V109/><F116/><W20/><G112/><T82/><D82/><U86/><E13/><V97/><F97/><W21/><G62/><T93/><D103/><U47/><E47/><V51/><F51/><W34/><G34/><T56/><D90/><U123/><E123/><V49/><F49/><W65/><G65/><T67/><D67/><U83/><E86/><V7/><F9/><W46/><G128/><T102/><D102/><U124/><E124/><V71/><F71/><W80/><G80/><T88/><D88/><U89/><E106/><V73/><F73/><W4/><G96/><T2/><REACH who="0" step="1"/><D15/><AGARI ba="0,0" hai="7,11,15,19,23,25,30,31,108,109,110" m="13385" machi="15" ten="40,12000,1" yaku="14,1,10,1,34,2" doraHai="45" who="2" fromWho="0" sc="230,-120,200,0,292,120,278,0" /><INIT seed="2,1,0,1,4,101" ten="110,200,412,278" oya="2" hai0="11,124,37,21,112,15,111,123,42,78,27,130,92" hai1="17,127,109,23,22,98,122,81,110,105,104,60,96" hai2="3,84,1,16,71,76,24,52,134,46,33,67,6" hai3="34,50,55,121,18,133,90,100,126,135,97,95,113"/><V28/><F134/><N who="3" m="51211" /><G121/><T14/><D123/><U106/><E122/><V89/><F76/><W38/><G38/><T8/><D112/><U115/><E115/><V40/><F6/><W107/><G113/><T66/><D124/><U45/><E127/><V93/><F67/><W99/><G126/><T44/><D111/><N who="1" m="42507" /><E81/><V131/><F71/><W86/><G18/><T61/><D130/><U83/><E83/><V56/><F131/><W4/><G4/><T68/><D78/><U9/><E60/><V125/><F125/><W87/><G34/><T118/><D118/><U94/><E45/><AGARI ba="1,0" hai="45,50,55,86,87,90,95,97,99,100,107" m="51211" machi="45" ten="30,2000,0" yaku="20,1,52,1" doraHai="101" who="3" fromWho="1" sc="110,0,200,-23,412,0,278,23" /><INIT seed="3,0,0,5,2,120" ten="110,177,412,301" oya="3" hai0="20,22,13,79,73,103,66,88,123,99,82,14,28" hai1="81,12,110,94,125,16,106,72,96,92,113,39,78" hai2="60,77,130,133,36,91,129,3,6,27,5,102,114" hai3="10,86,84,4,93,1,101,17,8,74,71,42,21"/><W119/><G119/><T29/><D123/><U41/><E113/><V58/><F114/><W0/><G74/><T83/><D66/><U40/><E125/><V23/><F36/><W56/><G71/><T45/><D45/><U57/><E110/><V126/><F126/><W64/><G42/><T2/><D2/><U32/><E32/><V44/><F133/><W90/><G101/><T104/><D22/><U25/><E25/><V128/><F102/><W7/><G56/><T46/><D46/><U69/><E69/><V35/><F35/><W100/><G100/><T111/><D111/><U30/><E30/><V53/><F77/><W37/><G64/><T116/><D116/><U50/><E106/><V34/><F34/><W105/><G105/><T49/><D49/><U70/><E70/><V63/><F63/><W19/><G37/><T15/><REACH who="0" step="1"/><D20/><REACH who="0" ten="100,177,412,301" step="2"/><U67/><E39/><V33/><F23/><W51/><G51/><T26/><D26/><U55/><E67/><V76/><F27/><W52/><G52/><T43/><D43/><U11/><REACH who="1" step="1"/><E92/><REACH who="1" ten="100,167,412,301" step="2"/><V48/><F33/><W135/><G135/><T68/><D68/><U117/><E117/><V97/><F129/><W122/><G122/><T118/><D118/><U95/><E95/><V107/><F130/><W115/><G115/><T98/><D98/><U108/><E108/><V85/><F128/><W131/><G131/><T75/><D75/><U9/><E9/><V18/><F97/><N who="3" m="57527" /><G21/><T134/><D134/><U80/><E80/><V127/><F127/><W121/><G121/><T61/><D61/><U132/><E132/><RYUUKYOKU ba="0,2" sc="100,10,167,10,412,-30,301,10" hai0="13,14,15,28,29,73,79,82,83,88,99,103,104" hai1="11,12,16,40,41,50,55,57,72,78,81,94,96" hai3="0,1,4,7,8,10,17,19,84,86" /><INIT seed="3,1,2,2,5,28" ten="110,177,382,311" oya="3" hai0="121,105,49,12,99,15,66,62,117,109,124,95,1" hai1="23,70,14,60,18,78,52,21,110,43,75,54,65" hai2="26,119,126,125,31,85,115,48,96,116,38,53,40" hai3="68,98,87,92,63,69,3,93,134,32,101,100,19"/><W88/><G134/><T29/><D117/><U6/><E110/><V86/><F115/><W94/><G3/><T79/><D121/><U130/><E130/><V132/><F96/><W41/><G41/><T104/><D1/><U128/><E128/><V103/><F103/><W113/><G113/><T81/><D109/><U17/><E6/><V46/><F132/><W4/><G4/><T131/><D131/><U47/><E78/><V82/><F116/><W111/><G111/><T133/><D133/><U59/><E75/><V24/><F119/><W42/><G42/><T120/><D120/><U107/><E70/><V20/><F26/><W44/><G44/><T9/><D49/><N who="1" m="26879" /><E107/><V56/><F82/><W50/><G50/><T129/><D129/><U35/><E35/><V45/><F45/><W73/><G73/><T83/><D29/><U108/><E108/><V97/><F97/><W112/><G112/><T51/><D51/><U58/><E58/><V77/><F77/><W106/><G101/><T10/><D79/><U123/><E123/><V74/><F74/><W13/><G32/><T37/><D37/><U27/><AGARI ba="1,2" hai="14,17,18,21,23,27,52,54,59,60,65" m="26879" machi="27" ten="30,2000,0" yaku="8,1,54,1" doraHai="28" who="1" fromWho="1" sc="110,-6,177,43,382,-6,311,-11" owari="104,-39.6,220,-18.0,376,47.6,300,10.0" /></mjloggm>