<mjloggm ver="2.3"><GO type="225" lobby="0"/><UN n0="%72%61%6B%33" n1="%E6%9D%B1%E9%A2%A8%E3%81%AE%E3%81%8D%E3%82%83%E3%81%B7%E3%81%95%E3%82%93" n2="%E3%81%AF%E3%82%88%E3%81%8A%E3%81%98%E3%81%95%E3%82%93" n3="%E9%A6%AC%E5%BC%95%E7%81%AB%33" dan="16,16,16,16" rate="2110.38,2149.82,2196.79,2144.80" sx="M,M,M,M"/><TAIKYOKU oya="0"/><INIT seed="0,0,0,1,3,98" ten="250,250,250,250" oya="0" hai0="106,48,28,132,87,13,117,123,73,82,118,111,32" hai1="80,15,129,4,74,54,41,47,97,8,69,131,121" hai2="107,45,42,30,127,40,135,114,110,67,65,78,104" hai3="34,17,109,23,120,0,58,9,94,119,77,11,64"/><T44/><D123/><U46/><E69/><V100/><F114/><W10/><G119/><T43/><D132/><U115/><E97/><V83/><F135/><W90/><G34/><T20/><D106/><U86/><E74/><V93/><F110/><W89/><G109/><T128/><D111/><U49/><E121/><V33/><F127/><W25/><G120/><T35/><D73/><U21/><E21/><V14/><F14/><W22/><G77/><T75/><D75/><U134/><E115/><V50/><F42/><W60/><G0/><T56/><D128/><U26/><E26/><V122/><F122/><W91/><REACH who="3" step="1"/><G23/><REACH who="3" ten="250,250,250,240" step="2"/><T96/><D32/><U68/><E134/><V126/><F126/><W62/><G62/><T18/><D117/><U57/><E68/><V29/><F33/><W125/><G125/><T112/><D118/><U124/><E124/><V2/><F2/><W16/><G16/><T84/><D35/><U79/><REACH who="1" step="1"/><E47/><REACH who="1" ten="250,240,250,240" step="2"/><V52/><F45/><W53/><G53/><T95/><D112/><U133/><E133/><V92/><F52/><W59/><G59/><T55/><D56/><U38/><AGARI ba="0,2" hai="4,8,15,38,41,46,49,54,57,79,80,86,129,131" machi="38" ten="30,2000,0" yaku="1,1,0,1,53,0" doraHai="98" doraHaiUra="61" who="1" fromWho="1" sc="250,-10,240,40,250,-5,240,-5" /><INIT seed="1,0,0,2,1,124" ten="240,280,245,235" oya="1" hai0="75,1,13,73,52,114,76,37,25,67,102,44,39" hai1="70,66,97,105,127,84,91,132,126,78,117,86,36" hai2="2,62,82,100,35,45,95,109,68,31,7,43,51" hai3="38,89,55,65,90,3,99,34,83,30,121,58,101"/><U71/><E36/><V119/><F119/><W17/><G121/><T27/><D114/><U63/><E117/><V125/><F125/><N who="1" m="47625" /><E132/><V29/><F109/><W104/><G3/><T122/><D1/><U98/><E71/><V123/><F123/><W134/><G134/><T4/><D122/><U111/><E105/><V57/><F68/><W93/><G38/><T47/><D67/><U131/><E111/><V5/><F82/><W110/><G110/><T54/><D102/><U48/><E48/><V20/><F35/><W80/><G65/><T8/><D76/><U6/><E6/><N who="2" m="2059" /><F2/><W18/><G30/><T118/><D4/><U106/><E106/><V133/><F133/><W115/><G34/><T92/><D118/><U26/><E26/><V53/><F20/><W42/><G115/><T0/><D0/><U96/><E78/><V40/><F40/><W56/><G42/><T49/><D49/><U46/><E46/><V116/><F116/><W88/><G104/><T24/><D24/><U12/><E12/><V94/><F100/><W50/><G56/><T14/><D8/><U113/><E113/><V64/><F43/><W103/><G101/><T28/><D92/><AGARI ba="0,0" hai="29,31,45,51,53,57,62,64,92,94,95" m="2059" machi="92" ten="30,1000,0" yaku="8,1" doraHai="124" who="2" fromWho="0" sc="240,-10,280,0,245,10,235,0" /><INIT seed="2,0,0,1,3,80" ten="230,280,255,235" oya="2" hai0="65,127,23,19,31,0,67,124,45,119,81,61,17" hai1="135,95,107,10,105,123,100,90,12,89,91,130,16" hai2="18,120,84,122,134,14,53,7,129,35,34,112,87" hai3="8,44,126,131,58,33,30,88,36,37,99,62,50"/><V21/><F112/><W76/><G76/><T117/><D0/><U83/><E135/><V109/><F134/><W41/><G126/><N who="0" m="48171" /><D45/><U2/><E130/><V86/><F129/><W75/><G131/><T9/><D9/><U48/><E2/><V5/><F109/><W43/><G75/><T71/><D67/><U70/><E70/><V114/><F114/><W1/><G43/><T72/><D31/><U4/><E123/><V64/><F64/><W24/><G8/><T46/><D46/><U52/><E4/><V27/><F53/><W40/><G40/><T60/><D60/><U59/><REACH who="1" step="1"/><E83/><REACH who="1" ten="230,270,255,235" step="2"/><V55/><F120/><W3/><G3/><T93/><D81/><U38/><E38/><V56/><F122/><W104/><G1/><T78/><D71/><U54/><E54/><V94/><F5/><W25/><G36/><T39/><D65/><U106/><E106/><V26/><F94/><W102/><G37/><T121/><D39/><U98/><AGARI ba="0,1" hai="10,12,16,48,52,59,89,90,91,95,98,100,105,107" machi="98" ten="30,7900,0" yaku="1,1,0,1,54,2,53,0" doraHai="80" doraHaiUra="110" who="1" fromWho="1" sc="230,-20,270,89,255,-39,235,-20" /><INIT seed="3,0,0,0,2,113" ten="210,359,216,215" oya="3" hai0="33,90,5,132,123,73,2,103,69,57,112,121,29" hai1="99,96,4,109,65,44,50,47,59,52,23,128,7" hai2="91,111,54,134,26,49,40,12,107,130,53,18,84" hai3="125,6,37,63,36,120,48,32,67,72,129,106,20"/><W94/><G106/><T61/><D112/><U15/><E128/><V27/><F107/><W75/><G32/><T119/><D119/><U85/><E109/><V31/><F134/><W116/><G116/><T68/><D73/><U60/><E85/><V78/><F78/><W114/><G120/><T39/><D90/><U56/><E23/><N who="2" m="11719" /><F111/><W117/><G114/><T95/><D39/><U11/><E4/><V55/><F130/><W1/><G117/><T45/><D45/><AGARI ba="0,0" hai="7,11,15,44,45,47,50,52,56,59,60,65,96,99" machi="45" ten="40,2600,0" yaku="8,1,54,1" doraHai="113" who="1" fromWho="0" sc="210,-26,359,26,216,0,215,0" owari="184,-31.6,385,48.5,216,1.6,215,-18.5" /></mjloggm>