<mjloggm ver="2.3"><GO type="225" lobby="0"/><UN n0="%E3%81%BF%E3%81%BF%E3%81%9A" n1="%72%69%6F%75%63%68%61%6E" n2="%E3%81%AF%E3%82%88%E3%81%8A%E3%81%98%E3%81%95%E3%82%93" n3="%E3%82%8F%E3%81%8B%E3%81%B0%2A%E3%82%AC%E3%83%BC%E3%83%AB" dan="17,16,17,16" rate="2230.77,2144.96,2162.94,2108.10" sx="M,M,M,M"/><TAIKYOKU oya="0"/><INIT seed="0,0,0,5,1,84" ten="250,250,250,250" oya="0" hai0="6,27,58,86,95,32,49,120,128,117,15,90,42" hai1="8,5,21,123,44,26,37,74,33,54,104,38,92" hai2="100,76,4,94,9,78,109,122,83,12,114,17,60" hai3="43,67,96,80,97,132,108,129,29,47,101,103,64"/><T134/><D117/><U23/><E123/><V77/><F114/><W93/><G108/><T91/><D120/><U125/><E104/><V36/><F122/><W81/><G132/><T98/><D134/><U2/><E125/><V112/><F112/><W62/><G129/><T48/><D128/><U126/><E126/><V121/><F36/><W63/><G29/><T105/><D32/><U13/><E74/><V65/><F109/><W16/><G16/><T135/><D135/><U68/><E68/><V118/><F118/><W72/><G72/><T87/><D105/><U31/><E92/><V130/><F130/><W124/><G124/><T45/><D27/><U57/><E44/><V40/><F121/><W59/><G97/><T113/><D113/><U34/><E21/><V119/><F40/><W75/><G103/><T25/><D25/><U3/><E33/><V10/><F119/><W19/><G19/><T0/><D0/><U39/><REACH who="1" step="1"/><E34/><REACH who="1" ten="250,240,250,250" step="2"/><V51/><F94/><W14/><G75/><T11/><REACH who="0" step="1"/><D91/><REACH who="0" ten="240,240,250,250" step="2"/><U28/><E28/><V116/><F116/><W20/><G101/><T56/><D56/><U79/><E79/><V102/><F77/><W115/><G115/><T52/><AGARI ba="0,2" hai="6,11,15,42,45,48,49,52,58,86,87,90,95,98" machi="52" ten="30,12000,1" yaku="1,1,0,1,8,1,52,1,54,1,53,0" doraHai="84" doraHaiUra="22" who="0" fromWho="0" sc="240,140,240,-40,250,-40,250,-40" /><INIT seed="0,1,0,2,4,107" ten="380,200,210,210" oya="0" hai0="9,71,55,100,119,39,53,21,60,81,110,96,27" hai1="132,90,123,28,70,98,125,58,12,88,10,3,20" hai2="124,120,118,13,25,48,51,101,84,0,92,87,111" hai3="15,89,44,78,50,40,105,33,68,24,57,35,74"/><T85/><D119/><U26/><E123/><V2/><F120/><W64/><G105/><T61/><D39/><U121/><E121/><V45/><F118/><W31/><G35/><T54/><D9/><U52/><E70/><V42/><F111/><W17/><G89/><T127/><D127/><U18/><E125/><V19/><F124/><W126/><G126/><T8/><D8/><U106/><E132/><V34/><F34/><W115/><G115/><T116/><D116/><U129/><E129/><V112/><F112/><W122/><G122/><T83/><D110/><U79/><E79/><V128/><F128/><W99/><G99/><T56/><D71/><U22/><E106/><V86/><F25/><W7/><G7/><T29/><D61/><U93/><E3/><V67/><F67/><W80/><G64/><N who="0" m="38919" /><D85/><U135/><E135/><V75/><F75/><W109/><G109/><T14/><D14/><U36/><E36/><V94/><F51/><W82/><G68/><T117/><D117/><U4/><E90/><V73/><F73/><W32/><G32/><T30/><D29/><U76/><E76/><V47/><F47/><W104/><G104/><T72/><D72/><U5/><E10/><N who="2" m="6583" /><F101/><W102/><G102/><T134/><D134/><U11/><E11/><V91/><F91/><W43/><G57/><T16/><D30/><U49/><AGARI ba="1,0" hai="4,5,12,18,20,22,26,28,49,52,58,88,93,98" machi="49" ten="20,8000,1" yaku="0,1,7,1,8,1,54,2" doraHai="107" who="1" fromWho="1" sc="380,-41,200,83,210,-21,210,-21" /><INIT seed="1,0,0,5,1,34" ten="339,283,189,189" oya="1" hai0="116,59,101,32,42,107,110,95,35,18,30,114,76" hai1="29,5,66,126,27,23,39,96,44,122,69,104,3" hai2="70,33,25,128,58,57,121,77,38,4,51,99,98" hai3="61,103,65,112,73,21,106,85,55,53,80,54,133"/><U134/><E122/><V82/><F121/><W16/><G112/><T75/><D114/><U41/><E126/><V22/><F70/><W60/><G133/><T24/><D116/><U10/><E134/><V48/><F38/><W62/><G73/><T127/><D127/><U119/><E119/><V46/><F33/><W12/><G106/><T8/><D110/><U78/><E78/><V36/><F36/><W100/><REACH who="3" step="1"/><G65/><REACH who="3" ten="339,283,189,179" step="2"/><T87/><D107/><U129/><E129/><V64/><F128/><W28/><G28/><T125/><D30/><U1/><E66/><V83/><F64/><W15/><G15/><T7/><D75/><U11/><E69/><V47/><F4/><W97/><G97/><T89/><D125/><U124/><E124/><V31/><F98/><W0/><G0/><T88/><D7/><U81/><E104/><V84/><F99/><W94/><G94/><T45/><D95/><U52/><E96/><V113/><F113/><W40/><G40/><T123/><D42/><U63/><E81/><V79/><F82/><W2/><G2/><T118/><D123/><U111/><E1/><V14/><F14/><W135/><G135/><T20/><D118/><U19/><E29/><V92/><F92/><W108/><G108/><T13/><D13/><U67/><E111/><V49/><F77/><AGARI ba="0,1" hai="12,16,21,53,54,55,60,61,62,77,80,85,100,103" machi="77" ten="40,8000,1" yaku="1,1,8,1,54,1,53,1" doraHai="34" doraHaiUra="9" who="3" fromWho="2" sc="339,0,283,0,189,-80,179,90" /><INIT seed="2,0,0,4,3,59" ten="339,283,109,269" oya="2" hai0="135,71,119,8,105,82,46,85,57,37,32,117,91" hai1="72,107,52,6,65,122,112,66,134,45,60,127,22" hai2="43,120,17,54,41,87,88,19,95,94,26,47,33" hai3="90,96,9,101,124,73,5,40,11,79,70,55,62"/><V34/><F120/><W86/><G124/><T63/><D135/><U104/><E112/><V4/><F4/><W16/><G40/><N who="0" m="22799" /><D32/><U108/><E72/><V78/><F78/><W114/><G114/><T75/><D105/><U121/><E108/><V69/><F69/><W0/><G73/><T81/><D8/><U36/><E127/><V102/><F33/><W49/><G79/><T7/><D7/><U12/><E134/><V113/><F113/><W89/><G86/><T110/><D110/><U116/><E116/><N who="0" m="44617" /><D71/><N who="1" m="42407" /><E66/><V23/><F34/><W125/><G125/><T84/><D75/><U15/><E22/><V25/><F26/><W123/><G123/><N who="1" m="47114" /><E36/><V103/><F17/><W106/><G70/><T67/><D84/><U131/><E131/><V31/><F19/><W74/><G74/><T76/><D76/><U18/><E6/><V24/><F25/><W92/><G106/><N who="1" m="40490" /><E18/><V53/><F43/><W128/><G128/><T118/><D118/><U28/><E28/><V29/><F31/><W2/><G16/><T130/><D130/><U38/><E38/><V39/><REACH who="2" step="1"/><F95/><AGARI ba="0,0" hai="57,63,67,81,82,85,91,95" m="44617,22799" machi="95" ten="30,2000,0" yaku="12,1,52,1" doraHai="59" who="0" fromWho="2" sc="339,20,283,0,109,-20,269,0" /><INIT seed="3,0,0,4,4,81" ten="359,283,89,269" oya="3" hai0="104,134,64,86,22,44,19,43,40,88,123,71,90" hai1="124,77,16,105,85,49,130,15,14,2,126,72,42" hai2="89,133,70,25,59,54,13,37,4,28,65,68,84" hai3="76,41,117,97,87,58,96,6,127,128,0,56,47"/><W12/><G117/><T67/><D104/><U51/><E2/><V100/><F37/><W120/><G120/><T119/><D119/><U7/><E105/><V116/><F116/><W66/><G0/><T115/><D123/><U61/><E130/><V111/><F111/><W55/><G128/><T92/><D71/><U27/><E72/><V118/><F133/><W38/><G127/><N who="1" m="48682" /><E61/><V73/><F73/><W30/><G30/><T20/><D134/><U52/><E42/><N who="0" m="15913" /><D44/><N who="1" m="27687" /><E51/><V101/><F118/><W53/><G66/><T21/><D115/><U24/><E7/><V78/><F78/><W82/><G6/><T23/><D90/><U106/><E106/><V112/><F112/><W121/><G12/><AGARI ba="0,0" hai="12,19,20,21,22,23,64,67,86,88,92" m="15913" machi="12" ten="30,3900,0" yaku="8,1,52,1,54,1" doraHai="81" who="0" fromWho="3" sc="359,39,283,0,89,0,269,-39" owari="398,49.8,283,8.3,89,-41.1,230,-17.0" /></mjloggm>