<mjloggm ver="2.3"><GO type="225" lobby="0"/><UN n0="%E3%82%A2%E3%82%A4%E3%82%B9%E3%83%86%E3%82%A3%E3%83%BC%E3%81%82%E3%81%B9" n1="%4C%4F%4C%49%54%41" n2="%E6%B8%A9%E2%98%85%E6%83%85%E2%98%85%E6%8E%AA%E2%98%85%E7%BD%AE" n3="%72%69%6F%75%63%68%61%6E" dan="16,16,17,16" rate="2068.23,2151.78,2201.68,2134.63" sx="M,F,M,M"/><TAIKYOKU oya="0"/><INIT seed="0,0,0,5,1,90" ten="250,250,250,250" oya="0" hai0="24,119,35,118,42,34,127,106,22,65,23,110,72" hai1="112,18,100,89,54,94,32,48,96,108,128,135,126" hai2="19,102,134,116,4,29,120,45,84,111,31,105,132" hai3="76,10,49,129,66,75,20,52,43,73,114,39,103"/><T74/><D106/><U71/><E32/><N who="0" m="12329" /><D65/><U53/><E71/><V101/><F120/><W57/><G114/><T38/><D42/><U28/><E28/><N who="2" m="10827" /><F105/><W47/><G129/><T113/><D38/><U7/><E128/><V124/><F111/><W8/><G20/><N who="0" m="7723" /><D24/><U56/><E108/><V11/><F19/><W97/><G76/><T60/><D60/><U15/><E112/><V64/><F64/><W98/><G98/><T55/><D113/><U104/><E104/><V83/><F45/><W9/><REACH who="3" step="1"/><G66/><REACH who="3" ten="250,250,250,240" step="2"/><T44/><D110/><U77/><E77/><V27/><F27/><W63/><G63/><T99/><D99/><U3/><E96/><V46/><F134/><W78/><G78/><T121/><D121/><U87/><E135/><V95/><F132/><W2/><G2/><T80/><D127/><U37/><E126/><V21/><F124/><W85/><G85/><T13/><D74/><U92/><E87/><V59/><F21/><W68/><G68/><T61/><D13/><U130/><E15/><V6/><F84/><W14/><G14/><T40/><D72/><U16/><E3/><V41/><F102/><W25/><G25/><T79/><D79/><U81/><E100/><V109/><F101/><W88/><G88/><T1/><D1/><U91/><E91/><V50/><F109/><W51/><G51/><N who="0" m="27015" /><D80/><U123/><E81/><V12/><F83/><W70/><G70/><T5/><D5/><U30/><E7/><V69/><F69/><W133/><G133/><T26/><D26/><U82/><E82/><V62/><F6/><W33/><G33/><RYUUKYOKU ba="0,1" sc="250,15,250,-15,250,-15,240,15" hai0="55,61,118,119" hai3="8,9,10,39,43,47,49,52,57,73,75,97,103" /><INIT seed="0,1,1,5,3,105" ten="265,235,235,255" oya="0" hai0="28,69,63,33,64,110,17,42,61,19,50,60,75" hai1="36,62,111,95,47,48,21,57,3,133,23,106,109" hai2="87,115,1,98,94,54,107,66,78,132,31,14,30" hai3="0,11,65,79,135,39,40,12,68,127,96,24,121"/><T120/><D75/><U100/><E106/><V118/><F1/><W74/><G127/><T34/><D120/><U131/><E3/><V103/><F115/><W108/><G108/><N who="1" m="41546" /><E36/><V71/><F132/><W10/><G135/><T6/><D110/><U129/><E133/><V55/><F118/><W51/><G121/><T15/><D6/><U72/><E100/><V113/><F113/><W73/><G39/><T128/><D128/><N who="1" m="49227" /><E95/><V32/><F32/><W44/><G79/><T114/><D114/><U13/><E13/><V83/><F107/><W26/><G0/><T56/><D19/><U84/><E84/><V91/><F14/><W130/><G130/><T16/><D17/><U88/><E88/><V27/><F91/><W7/><G10/><T46/><D28/><U20/><E72/><V134/><F134/><W37/><G37/><T77/><D77/><U5/><E5/><V35/><REACH who="2" step="1"/><F31/><REACH who="2" ten="265,235,225,255" step="2"/><W9/><G12/><T52/><REACH who="0" step="1"/><D63/><AGARI ba="1,2" hai="27,30,35,54,55,63,66,71,78,83,87,94,98,103" machi="63" ten="40,5200,0" yaku="1,1,2,1,53,1" doraHai="105" doraHaiUra="97" who="2" fromWho="0" sc="265,-55,235,0,225,75,255,0" /><INIT seed="1,0,0,3,4,18" ten="210,235,300,255" oya="1" hai0="65,68,128,71,4,135,108,126,124,46,127,58,111" hai1="60,112,102,37,74,125,6,72,34,81,41,12,48" hai2="39,134,109,62,83,45,84,3,123,44,59,16,105" hai3="49,40,64,103,77,132,113,90,106,55,24,91,63"/><U78/><E112/><V8/><F123/><W119/><G113/><T101/><D4/><U7/><E34/><V95/><F105/><W15/><G132/><T85/><D101/><U30/><E125/><V88/><F134/><W100/><G119/><T29/><D29/><U89/><E102/><V5/><F109/><N who="0" m="42058" /><D135/><U11/><E30/><V25/><F39/><W33/><G40/><T92/><D92/><U61/><E37/><V117/><F117/><W42/><G42/><T98/><D98/><U70/><E74/><V129/><F129/><W56/><G77/><T73/><D85/><U2/><E70/><N who="0" m="26665" /><D73/><U57/><E89/><N who="3" m="33802" /><G33/><T38/><D128/><U26/><E26/><V97/><F97/><W31/><G106/><T9/><D9/><U115/><E115/><V20/><REACH who="2" step="1"/><F95/><REACH who="2" ten="210,235,290,255" step="2"/><W66/><G103/><T32/><D38/><U118/><E118/><V10/><F10/><W23/><G100/><T69/><D32/><U54/><E11/><V94/><F94/><W36/><G36/><T121/><D121/><U28/><E2/><V107/><F107/><W116/><G116/><T110/><D110/><U43/><E6/><V13/><F13/><W131/><G131/><T27/><D127/><U51/><E12/><V79/><F79/><W93/><G93/><T130/><D126/><U114/><E7/><V53/><AGARI ba="0,1" hai="3,5,8,16,20,25,44,45,53,59,62,83,84,88" machi="53" ten="20,12000,2" yaku="1,1,0,1,7,1,52,1,54,2,53,0" doraHai="18" doraHaiUra="75" who="2" fromWho="2" sc="210,-30,235,-60,290,130,255,-30" /><INIT seed="2,0,0,1,3,13" ten="180,175,420,225" oya="2" hai0="89,30,37,15,113,56,93,20,78,34,27,122,49" hai1="91,4,133,103,0,45,35,99,84,24,48,6,46" hai2="111,31,120,60,42,38,77,52,112,97,53,86,115" hai3="117,82,67,12,101,79,3,127,58,80,76,75,22"/><V109/><F120/><W106/><G117/><T44/><D113/><U73/><E73/><V62/><F31/><W9/><G127/><T128/><D128/><U7/><E133/><V28/><F28/><W41/><G41/><T74/><D37/><U123/><E123/><V66/><F97/><W55/><G67/><T114/><D114/><U105/><E35/><V17/><F86/><W32/><G32/><T40/><D122/><U72/><E72/><V104/><F77/><W26/><G3/><T23/><D56/><U96/><E24/><V87/><F87/><W1/><G1/><T126/><D126/><U110/><E99/><V107/><F42/><W121/><G121/><T88/><D89/><U70/><E70/><V19/><F66/><W135/><G135/><T95/><D95/><U21/><E110/><V90/><F90/><W14/><G106/><T50/><D49/><U59/><E21/><V18/><F18/><N who="3" m="12631" /><G101/><T64/><D64/><U131/><E0/><V16/><F19/><N who="3" m="8591" /><G75/><T54/><D15/><U124/><E131/><V92/><F92/><W36/><G14/><T83/><REACH who="0" step="1"/><D40/><REACH who="0" ten="170,175,420,225" step="2"/><U2/><E124/><V100/><F100/><W47/><G36/><AGARI ba="0,1" hai="16,17,36,38,52,53,60,62,104,107,109,111,112,115" machi="36" ten="25,18000,2" yaku="22,2,52,2,54,2" doraHai="13" who="2" fromWho="3" sc="170,0,175,0,420,190,225,-180" /><INIT seed="2,1,0,0,1,76" ten="170,175,610,45" oya="2" hai0="130,118,58,81,90,89,4,122,105,124,44,63,12" hai1="132,47,83,59,79,129,112,128,37,52,134,97,135" hai2="6,41,29,24,109,10,127,104,114,106,113,31,123" hai3="120,17,21,69,131,30,23,92,119,72,73,13,50"/><V117/><F123/><W91/><G119/><T55/><D122/><U28/><E112/><V101/><F117/><W43/><G120/><T7/><D118/><U82/><E28/><V62/><F41/><W60/><G131/><N who="1" m="50250" /><E97/><V67/><F127/><W96/><G69/><T64/><D130/><U1/><E1/><V100/><F62/><W36/><G36/><T74/><D105/><U51/><E79/><V9/><F24/><W11/><G60/><T26/><D124/><U32/><E32/><V56/><F56/><W99/><G96/><T54/><D26/><U46/><E46/><V35/><F6/><N who="0" m="2090" /><D74/><U20/><E20/><V33/><REACH who="2" step="1"/><F67/><REACH who="2" ten="170,175,600,45" step="2"/><W34/><G34/><T3/><D64/><U5/><E5/><V0/><F0/><W133/><G133/><T25/><D3/><U8/><E37/><V86/><F86/><W94/><G73/><T111/><D25/><U87/><E87/><V68/><F68/><W110/><G72/><T126/><D126/><U71/><E71/><V49/><F49/><W70/><G70/><T121/><D121/><U95/><E59/><V75/><F75/><W14/><G14/><T103/><D12/><U80/><E134/><V57/><F57/><W53/><G43/><T107/><D58/><U22/><E135/><V93/><F93/><N who="3" m="56767" /><G30/><T102/><D63/><U115/><E132/><V66/><F66/><W61/><G61/><T48/><D48/><U125/><E125/><V84/><F84/><W2/><G2/><T85/><D85/><U108/><E51/><V77/><F77/><W40/><G40/><T88/><D44/><RYUUKYOKU ba="1,1" sc="170,-10,175,-10,600,30,45,-10" hai2="9,10,29,31,33,35,100,101,104,106,109,113,114" /><INIT seed="2,2,1,4,4,94" ten="160,165,630,35" oya="2" hai0="48,19,26,92,124,16,7,114,89,61,62,33,30" hai1="60,79,97,74,131,101,81,64,11,102,13,77,65" hai2="0,109,76,117,47,105,40,106,31,118,58,2,122" hai3="93,15,90,14,75,44,46,99,27,85,39,57,29"/><V25/><F122/><W21/><G75/><T51/><D114/><U128/><E77/><V35/><F58/><W66/><G39/><T132/><D132/><U91/><E91/><V98/><F76/><W123/><G123/><T83/><D124/><U120/><E120/><V135/><F135/><W119/><G119/><N who="2" m="45577" /><F109/><W28/><G29/><T18/><D83/><U127/><E127/><V56/><F56/><W23/><G23/><T86/><REACH who="0" step="1"/><D7/><REACH who="0" ten="150,165,630,35" step="2"/><U129/><E128/><V63/><F63/><AGARI ba="2,2" hai="16,18,19,26,30,33,48,51,61,62,63,86,89,92" machi="63" ten="40,5200,0" yaku="1,1,2,1,54,1,53,0" doraHai="94" doraHaiUra="69" who="0" fromWho="2" sc="150,78,165,0,630,-58,35,0" /><INIT seed="3,0,0,0,2,1" ten="228,165,572,35" oya="3" hai0="40,6,135,128,49,20,112,59,19,116,3,58,8" hai1="73,102,118,32,31,65,130,56,29,103,132,35,123" hai2="10,120,64,80,74,45,78,131,110,114,24,88,82" hai3="67,43,51,72,62,126,109,100,119,36,68,28,37"/><W54/><G72/><T7/><D116/><U129/><E123/><V83/><F114/><W105/><G119/><T63/><D135/><U76/><E118/><V84/><F120/><W39/><G126/><T106/><D106/><U127/><E132/><V97/><F110/><W41/><G28/><T0/><D128/><N who="1" m="49259" /><E127/><V81/><F131/><W86/><G109/><T61/><D112/><U96/><E65/><V5/><F64/><W50/><G86/><T134/><D134/><U75/><E56/><N who="0" m="21545" /><D3/><U115/><E115/><V95/><F24/><W57/><G100/><N who="1" m="38442" /><E96/><V12/><F45/><N who="3" m="25903" /><G105/><T133/><D0/><U94/><E94/><V66/><F66/><W18/><G18/><T53/><D8/><U60/><E60/><N who="0" m="23113" /><D40/><AGARI ba="0,0" hai="36,37,39,40,43,51,54,57,62,67,68" m="25903" machi="40" ten="30,12000,1" yaku="35,5" doraHai="1" who="3" fromWho="0" sc="228,-120,165,0,572,0,35,120" /><INIT seed="3,1,0,5,3,66" ten="108,165,572,155" oya="3" hai0="28,31,39,69,51,25,24,30,72,45,29,128,108" hai1="40,103,135,33,120,123,124,26,65,44,102,92,0" hai2="4,14,84,104,59,37,116,6,134,56,22,32,112" hai3="36,96,5,62,86,20,95,57,97,46,42,34,80"/><W121/><G121/><T107/><D72/><U38/><E0/><V43/><F32/><W10/><G34/><T67/><D39/><U76/><E124/><V117/><F104/><W11/><G20/><T2/><D108/><U93/><E135/><V132/><F112/><W64/><G95/><T77/><D128/><U122/><E76/><V110/><F110/><W88/><REACH who="3" step="1"/><G11/><REACH who="3" ten="108,165,572,145" step="2"/><T7/><D107/><U3/><E92/><V58/><F22/><W78/><G78/><T113/><D77/><U90/><E33/><V50/><F132/><W16/><G16/><T129/><D113/><U133/><E133/><V82/><F134/><W125/><G125/><T79/><D129/><U48/><E93/><V81/><F117/><W1/><AGARI ba="1,1" hai="1,5,10,36,42,46,57,62,64,80,86,88,96,97" machi="1" ten="20,12000,1" yaku="1,1,0,1,7,1,54,1,53,1" doraHai="66" doraHaiUra="53" who="3" fromWho="3" sc="108,-41,165,-41,572,-41,145,133" /><INIT seed="3,2,0,5,5,73" ten="67,124,531,278" oya="3" hai0="35,44,9,37,1,21,91,54,46,65,8,59,45" hai1="132,0,115,97,18,93,106,116,131,32,43,57,56" hai2="40,90,50,58,24,110,70,98,69,78,66,95,55" hai3="121,88,133,51,117,89,63,23,127,114,85,83,13"/><W92/><G114/><T119/><D35/><U2/><E115/><V42/><F110/><W3/><G117/><T20/><D119/><U60/><E116/><V27/><F70/><W99/><G121/><T33/><D33/><U82/><E106/><V31/><F78/><W5/><G127/><T41/><D65/><U16/><E32/><V29/><F66/><W129/><G129/><T112/><D112/><U4/><E43/><N who="2" m="16427" /><F69/><W96/><G133/><T68/><D68/><U53/><E131/><V80/><F80/><W128/><G128/><T109/><D109/><U81/><E4/><V134/><F134/><W94/><G3/><T100/><D100/><U124/><E60/><V77/><F77/><N who="3" m="46319" /><G63/><T25/><D41/><U15/><E15/><V17/><F17/><N who="3" m="10671" /><G51/><T52/><D37/><U71/><E124/><V107/><F107/><W105/><G105/><T79/><D79/><U75/><E71/><V125/><F125/><W67/><G67/><T87/><D1/><U62/><E132/><V108/><F108/><W101/><G5/><T39/><D39/><U72/><E0/><V111/><F111/><W38/><G38/><T76/><D76/><N who="1" m="44167" /><E2/><V74/><F74/><W10/><G10/><N who="0" m="4203" /><D59/><U11/><E57/><V118/><F118/><W130/><G130/><T14/><D14/><U49/><E62/><V135/><F135/><W120/><G120/><T122/><D122/><U47/><E56/><V126/><F126/><W36/><G36/><T12/><D12/><U104/><E104/><V22/><F27/><W30/><G30/><N who="0" m="17703" /><D21/><U19/><E75/><V61/><F61/><RYUUKYOKU ba="2,0" sc="67,10,124,-30,531,10,278,10" hai0="44,45,46,52,54,87,91" hai2="22,24,29,31,50,55,58,90,95,98" hai3="88,89,92,94,96,99,101" /><INIT seed="3,3,0,4,2,117" ten="77,94,541,288" oya="3" hai0="66,39,14,123,125,13,82,36,6,113,51,34,45" hai1="11,122,99,135,29,114,110,96,49,62,32,65,15" hai2="54,57,21,80,84,55,89,103,30,38,22,5,52" hai3="42,79,92,75,100,109,1,7,105,61,41,90,50"/><W111/><G61/><T118/><D123/><U60/><E122/><V88/><F38/><W93/><G7/><T3/><D118/><U19/><E114/><V10/><F103/><W58/><G1/><T33/><D66/><U2/><E2/><V91/><F57/><W81/><G58/><T67/><D67/><U121/><E121/><V53/><F53/><W129/><G129/><T107/><D107/><U124/><E110/><N who="3" m="41994" /><G50/><T72/><D113/><U70/><E124/><V27/><F22/><W46/><G46/><T119/><D119/><U120/><E120/><V20/><F20/><W43/><G90/><T76/><D125/><U0/><E62/><V97/><F97/><AGARI ba="3,0" hai="41,42,43,75,79,81,92,93,97,100,105" m="41994" machi="97" ten="30,2900,0" yaku="14,1,10,1" doraHai="117" who="3" fromWho="2" sc="77,0,94,0,541,-38,288,38" /><INIT seed="3,4,0,5,1,27" ten="77,94,503,326" oya="3" hai0="114,93,54,99,47,66,1,116,69,128,125,102,87" hai1="11,111,129,26,133,91,67,98,71,64,121,70,19" hai2="35,126,50,49,8,104,123,48,119,16,85,51,81" hai3="61,86,34,21,130,10,90,60,135,17,84,53,31"/><W117/><G117/><T65/><D116/><U127/><E121/><V115/><F115/><W18/><G130/><T108/><D128/><U88/><E129/><V76/><F104/><W0/><G135/><T24/><D1/><U110/><E127/><V131/><F35/><W59/><G61/><T107/><D125/><U36/><E36/><V92/><F126/><W109/><G109/><N who="1" m="41482" /><E133/><V75/><F119/><W106/><G106/><T20/><D108/><U103/><E26/><V79/><F131/><W73/><G73/><T32/><D114/><U134/><E134/><V46/><F123/><W122/><G122/><T96/><D32/><U42/><E42/><N who="2" m="24663" /><F92/><W113/><G113/><T25/><D69/><N who="1" m="26123" /><E19/><N who="3" m="7178" /><G34/><T28/><D25/><U15/><E15/><N who="2" m="7271" /><F75/><W37/><G37/><T58/><D47/><U56/><E11/><V80/><F80/><N who="3" m="49415" /><G0/><T14/><D14/><U120/><E120/><V68/><F68/><W95/><G10/><T5/><D5/><U44/><E44/><V52/><F76/><W38/><G38/><T118/><D118/><U77/><E77/><V12/><F12/><W7/><G7/><T124/><D124/><U112/><E112/><V23/><F23/><W39/><G39/><T74/><D74/><U62/><E56/><AGARI ba="4,0" hai="49,50,51,52,56,79,81,85" m="7271,24663" machi="56" ten="30,3900,0" yaku="8,1,54,2" doraHai="27" who="2" fromWho="1" sc="77,0,94,-51,503,51,326,0" owari="77,-32.3,43,-45.7,554,65.4,326,12.6" /></mjloggm>