<mjloggm ver="2.3"><GO type="225" lobby="0"/><UN n0="%E7%99%BD%E5%80%89%E5%AF%9B%E4%B9%8B" n1="%E3%81%BF%E3%81%BF%E3%81%9A" n2="%70%68%65%6E%6F%6D%65" n3="%E3%83%A9%E3%83%BC%E3%83%A1%E3%83%B3%E4%BA%94%E9%83%8E" dan="16,17,16,16" rate="2104.75,2252.74,2171.51,2153.28" sx="M,M,M,M"/><TAIKYOKU oya="0"/><INIT seed="0,0,0,5,4,72" ten="250,250,250,250" oya="0" hai0="7,60,44,45,85,16,47,6,30,62,68,46,88" hai1="94,22,54,10,5,78,48,26,130,40,53,133,59" hai2="110,37,2,93,9,29,98,101,109,121,100,117,74" hai3="107,43,134,58,65,80,51,41,111,11,122,118,34"/><T39/><N who="0" m="11264" /><DORA hai="131" /><T91/><D39/><U132/><E130/><V18/><F37/><W127/><G34/><T35/><D35/><U97/><E40/><V28/><F121/><W33/><G33/><T83/><D30/><U12/><E53/><V99/><F74/><W112/><G112/><T81/><D68/><U32/><E78/><V21/><F117/><W114/><G114/><T79/><D16/><U96/><E32/><V64/><F64/><W90/><G107/><T84/><REACH who="0" step="1"/><D91/><REACH who="0" ten="240,250,250,250" step="2"/><U105/><E105/><V95/><F28/><W82/><G90/><T4/><AGARI ba="0,1" hai="4,6,7,60,62,79,81,83,84,85,88" m="11264" machi="4" ten="50,24000,3" yaku="1,1,2,1,0,1,8,1,52,1,54,1,53,3" doraHai="72,131" doraHaiUra="3,69" who="0" fromWho="0" sc="240,250,250,-80,250,-80,250,-80" /><INIT seed="0,1,0,1,5,71" ten="490,170,170,170" oya="0" hai0="32,6,11,60,129,2,83,86,4,128,94,116,3" hai1="7,55,130,107,47,34,108,9,82,28,12,96,114" hai2="102,92,68,31,49,40,8,131,95,124,19,13,132" hai3="110,33,125,112,42,100,134,104,121,25,72,70,80"/><T78/><D32/><U73/><E108/><V15/><F68/><W17/><RYUUKYOKU type="yao9" ba="1,0" sc="490,0,170,0,170,0,170,0" hai3="17,25,33,42,70,72,80,100,104,110,112,121,125,134" /><INIT seed="0,2,0,0,4,56" ten="490,170,170,170" oya="0" hai0="25,60,74,50,96,40,127,100,76,36,4,90,35" hai1="97,6,99,98,29,48,31,32,8,81,65,28,19" hai2="70,121,92,75,51,41,57,11,78,66,13,46,108" hai3="12,5,47,105,135,113,110,123,129,91,59,68,115"/><T1/><D90/><U82/><E32/><V16/><F121/><W124/><G68/><T134/><D50/><U30/><N who="1" m="7168" /><DORA hai="54" /><U61/><E19/><V7/><F108/><W3/><G105/><T112/><D25/><U77/><E48/><V111/><F111/><W55/><G3/><T64/><D35/><U80/><E77/><V38/><F70/><W0/><G0/><T89/><D89/><U104/><E104/><V58/><F66/><W109/><G123/><T62/><D64/><U45/><E45/><V116/><F116/><W52/><G91/><T94/><D112/><N who="3" m="43081" /><G12/><T119/><D127/><U9/><E6/><V15/><F92/><W27/><G27/><T20/><D20/><U106/><E106/><V131/><F131/><W23/><G23/><T71/><D71/><AGARI ba="2,0" hai="8,9,61,65,71,80,81,82,97,98,99" m="7168" machi="71" ten="60,7700,0" yaku="29,2,52,1" doraHai="56,54" who="1" fromWho="0" sc="490,-83,170,83,170,0,170,0" /><INIT seed="1,0,0,0,5,75" ten="407,253,170,170" oya="1" hai0="18,21,24,35,58,98,56,64,97,82,55,77,11" hai1="87,73,131,99,52,48,122,59,2,125,92,111,33" hai2="119,1,89,108,93,88,38,42,74,12,49,110,116" hai3="117,109,4,130,40,36,80,135,51,96,20,79,91"/><U65/><E73/><V112/><F1/><W132/><G36/><T120/><D120/><U34/><E122/><V54/><F74/><W123/><G123/><T90/><D35/><U118/><E118/><V63/><F112/><W19/><G117/><T67/><D11/><U31/><E2/><V85/><F63/><W3/><G109/><N who="2" m="42089" /><F12/><W121/><G121/><T50/><D58/><U95/><E111/><V103/><F103/><W106/><G130/><T115/><D115/><U60/><E125/><V124/><F124/><W17/><G4/><T13/><D13/><U32/><E131/><V102/><F102/><N who="3" m="62791" /><G3/><T70/><D70/><U61/><E61/><V71/><F71/><W22/><G91/><T72/><REACH who="0" step="1"/><D90/><REACH who="0" ten="397,253,170,170" step="2"/><U46/><E33/><V41/><F89/><W134/><G22/><T15/><D15/><U53/><E34/><V44/><F42/><W83/><G20/><T81/><D81/><N who="3" m="31305" /><G79/><T14/><D14/><U62/><E32/><V7/><F7/><W66/><G66/><AGARI ba="0,1" hai="18,21,24,50,55,56,64,66,67,72,77,82,97,98" machi="66" ten="40,2600,0" yaku="1,1,52,1,53,0" doraHai="75" doraHaiUra="9" who="0" fromWho="3" sc="397,36,253,0,170,0,170,-26" /><INIT seed="2,0,0,3,4,120" ten="433,253,170,144" oya="2" hai0="102,86,72,88,89,66,30,51,109,14,122,130,42" hai1="80,74,108,70,101,98,28,104,39,9,33,128,2" hai2="20,6,36,118,73,81,123,114,44,79,49,92,134" hai3="85,124,111,121,106,24,129,32,84,90,12,76,60"/><V5/><F114/><W97/><G121/><T61/><D109/><U107/><E108/><V126/><F123/><W125/><G111/><T132/><D72/><U127/><E127/><N who="3" m="48714" /><G12/><T112/><D102/><U37/><E128/><V38/><F118/><W95/><G60/><T26/><D132/><U94/><E107/><V87/><F126/><W56/><G56/><T25/><D89/><U105/><E105/><V13/><F134/><W64/><G64/><T31/><D14/><U69/><E94/><V53/><F6/><W41/><G41/><T116/><D130/><U54/><E54/><V113/><F113/><W52/><G52/><T68/><D122/><U23/><E23/><V135/><F135/><W58/><G58/><N who="0" m="37175" /><D116/><U47/><E80/><V71/><F71/><N who="1" m="27145" /><E47/><V93/><F20/><W8/><G8/><T115/><D68/><U27/><E74/><V18/><F5/><AGARI ba="0,0" hai="2,5,9,27,28,33,37,39,98,101,104" m="27145" machi="5" ten="30,2000,0" yaku="33,2" doraHai="120" who="1" fromWho="2" sc="433,0,253,20,170,-20,144,0" /><INIT seed="3,0,0,2,3,66" ten="433,273,150,144" oya="3" hai0="75,116,41,68,60,28,90,37,69,16,23,88,11" hai1="26,125,128,91,30,57,29,48,134,22,117,96,9" hai2="55,19,64,0,93,47,40,50,118,46,70,20,99" hai3="127,112,121,124,122,6,81,133,111,102,85,39,67"/><W119/><G112/><T42/><D75/><U130/><E117/><V45/><F118/><W79/><G119/><T120/><D120/><U58/><E125/><N who="3" m="48202" /><G39/><T77/><D77/><U86/><E134/><V36/><F0/><W74/><G133/><T12/><D116/><U113/><E113/><V114/><F114/><W92/><G6/><T53/><D69/><U18/><E96/><V80/><F80/><N who="3" m="45175" /><G67/><T49/><D68/><U17/><E17/><V82/><F82/><W34/><G34/><T87/><D60/><U61/><E48/><V38/><F64/><W8/><G8/><T105/><D105/><U108/><E108/><V56/><F70/><W106/><G106/><T83/><D90/><U101/><E101/><V78/><F78/><N who="3" m="46263" /><G111/><T129/><D37/><U43/><E9/><V59/><F38/><W10/><G10/><T5/><D28/><N who="1" m="10859" /><E43/><V76/><F76/><W104/><G104/><T115/><D115/><U52/><E52/><V63/><F36/><W33/><G33/><T2/><D129/><N who="1" m="49771" /><E61/><V27/><F59/><AGARI ba="0,0" hai="2,5,11,12,16,23,41,42,49,53,59,83,87,88" machi="59" ten="30,3900,0" yaku="7,1,54,2" doraHai="66" who="0" fromWho="2" sc="433,39,273,0,150,-39,144,0" owari="472,57.2,273,7.3,111,-38.9,144,-25.6" /></mjloggm>