<mjloggm ver="2.3"><GO type="225" lobby="0"/><UN n0="%E3%83%96%E3%83%83%E3%83%91%E3%82%AA%E3%83%96%E3%83%81%E3%82%AD%E3%83%B3" n1="%E5%B0%8F%E9%B3%A5%E9%81%8A%E7%B7%B4%E7%84%A1%32%31%E6%AD%B3" n2="%66%67%67%68%68%64%66" n3="%E7%99%BD%E5%80%89%E5%AF%9B%E4%B9%8B" dan="16,17,16,16" rate="2156.80,2138.26,2111.07,2151.70" sx="M,F,M,M"/><TAIKYOKU oya="0"/><INIT seed="0,0,0,5,4,17" ten="250,250,250,250" oya="0" hai0="52,123,59,134,68,33,8,21,91,80,44,70,11" hai1="78,75,61,135,53,49,56,26,77,101,65,67,104" hai2="128,79,97,124,6,82,14,55,3,9,131,38,127" hai3="12,54,99,27,120,58,1,90,87,69,74,126,95"/><T114/><D114/><U42/><E135/><V43/><F55/><W92/><G1/><T71/><D123/><U32/><E75/><N who="2" m="43391" /><F14/><W132/><G74/><T115/><D33/><U84/><E42/><V62/><F62/><W64/><G126/><N who="2" m="48169" /><F97/><W121/><G132/><T36/><D115/><U45/><E67/><V108/><F108/><W31/><G12/><T85/><D134/><U113/><E113/><V2/><F2/><W19/><G19/><T50/><REACH who="0" step="1"/><D21/><REACH who="0" ten="240,250,250,250" step="2"/><U130/><E32/><V57/><F57/><W129/><G121/><T39/><D39/><U15/><E56/><V4/><F4/><W28/><G120/><T0/><D0/><U5/><E45/><AGARI ba="0,1" hai="3,6,9,38,43,45,128,131" m="48169,43391" machi="45" ten="30,3900,0" yaku="25,1,18,1,23,1" doraHai="17" who="2" fromWho="1" sc="240,0,250,-39,250,49,250,0" /><INIT seed="1,0,0,0,2,88" ten="240,211,299,250" oya="1" hai0="113,99,73,45,5,29,59,63,105,47,3,106,72" hai1="77,117,118,0,2,13,15,21,85,50,66,7,57" hai2="74,132,56,22,71,100,134,67,121,11,111,135,76" hai3="104,39,82,81,42,108,4,119,35,8,96,107,92"/><U83/><E15/><V120/><F71/><W20/><G35/><T38/><D113/><U86/><E86/><V19/><F111/><W54/><G108/><T79/><D29/><U65/><E65/><V94/><F11/><W26/><G119/><T16/><D38/><U17/><E7/><V101/><F76/><W98/><G107/><T126/><D5/><U87/><E87/><V51/><F74/><W52/><G104/><T90/><D3/><U125/><E125/><V23/><F23/><W93/><G42/><T70/><D59/><U18/><E18/><V41/><F41/><W129/><G39/><T14/><D16/><U53/><REACH who="1" step="1"/><E66/><REACH who="1" ten="240,201,299,250" step="2"/><V61/><F67/><W48/><G4/><T55/><D14/><U60/><E60/><V122/><F61/><W37/><G8/><T131/><D63/><U31/><E31/><V127/><F127/><W6/><G6/><T78/><D126/><U10/><E10/><V68/><F19/><N who="3" m="12575" /><G129/><T95/><D131/><U34/><E34/><V58/><F121/><W28/><G28/><T30/><D30/><U84/><E84/><V27/><F120/><W89/><G37/><T33/><D33/><U103/><E103/><V102/><F122/><W124/><G124/><T32/><D32/><U44/><E44/><V123/><F102/><N who="3" m="60679" /><G54/><T25/><D55/><U24/><E24/><V128/><F123/><W97/><G97/><T109/><D99/><U112/><E112/><V9/><F128/><W114/><G114/><T43/><D25/><U62/><E62/><V110/><F27/><W130/><G130/><T75/><D75/><RYUUKYOKU ba="0,1" sc="240,-15,201,15,299,-15,250,15" hai1="0,2,13,17,21,50,53,57,77,83,85,117,118" hai3="48,52,81,82,89,93,98" /><INIT seed="1,1,1,1,5,87" ten="225,216,284,265" oya="1" hai0="59,111,0,27,66,16,122,134,52,29,25,79,76" hai1="109,120,35,5,46,10,42,53,4,89,104,62,125" hai2="96,45,33,131,14,94,37,19,31,106,51,100,133" hai3="95,22,114,117,43,44,34,38,110,129,1,123,6"/><U90/><E120/><V102/><F131/><W7/><G34/><T108/><D0/><U99/><E35/><V20/><F133/><W61/><G123/><T57/><D122/><U115/><E115/><V28/><F37/><W71/><G114/><T72/><D134/><U130/><E130/><V116/><F116/><W103/><G117/><T126/><D126/><U128/><E128/><V49/><F33/><W39/><G39/><T86/><D72/><U92/><E104/><V24/><F51/><W74/><G74/><T119/><D119/><U9/><E125/><V124/><F124/><W107/><G107/><T13/><D29/><U77/><E77/><V70/><F70/><W36/><G36/><T101/><D101/><N who="1" m="60647" /><E109/><N who="0" m="42057" /><D59/><N who="1" m="35183" /><E10/><N who="2" m="6615" /><F106/><W98/><G1/><T15/><D66/><U91/><E9/><V21/><F21/><W40/><G129/><T17/><D79/><U112/><E112/><V127/><F127/><W8/><G110/><T12/><D76/><U85/><E85/><V84/><F84/><W88/><G8/><T105/><D86/><U26/><E26/><N who="0" m="9737" /><D105/><U2/><E2/><V54/><F31/><W50/><G38/><T93/><D93/><U58/><E58/><V64/><F64/><W32/><G95/><T47/><D57/><U11/><E11/><V60/><F60/><W18/><G61/><T97/><D97/><U118/><E118/><V23/><F23/><W41/><G22/><T56/><D56/><U135/><E135/><V55/><F102/><W63/><G103/><T3/><D3/><U78/><E78/><V75/><F75/><W82/><G98/><RYUUKYOKU ba="1,1" sc="225,10,216,10,284,10,265,-30" hai0="12,13,15,16,17,47,52" hai1="4,5,42,46,89,90,91" hai2="20,24,28,45,49,54,55,94,96,100" /><INIT seed="1,2,1,0,0,128" ten="235,226,294,235" oya="1" hai0="59,27,37,1,13,51,79,122,90,104,17,25,38" hai1="28,119,8,22,43,131,69,125,41,50,9,44,64" hai2="112,54,96,107,78,7,103,135,121,6,60,73,76" hai3="133,83,68,71,14,88,67,55,98,124,95,33,70"/><U58/><E119/><V11/><F121/><W115/><G33/><T18/><D122/><U127/><E131/><V39/><F39/><W94/><G115/><T77/><D1/><U5/><E69/><V106/><F112/><W80/><G124/><N who="1" m="47690" /><E41/><V2/><F107/><W99/><G67/><T84/><D104/><U29/><E22/><V117/><F117/><W36/><G36/><T57/><D51/><U61/><E9/><V0/><F73/><W48/><G14/><AGARI ba="2,1" hai="5,8,14,28,29,43,44,50,58,61,64" m="47690" machi="14" ten="30,1500,0" yaku="18,1" doraHai="128" who="1" fromWho="3" sc="235,0,226,31,294,0,235,-21" /><INIT seed="1,3,0,0,5,7" ten="235,257,294,214" oya="1" hai0="85,18,93,15,67,89,81,20,119,126,21,123,66" hai1="108,32,117,125,28,0,25,122,35,106,101,120,11" hai2="52,132,8,26,24,6,78,105,10,111,19,99,36" hai3="47,131,96,134,59,4,22,92,79,42,69,83,5"/><U48/><E117/><V61/><F36/><W116/><G69/><T75/><D119/><U60/><E125/><V55/><F111/><W90/><G116/><T84/><D126/><U112/><E112/><V57/><F132/><W16/><G134/><T115/><D115/><U104/><E108/><V95/><F105/><W17/><G131/><T71/><D75/><U129/><E48/><V56/><F78/><W88/><G90/><T91/><D71/><U94/><E94/><V34/><F34/><W128/><G59/><T80/><D123/><U74/><E74/><V53/><F6/><W109/><G109/><T107/><D107/><U41/><E41/><V37/><F37/><W135/><G128/><T44/><D93/><U54/><E35/><V68/><F68/><W127/><G127/><T1/><D1/><U50/><E60/><N who="2" m="35871" /><F53/><W124/><G124/><T121/><D121/><U14/><E0/><V63/><F63/><W73/><G135/><T62/><D62/><U77/><E77/><V100/><F19/><W102/><G102/><T31/><REACH who="0" step="1"/><D44/><REACH who="0" ten="225,257,294,214" step="2"/><U2/><E2/><V12/><F12/><W23/><G47/><T97/><D97/><U33/><E106/><V98/><F99/><W114/><G114/><T70/><D70/><U39/><E120/><V118/><F118/><W130/><G130/><T76/><D76/><U43/><E129/><V3/><F3/><W64/><G79/><T40/><D40/><U82/><E43/><V65/><F65/><W30/><G64/><T110/><D110/><U29/><E122/><V45/><F45/><W72/><G73/><RYUUKYOKU ba="3,1" sc="225,15,257,-15,294,15,214,-15" hai0="15,18,20,21,31,66,67,80,81,84,85,89,91" hai2="8,10,24,26,52,57,61,95,98,100" /><INIT seed="2,4,1,0,0,131" ten="240,242,309,199" oya="2" hai0="40,102,103,71,83,10,54,4,23,61,51,27,100" hai1="106,69,87,45,116,52,74,81,35,6,3,39,120" hai2="113,101,121,66,90,0,128,73,84,91,130,47,13" hai3="86,20,68,26,64,79,135,108,63,42,28,94,118"/><V76/><F0/><W41/><G118/><T57/><D83/><U111/><RYUUKYOKU type="yao9" ba="4,1" sc="240,0,242,0,309,0,199,0" hai1="3,6,35,39,45,52,69,74,81,87,106,111,116,120" /><INIT seed="2,5,1,5,2,41" ten="240,242,309,199" oya="2" hai0="49,116,36,134,135,61,0,37,86,4,54,102,73" hai1="82,5,77,68,87,51,115,119,60,16,92,100,71" hai2="31,21,14,81,62,114,64,104,33,40,42,9,94" hai3="35,132,76,69,130,128,84,78,72,13,120,23,46"/><V109/><F114/><W22/><G35/><T91/><D73/><U65/><E119/><V55/><F104/><W58/><G69/><T57/><D102/><U118/><E118/><V111/><F33/><W8/><G120/><T103/><D103/><U6/><E71/><V126/><F126/><W39/><G72/><T24/><D116/><U63/><E63/><V38/><F94/><W27/><G132/><N who="0" m="50731" /><D24/><U20/><E115/><V15/><F55/><W98/><G98/><T29/><D29/><U25/><E51/><V113/><F113/><W10/><G58/><N who="0" m="33103" /><D4/><U122/><REACH who="1" step="1"/><E122/><REACH who="1" ten="240,232,309,199" step="2"/><V88/><F62/><W131/><G39/><T96/><D0/><U123/><E123/><V53/><F38/><W133/><G133/><T110/><D110/><U18/><E18/><V121/><F121/><W66/><G130/><T48/><D48/><U108/><E108/><V26/><F111/><W95/><G131/><T90/><D61/><U129/><E129/><V105/><F109/><W74/><G128/><T47/><D37/><U70/><E70/><V79/><F31/><W107/><G66/><T83/><D36/><U43/><E43/><V30/><F42/><W112/><G112/><T44/><D57/><U85/><E85/><V89/><F64/><W127/><G84/><N who="0" m="50463" /><D96/><AGARI ba="5,2" hai="5,6,16,20,25,60,65,68,77,82,87,92,96,100" machi="96" ten="40,2600,0" yaku="1,1,54,1,53,0" doraHai="41" doraHaiUra="50" who="1" fromWho="0" sc="240,-41,232,61,309,0,199,0" /><INIT seed="3,0,0,1,0,130" ten="199,293,309,199" oya="3" hai0="88,104,21,28,62,93,90,79,66,63,118,1,25" hai1="131,39,6,57,111,105,65,38,100,133,91,61,13" hai2="49,94,134,58,29,116,102,99,67,83,44,59,69" hai3="78,72,24,19,129,128,115,112,17,96,113,51,127"/><W18/><G72/><T68/><D118/><U50/><E131/><N who="3" m="50250" /><G78/><T98/><D1/><U64/><E64/><V122/><F134/><W84/><G84/><T82/><D104/><U41/><E133/><V9/><F116/><W70/><G96/><T103/><D63/><U46/><E111/><V97/><F122/><W73/><G73/><AGARI ba="0,0" hai="21,25,28,62,66,68,73,79,82,88,90,93,98,103" machi="73" ten="30,2000,0" yaku="7,1,54,1" doraHai="130" who="0" fromWho="3" sc="199,20,293,0,309,0,199,-20" owari="219,-18.1,293,9.3,309,40.9,179,-32.1" /></mjloggm>