<mjloggm ver="2.3"><GO type="225" lobby="0"/><UN n0="%E7%89%B9%E6%9D%B1%E3%81%AF%E4%B8%96%E7%95%8C%E3%82%92%E6%95%91%E3%81%86" n1="%E6%81%A5%E6%99%92%E3%81%97" n2="%E6%A0%B9%E5%85%83%E3%81%8B%E3%82%89%E5%90%B9%E3%81%A3%E9%A3%9B%E3%81%B6" n3="%E3%83%A9%E3%83%BC%E3%83%A1%E3%83%B3%E4%BA%94%E9%83%8E" dan="16,17,16,16" rate="2218.41,2189.03,2130.09,2090.49" sx="M,M,F,M"/><TAIKYOKU oya="0"/><INIT seed="0,0,0,0,3,8" ten="250,250,250,250" oya="0" hai0="109,2,83,76,39,42,119,41,124,102,14,17,45" hai1="89,72,74,101,29,104,56,127,108,36,19,1,7" hai2="61,70,35,26,100,37,85,46,10,69,112,4,27" hai3="49,79,121,31,91,126,98,110,134,77,94,22,16"/><T57/><D119/><U12/><E36/><V86/><F112/><W23/><G110/><T118/><D118/><U73/><E108/><V38/><F100/><W33/><G33/><T11/><D109/><U80/><E127/><V32/><F10/><W68/><G126/><T64/><D124/><U95/><E29/><V28/><F61/><W0/><G0/><T40/><D2/><U15/><E56/><V71/><F4/><W122/><G134/><T81/><D102/><U82/><E1/><V90/><F46/><W84/><G68/><T115/><D81/><U93/><E104/><V5/><F5/><W47/><G31/><T135/><D135/><U59/><E59/><V88/><F70/><W123/><G23/><T125/><D115/><U92/><E7/><V105/><F28/><W130/><G98/><T51/><D125/><U21/><E101/><V18/><REACH who="2" step="1"/><F18/><REACH who="2" ten="250,250,240,250" step="2"/><W9/><G9/><T50/><D45/><U60/><E60/><V62/><F62/><W78/><G130/><T128/><D128/><U44/><E44/><V117/><F117/><W103/><G103/><T114/><D114/><U133/><E133/><V54/><F54/><W67/><G67/><T132/><D132/><U75/><N who="1" m="18432" /><DORA hai="53" /><U96/><REACH who="1" step="1"/><E15/><REACH who="1" ten="250,240,240,250" step="2"/><V52/><F52/><N who="3" m="29759" /><G123/><T97/><D64/><U111/><E111/><V65/><F65/><W99/><G122/><T30/><D30/><U34/><E34/><V13/><F13/><N who="3" m="9487" /><G121/><T3/><D3/><U116/><E116/><V106/><AGARI ba="0,2" hai="26,27,32,35,37,38,69,71,85,86,88,90,105,106" machi="106" ten="25,12000,2" yaku="1,1,0,1,22,2,54,1,53,2" doraHai="8,53" doraHaiUra="87,63" who="2" fromWho="2" sc="250,-60,240,-30,240,140,250,-30" /><INIT seed="1,0,0,1,3,37" ten="190,210,380,220" oya="1" hai0="129,101,75,5,111,28,121,47,24,98,16,44,0" hai1="8,4,78,34,119,57,30,125,85,124,87,120,7" hai2="20,77,93,76,130,91,109,1,23,100,40,122,55" hai3="123,83,89,6,60,117,51,27,82,128,56,68,31"/><U50/><E119/><V26/><F122/><W3/><G123/><T43/><D121/><U126/><E120/><V65/><F1/><W18/><G117/><T114/><D114/><U104/><E104/><V64/><F109/><W59/><G128/><T66/><D111/><U54/><E78/><N who="2" m="30315" /><F100/><W32/><G68/><T70/><D75/><U69/><E69/><V97/><F40/><W79/><G51/><T133/><D129/><U113/><E113/><V81/><F130/><W116/><G89/><T48/><D133/><U86/><REACH who="1" step="1"/><E8/><REACH who="1" ten="190,200,380,220" step="2"/><V102/><F20/><W52/><G116/><T90/><D70/><U49/><E49/><V41/><F23/><W115/><G115/><T15/><D48/><U63/><E63/><V107/><F107/><W53/><G79/><T95/><D47/><U71/><E71/><V94/><F91/><W73/><G60/><T17/><D90/><U42/><E42/><V80/><F41/><W9/><G9/><T21/><D44/><U72/><E72/><V61/><F61/><W39/><G32/><T10/><D43/><U105/><E105/><V99/><F102/><W132/><G39/><T12/><REACH who="0" step="1"/><D66/><REACH who="0" ten="180,200,380,220" step="2"/><U62/><E62/><V96/><F65/><W106/><G73/><T131/><D131/><U127/><E127/><V58/><F64/><W110/><G110/><T112/><D112/><U11/><E11/><V108/><F108/><W25/><G132/><T13/><AGARI ba="0,2" hai="0,5,10,12,13,15,16,17,21,24,28,95,98,101" machi="13" ten="30,4000,0" yaku="1,1,0,1,54,1,53,0" doraHai="37" doraHaiUra="38" who="0" fromWho="0" sc="180,60,200,-20,380,-10,220,-10" /><INIT seed="2,0,0,3,0,42" ten="240,180,370,210" oya="2" hai0="95,47,97,91,48,36,100,1,28,110,115,43,135" hai1="83,21,129,9,7,2,13,63,53,93,106,87,49" hai2="65,52,64,60,104,4,113,57,86,123,46,112,134" hai3="74,55,67,69,92,126,88,17,51,132,107,29,0"/><V41/><F104/><W98/><G0/><T82/><D115/><N who="2" m="44106" /><F86/><W70/><G74/><T19/><D1/><U119/><E119/><V15/><F4/><W54/><G107/><T111/><D135/><U105/><E63/><V24/><F24/><W40/><G132/><T50/><D28/><U90/><E129/><V3/><F15/><W45/><G29/><T16/><D82/><U127/><E127/><V30/><F30/><W77/><G126/><T32/><D32/><U103/><E103/><V102/><F3/><W10/><G77/><T99/><D48/><U34/><E83/><V11/><F11/><W81/><G81/><T61/><D50/><U25/><E34/><V39/><F102/><W84/><G84/><T37/><D37/><U12/><E25/><V62/><F123/><W56/><G70/><T109/><D61/><N who="2" m="23658" /><F134/><W94/><G94/><AGARI ba="0,0" hai="16,19,36,43,47,91,94,95,97,99,100,109,110,111" machi="94" ten="40,5200,0" yaku="14,1,52,1,54,1" doraHai="42" who="0" fromWho="3" sc="240,52,180,0,370,0,210,-52" /><INIT seed="3,0,0,2,2,82" ten="292,180,370,158" oya="3" hai0="126,31,86,61,50,105,107,46,103,0,24,121,49" hai1="90,14,1,19,98,25,114,79,115,59,4,20,123" hai2="112,76,57,33,3,74,118,36,93,106,75,110,128" hai3="67,39,113,135,84,40,102,132,30,56,62,63,81"/><W104/><G113/><T111/><D121/><U38/><E38/><V124/><RYUUKYOKU type="yao9" ba="0,0" sc="292,0,180,0,370,0,158,0" hai2="3,33,36,57,74,75,76,93,106,110,112,118,124,128" /><INIT seed="3,1,0,5,3,68" ten="292,180,370,158" oya="3" hai0="98,22,45,25,72,20,37,100,35,21,74,15,117" hai1="126,58,28,69,103,66,119,56,107,5,109,61,9" hai2="12,127,102,101,94,88,92,83,80,75,60,104,3" hai3="122,134,44,24,116,46,113,79,81,99,52,62,129"/><W105/><G113/><T16/><D117/><U96/><E119/><V124/><F3/><W7/><G122/><T54/><D35/><U64/><E109/><V29/><F29/><W131/><G116/><T33/><D33/><U93/><E126/><N who="2" m="48171" /><F94/><W132/><G7/><T84/><D84/><U91/><E28/><V10/><F60/><W135/><G24/><T19/><D21/><U89/><E89/><V87/><F104/><W111/><G111/><T67/><D67/><U77/><E77/><N who="2" m="44095" /><F83/><W18/><G18/><AGARI ba="1,0" hai="10,12,18,87,88,92,101,102" m="44095,48171" machi="18" ten="30,2000,0" yaku="18,1,54,1" doraHai="68" who="2" fromWho="3" sc="292,0,180,0,370,23,158,-23" owari="292,9.2,180,-22.0,393,49.3,135,-36.5" /></mjloggm>