<mjloggm ver="2.3"><GO type="225" lobby="0"/><UN n0="%E9%B4%A8%4E%45%47%49" n1="%E6%98%93%E5%88%A9%E8%96%A9%E4%BC%AF" n2="%E5%91%89%E5%AF%8C%E6%98%A5" n3="%72%65%6E%6B%75%6E" dan="16,17,16,17" rate="2064.80,2179.89,2108.51,2244.76" sx="M,F,M,M"/><TAIKYOKU oya="0"/><INIT seed="0,0,0,4,0,30" ten="250,250,250,250" oya="0" hai0="116,40,72,130,122,44,71,59,51,67,121,45,60" hai1="120,46,99,50,135,100,117,89,111,91,66,36,123" hai2="101,74,70,2,33,29,39,3,1,64,85,92,107" hai3="109,8,23,118,106,134,20,48,9,103,10,115,65"/><T127/><D72/><U34/><E117/><V22/><F22/><W14/><G115/><T88/><D116/><U129/><E111/><V41/><F92/><W82/><G118/><T5/><D5/><U58/><E129/><V27/><F85/><W53/><G109/><T61/><D130/><U81/><E135/><V26/><F26/><W133/><G65/><N who="0" m="41383" /><D88/><U37/><E34/><V98/><F74/><W32/><G32/><T0/><D0/><U112/><E112/><V25/><F25/><W43/><G43/><N who="0" m="24991" /><D127/><U47/><E81/><V54/><F54/><W63/><G63/><T110/><D110/><U79/><E79/><V69/><F64/><W94/><G82/><T80/><D80/><U57/><E66/><V114/><F114/><W75/><G75/><T102/><D102/><U52/><E52/><V11/><F11/><N who="3" m="4171" /><G106/><T68/><D122/><U125/><E125/><V24/><F24/><W62/><G62/><T13/><D13/><U15/><E15/><V119/><F119/><W12/><G12/><T97/><D97/><U42/><E99/><V128/><F128/><W78/><G78/><T90/><D90/><U16/><E100/><V86/><F86/><W31/><G31/><T6/><D121/><U84/><E84/><V28/><F28/><W7/><G94/><T104/><D104/><U83/><E83/><V21/><F21/><W105/><G105/><T49/><D6/><U73/><E73/><V18/><F18/><W55/><G103/><T56/><AGARI ba="0,0" hai="40,45,49,56,59,61,67,68" m="24991,41383" machi="56" ten="30,12000,1" yaku="35,5" doraHai="30" who="0" fromWho="0" sc="250,120,250,-40,250,-40,250,-40" /><INIT seed="0,1,0,5,2,29" ten="370,210,210,210" oya="0" hai0="9,121,135,75,108,60,134,86,90,96,82,81,126" hai1="127,76,73,51,42,18,97,50,44,112,114,36,27" hai2="14,8,67,13,17,41,2,53,70,74,32,89,116" hai3="64,105,62,102,54,130,10,35,101,99,40,98,1"/><T87/><D9/><U58/><E127/><V16/><F116/><W120/><G54/><T0/><D60/><U123/><E123/><V28/><F74/><W31/><G120/><T22/><D22/><N who="1" m="13783" /><E58/><V63/><F2/><W66/><G130/><T124/><D0/><U3/><E3/><V111/><F111/><W47/><G64/><T132/><D121/><U68/><E68/><V65/><F41/><W129/><G129/><T85/><D108/><U33/><E97/><V57/><F70/><W92/><G31/><T83/><D75/><U100/><E100/><V6/><F89/><W77/><G77/><T125/><REACH who="0" step="1"/><D96/><REACH who="0" ten="360,210,210,210" step="2"/><U103/><E73/><V78/><F6/><W12/><G1/><T117/><D117/><U11/><E11/><V59/><F63/><W5/><G62/><T7/><D7/><U104/><E114/><V122/><F8/><W118/><G66/><T26/><D26/><U93/><E112/><V20/><F67/><W69/><G69/><T80/><AGARI ba="1,1" hai="80,81,82,83,85,86,87,90,124,125,126,132,134,135" machi="80" ten="50,24000,3" yaku="1,1,0,1,29,2,18,1,20,1,34,3,53,0" doraHai="29" doraHaiUra="49" who="0" fromWho="0" sc="360,253,210,-81,210,-81,210,-81" /><INIT seed="0,2,0,2,5,131" ten="613,129,129,129" oya="0" hai0="58,117,134,57,18,40,108,16,19,2,97,1,36" hai1="38,96,0,15,55,129,47,114,102,7,88,50,60" hai2="32,128,81,123,53,8,62,30,56,45,103,113,122" hai3="29,72,126,98,116,12,101,11,41,118,132,20,93"/><T80/><D117/><U133/><E0/><V74/><F113/><W3/><G126/><T25/><D108/><U121/><E114/><V76/><F128/><W100/><G72/><T71/><D71/><U85/><E121/><V10/><F103/><W27/><G3/><T68/><D68/><U115/><E38/><V13/><F8/><W125/><G125/><T6/><D97/><U94/><E115/><V104/><F104/><W69/><G69/><T112/><D112/><U9/><E129/><V78/><F78/><W92/><G41/><T86/><D25/><U120/><E120/><V90/><F90/><W59/><G59/><T95/><D95/><U65/><E133/><V37/><F30/><W67/><G67/><T119/><D134/><U31/><E31/><V70/><F32/><W84/><G132/><T130/><D130/><U107/><E65/><V75/><F75/><W44/><G44/><T124/><D124/><U39/><E39/><V28/><F28/><W77/><G77/><T64/><D64/><U14/><E60/><V99/><F99/><W33/><G33/><T63/><D63/><U61/><E61/><V82/><F82/><W83/><G83/><T73/><D73/><U127/><E127/><V24/><F24/><W46/><G46/><T5/><D40/><U23/><E23/><V49/><F37/><W66/><G66/><T48/><D36/><U34/><REACH who="1" step="1"/><E15/><REACH who="1" ten="613,119,129,129" step="2"/><V109/><F109/><W87/><G118/><T22/><D119/><U17/><E17/><N who="2" m="8375" /><F70/><W54/><G116/><T51/><D22/><U43/><E43/><N who="2" m="24767" /><F123/><W135/><G135/><RYUUKYOKU ba="2,1" sc="613,-15,119,15,129,15,129,-15" hai1="7,9,14,34,47,50,55,85,88,94,96,102,107" hai2="53,56,62,74,76,81,122" /><INIT seed="1,3,1,1,2,8" ten="598,134,144,114" oya="1" hai0="17,0,46,34,16,121,33,105,49,109,74,48,96" hai1="60,3,57,112,89,50,21,10,98,81,69,114,131" hai2="113,26,132,54,25,66,53,79,63,128,32,36,68" hai3="4,56,58,75,13,82,31,116,1,125,127,134,135"/><U40/><E131/><V76/><F128/><W101/><G1/><T41/><D74/><U87/><E69/><V27/><F132/><N who="3" m="50731" /><G101/><T55/><D109/><U99/><E21/><V47/><F32/><W37/><G37/><T124/><D124/><N who="3" m="47689" /><G31/><T93/><D105/><U38/><E38/><V7/><F113/><W84/><G75/><T119/><D0/><U133/><E133/><V91/><F7/><W59/><G116/><T45/><D121/><U97/><E50/><V129/><F129/><W24/><G24/><T118/><D34/><U35/><E40/><V71/><F26/><W94/><G94/><T12/><D33/><U107/><E35/><V44/><F36/><W28/><G28/><T117/><REACH who="0" step="1"/><D12/><REACH who="0" ten="588,134,144,114" step="2"/><U51/><E107/><V11/><F27/><W42/><G42/><T126/><D126/><U6/><REACH who="1" step="1"/><E51/><REACH who="1" ten="588,124,144,114" step="2"/><V23/><F25/><W43/><G43/><T65/><D65/><AGARI ba="3,3" hai="3,6,10,57,60,65,81,87,89,97,98,99,112,114" machi="65" ten="40,3900,0" yaku="1,1,2,1,53,0" doraHai="8" doraHaiUra="104" who="1" fromWho="0" sc="588,-48,124,78,144,0,114,0" /><INIT seed="1,4,0,0,5,12" ten="540,202,144,114" oya="1" hai0="46,5,66,109,15,123,18,70,76,116,17,11,120" hai1="122,13,60,110,129,53,96,93,39,32,98,54,111" hai2="102,36,48,26,7,37,92,25,85,63,14,105,103" hai3="121,130,64,49,22,106,65,9,8,133,99,62,94"/><U107/><E122/><N who="0" m="46633" /><D116/><U40/><E32/><V10/><F37/><W19/><G121/><T57/><D109/><N who="1" m="41483" /><E129/><V80/><F36/><W30/><G130/><T33/><D33/><U55/><E107/><V71/><F105/><W45/><G106/><T88/><D70/><U43/><E60/><V23/><F48/><W29/><G133/><T118/><D118/><U114/><E114/><V104/><F104/><W84/><G84/><T0/><D76/><U90/><E39/><V47/><F47/><W31/><G8/><N who="0" m="2087" /><D46/><U67/><E67/><V20/><F63/><W86/><G86/><T34/><D34/><U124/><E124/><V134/><F134/><W135/><G9/><T2/><D2/><U97/><E13/><V125/><F125/><W75/><G75/><T131/><D131/><U27/><E27/><V112/><F112/><W132/><G132/><T42/><D42/><AGARI ba="4,0" hai="40,42,43,53,54,55,90,93,96,97,98" m="41483" machi="42" ten="30,2900,0" yaku="14,1,10,1" doraHai="12" who="1" fromWho="0" sc="540,-41,202,41,144,0,114,0" /><INIT seed="1,5,0,2,5,49" ten="499,243,144,114" oya="1" hai0="3,19,32,121,100,98,60,87,135,40,46,83,94" hai1="116,4,17,26,64,6,28,76,71,128,107,122,129" hai2="61,91,38,111,8,66,12,102,73,108,85,90,132" hai3="104,44,16,48,92,117,80,15,124,99,110,29,23"/><U27/><E107/><V96/><F132/><W65/><G110/><N who="2" m="42025" /><F73/><W81/><G124/><T86/><D135/><U75/><E116/><V52/><F38/><W45/><G117/><T62/><D121/><U43/><E43/><V127/><F127/><W47/><G104/><T42/><D32/><U56/><E71/><N who="2" m="42447" /><F85/><W54/><G29/><T119/><D3/><U97/><E122/><V82/><F82/><N who="3" m="31851" /><G65/><T35/><D35/><U109/><E76/><V118/><F118/><W95/><G95/><T106/><D19/><U69/><E69/><V123/><F123/><W18/><G18/><T55/><D119/><U51/><E75/><V133/><F133/><W113/><G113/><T20/><D20/><U31/><E97/><V93/><F52/><W14/><G14/><T126/><D106/><U67/><E109/><V53/><F53/><W114/><G114/><T57/><D126/><U78/><E78/><V130/><F130/><W9/><G9/><T22/><D87/><U79/><E79/><V21/><F21/><W125/><G125/><T34/><D34/><U74/><E74/><V68/><F68/><W105/><G105/><T88/><D22/><U1/><E67/><V120/><F120/><W24/><G24/><T33/><D33/><U50/><E64/><V37/><F37/><W2/><G2/><T36/><D42/><U7/><E1/><V13/><F13/><W11/><G23/><T112/><D112/><U131/><E27/><V72/><F72/><W89/><AGARI ba="5,0" hai="11,15,16,44,45,47,48,54,89,92,99" m="31851" machi="89" ten="30,4000,0" yaku="8,1,52,1,54,1" doraHai="49" who="3" fromWho="3" sc="499,-15,243,-25,144,-15,114,55" /><INIT seed="2,0,0,0,1,92" ten="484,218,129,169" oya="2" hai0="76,33,48,55,27,2,130,116,83,70,47,111,62" hai1="82,68,87,106,30,36,19,54,67,119,69,98,118" hai2="40,93,77,97,133,57,132,100,43,89,29,95,15" hai3="80,81,113,125,25,96,46,108,71,122,16,86,34"/><V103/><F29/><W21/><G122/><T5/><D130/><U110/><E36/><V134/><F77/><W38/><G71/><T61/><D111/><U18/><E30/><V94/><F57/><W28/><G108/><T22/><D116/><U6/><E110/><V114/><F114/><W7/><G125/><T126/><D33/><U3/><E6/><V109/><F109/><W127/><G127/><T64/><D62/><U90/><E3/><V120/><F120/><W14/><G113/><T39/><D126/><U4/><E4/><V85/><F15/><W88/><G7/><T91/><D91/><U37/><E37/><V8/><F8/><W10/><G96/><AGARI ba="0,0" hai="40,43,85,89,93,94,95,96,97,100,103,132,133,134" machi="96" ten="40,12000,1" yaku="9,1,20,1,52,2" doraHai="92" who="2" fromWho="3" sc="484,0,218,0,129,120,169,-120" /><INIT seed="2,1,0,2,4,60" ten="484,218,249,49" oya="2" hai0="57,68,18,111,95,47,114,97,33,89,118,10,46" hai1="98,121,44,132,72,16,23,43,105,104,117,55,20" hai2="0,93,42,94,99,62,92,85,71,12,53,129,84" hai3="78,61,102,52,5,103,41,39,86,48,17,3,50"/><V25/><F0/><W45/><G3/><T14/><D68/><U34/><E117/><V29/><F129/><W126/><G126/><T101/><D111/><U87/><E72/><V28/><F42/><W77/><G5/><T135/><D114/><U31/><E34/><V36/><F36/><W37/><G61/><T134/><D33/><U79/><E55/><V64/><F53/><W127/><G127/><T11/><D118/><U123/><E132/><N who="0" m="50729" /><D57/><U49/><E31/><V116/><F116/><W21/><G39/><T63/><D63/><U80/><E23/><V38/><F38/><W119/><G37/><T7/><D101/><U109/><E109/><V73/><F73/><W8/><G8/><T70/><D70/><U2/><E2/><AGARI ba="1,0" hai="2,7,10,11,14,18,46,47,89,95,97" m="50729" machi="2" ten="30,1000,0" yaku="20,1" doraHai="60" who="0" fromWho="1" sc="484,13,218,-13,249,0,49,0" /><INIT seed="3,0,0,0,4,84" ten="497,205,249,49" oya="3" hai0="1,10,33,56,45,99,27,9,47,53,60,61,41" hai1="111,65,46,39,48,70,76,121,122,115,23,123,22" hai2="79,119,133,118,130,92,107,14,37,30,59,112,128" hai3="87,66,82,25,35,18,19,73,135,120,114,26,129"/><W117/><G117/><T54/><D99/><U43/><E111/><V24/><F107/><W36/><G73/><T57/><D1/><U29/><E115/><V31/><F79/><W86/><G36/><T68/><D68/><U6/><E6/><V124/><F92/><W8/><G114/><T13/><D13/><U7/><E76/><V2/><F59/><W52/><G120/><T93/><D93/><U17/><E29/><V106/><F106/><W78/><G35/><T132/><D132/><U49/><E7/><V88/><F37/><W96/><G135/><T91/><D91/><U0/><E23/><V71/><F133/><W55/><G66/><T85/><D85/><U89/><E0/><V4/><F4/><W5/><G96/><T83/><D83/><U20/><E20/><V16/><F2/><W15/><G87/><T69/><D69/><U21/><E21/><V81/><F112/><W62/><G129/><T90/><D90/><U51/><E70/><V101/><F71/><W72/><G72/><T113/><D113/><U40/><E65/><V104/><F104/><W64/><G64/><T12/><D12/><U58/><E89/><V131/><F118/><W28/><G28/><T109/><D109/><U116/><E116/><V63/><F31/><W67/><G67/><T3/><D33/><U108/><E108/><V42/><F30/><W125/><G125/><T98/><D3/><U94/><E94/><V105/><F124/><W75/><G75/><T80/><D98/><U126/><E126/><V44/><F119/><W95/><G95/><T97/><D97/><RYUUKYOKU ba="0,0" sc="497,0,205,0,249,0,49,0" owari="497,59.7,205,-19.5,249,4.9,49,-45.1" /></mjloggm>