<mjloggm ver="2.3"><GO type="225" lobby="0"/><UN n0="%77%72%77%72%77%72%77%72" n1="%79%75%72%69%6D%6F%67" n2="%E5%8D%A0%E3%81%84%E5%B8%AB%E8%A3%8F%E3%81%AA%E3%81%84%E3%81%97" n3="%E3%81%A4%E3%81%A3%E3%81%B1%E3%82%8A%E3%83%9D%E3%83%BC%E3%83%AB" dan="16,16,17,17" rate="2175.68,2115.54,2200.60,2193.63" sx="M,F,M,M"/><TAIKYOKU oya="0"/><INIT seed="0,0,0,2,0,59" ten="250,250,250,250" oya="0" hai0="95,42,85,35,45,16,38,39,54,79,77,60,3" hai1="71,96,105,113,32,122,134,116,101,98,75,90,48" hai2="78,131,9,66,65,67,89,108,61,83,28,57,40" hai3="21,124,8,22,123,18,130,20,56,82,11,110,6"/><T86/><D3/><U46/><E32/><V72/><F108/><W10/><G110/><T109/><D35/><U25/><E122/><V91/><F131/><W26/><G130/><T47/><D109/><U119/><E75/><V23/><F40/><W114/><G114/><T2/><D2/><U127/><E134/><V87/><F9/><W24/><G123/><T1/><D1/><U133/><E127/><V4/><F4/><W120/><G120/><T103/><D103/><U84/><E133/><V69/><F69/><W121/><G121/><T70/><D39/><U80/><E71/><V74/><F74/><W102/><G124/><T112/><D112/><U14/><E25/><N who="2" m="16447" /><F72/><W53/><G102/><T51/><D16/><U76/><E98/><V15/><F15/><W94/><G94/><T88/><REACH who="0" step="1"/><D86/><REACH who="0" ten="240,250,250,250" step="2"/><U44/><E113/><V12/><F12/><W128/><G128/><T37/><D37/><U7/><E14/><V17/><F17/><W62/><G6/><T63/><D63/><U126/><E7/><V73/><F73/><W104/><G18/><T41/><D41/><U58/><E126/><V0/><F0/><W68/><G26/><T52/><D52/><AGARI ba="0,1" hai="52,57,61,65,66,67,78,83,87,89,91" m="16447" machi="52" ten="30,3900,0" yaku="8,1,52,1,54,1" doraHai="59" who="2" fromWho="0" sc="240,-39,250,0,250,49,250,0" /><INIT seed="1,0,0,5,5,98" ten="201,250,299,250" oya="1" hai0="112,47,40,9,132,57,89,73,7,61,58,15,88" hai1="126,42,72,43,104,78,36,22,79,80,65,106,3" hai2="8,117,52,118,4,30,39,93,67,85,121,38,124" hai3="28,63,97,44,70,10,119,50,87,77,92,122,46"/><U14/><E126/><V86/><F121/><W110/><G122/><T29/><D112/><U129/><E3/><V107/><F107/><W53/><G110/><T34/><D73/><U6/><E129/><V75/><F75/><W69/><G119/><T37/><D132/><U96/><E78/><V66/><F30/><W95/><G28/><T109/><D109/><U71/><E36/><V5/><F8/><W1/><G46/><T125/><D125/><U41/><E106/><V12/><F124/><W59/><G1/><T0/><D0/><U2/><E2/><V130/><F12/><W91/><G10/><T21/><D34/><U18/><E6/><V25/><F93/><W19/><G19/><T114/><D114/><U103/><REACH who="1" step="1"/><E65/><REACH who="1" ten="201,240,299,250" step="2"/><V60/><F130/><W51/><G77/><T27/><REACH who="0" step="1"/><D57/><REACH who="0" ten="191,240,299,250" step="2"/><U120/><E120/><V32/><F118/><W105/><G59/><T49/><D49/><U13/><E13/><V101/><F117/><W84/><G51/><T135/><D135/><U45/><E45/><V82/><F38/><W100/><G63/><T33/><D33/><U116/><E116/><V17/><F39/><W31/><G44/><T123/><D123/><U35/><E35/><V81/><F32/><W134/><G50/><T76/><D76/><U23/><E23/><V111/><F60/><W133/><G133/><T74/><D74/><U64/><E64/><AGARI ba="0,2" hai="7,9,15,21,27,29,37,40,47,58,61,64,88,89" machi="64" ten="30,7700,0" yaku="1,1,7,1,54,1,53,1" doraHai="98" doraHaiUra="68" who="0" fromWho="1" sc="191,97,240,-77,299,0,250,0" /><INIT seed="2,0,0,3,5,135" ten="288,163,299,250" oya="2" hai0="75,59,74,98,134,121,77,17,113,23,69,19,57" hai1="52,7,88,127,107,114,62,124,117,68,50,3,83" hai2="79,43,29,33,12,91,104,132,56,100,0,35,2" hai3="45,70,20,109,24,60,1,128,122,131,89,38,40"/><V126/><F132/><W22/><G122/><T76/><D121/><U16/><E107/><V47/><F79/><W34/><G109/><T36/><D134/><U92/><E117/><V41/><F91/><W108/><G1/><T51/><D113/><U101/><E114/><V28/><F56/><W58/><G108/><T10/><D36/><U18/><E7/><V61/><F61/><W118/><G118/><T85/><D69/><U93/><E3/><V105/><F12/><W112/><G70/><T96/><D10/><U31/><E31/><V4/><F47/><W115/><G34/><T87/><D23/><N who="3" m="8745" /><G89/><T94/><D94/><U80/><E93/><V8/><F8/><W48/><G24/><T125/><D51/><U13/><E101/><V30/><F30/><W39/><G112/><T86/><D86/><N who="1" m="50247" /><E92/><V71/><F71/><W129/><G115/><T54/><D54/><AGARI ba="0,0" hai="38,39,40,45,48,54,58,60,128,129,131" m="8745" machi="54" ten="30,1000,0" yaku="19,1" doraHai="135" who="3" fromWho="0" sc="288,-10,163,0,299,0,250,10" /><INIT seed="3,0,0,1,1,109" ten="278,163,299,260" oya="3" hai0="132,16,39,114,22,76,20,89,64,27,59,125,75" hai1="5,56,127,130,32,84,85,55,105,133,11,117,134" hai2="53,123,135,118,97,128,95,121,107,111,63,15,54" hai3="13,33,70,79,90,122,99,45,72,77,34,25,98"/><W2/><G2/><T67/><D39/><U116/><E32/><V96/><F111/><W119/><G119/><T44/><D132/><U101/><E56/><V62/><F118/><N who="1" m="45673" /><E55/><N who="2" m="21003" /><F135/><N who="1" m="51721" /><E11/><V49/><F128/><W126/><G122/><N who="2" m="46601" /><F107/><W50/><G126/><T7/><D125/><U19/><E19/><V3/><F3/><W112/><G112/><T36/><D114/><U69/><E69/><V29/><F96/><W18/><G70/><T46/><D7/><U93/><E5/><V131/><F131/><W83/><G79/><T102/><D76/><U52/><E52/><V115/><F115/><W71/><G71/><T24/><D75/><U8/><E8/><V10/><F49/><W73/><G73/><T6/><D102/><U30/><E30/><V106/><F106/><W23/><G34/><T1/><D1/><U28/><E28/><V40/><F40/><W41/><G33/><T38/><D6/><U12/><E12/><V103/><F29/><W104/><G104/><T47/><D59/><U51/><E51/><V74/><F74/><W108/><G108/><T37/><D89/><N who="1" m="53415" /><E130/><V82/><F15/><W60/><G60/><N who="2" m="23081" /><F10/><W35/><G35/><T17/><AGARI ba="0,0" hai="16,17,20,22,24,27,36,37,38,44,46,47,64,67" machi="17" ten="40,5200,0" yaku="0,1,9,1,54,1" doraHai="109" who="0" fromWho="0" sc="278,52,163,-13,299,-13,260,-26" owari="330,43.0,150,-35.0,286,8.6,234,-16.6" /></mjloggm>