<mjloggm ver="2.3"><GO type="225" lobby="0"/><UN n0="%E7%99%BD%E5%80%89%E5%AF%9B%E4%B9%8B" n1="%E7%99%BD%E6%97%A5%E9%9B%AA%E8%8F%9C" n2="%70%68%65%6E%6F%6D%65" n3="%72%65%6E%6B%75%6E" dan="16,16,16,17" rate="2131.63,2129.48,2167.15,2230.47" sx="M,M,M,M"/><TAIKYOKU oya="0"/><INIT seed="0,0,0,4,2,10" ten="250,250,250,250" oya="0" hai0="64,71,81,54,53,49,82,61,15,12,100,79,62" hai1="113,116,9,128,16,132,35,130,103,63,91,72,26" hai2="29,41,6,5,85,21,36,129,2,75,78,11,73" hai3="37,19,135,1,98,8,20,45,127,56,126,83,25"/><T96/><D62/><U87/><E116/><V58/><F58/><W3/><BYE who="2" /><G135/><T74/><D81/><U77/><E72/><V123/><F123/><W28/><G98/><T31/><D31/><U43/><E77/><V67/><F67/><W7/><G56/><T92/><REACH who="0" step="1"/><D54/><REACH who="0" ten="240,250,250,250" step="2"/><U22/><E132/><V105/><F105/><W89/><G83/><T30/><D30/><U48/><E130/><V99/><F99/><W0/><G28/><T115/><D115/><U121/><E113/><V108/><F108/><W110/><G110/><T84/><D84/><U27/><E128/><V90/><F90/><W69/><G89/><T131/><D131/><U4/><E87/><V101/><F101/><W117/><G117/><UN n2="%70%68%65%6E%6F%6D%65" /><T124/><D124/><N who="3" m="47657" /><G69/><T33/><D33/><U66/><E35/><V133/><F133/><W44/><G37/><T52/><D52/><U95/><E91/><V60/><F129/><W34/><G34/><T88/><D88/><U42/><E103/><V118/><F36/><W55/><G55/><T106/><D106/><U59/><E63/><V86/><F60/><W23/><G45/><AGARI ba="0,1" hai="12,15,45,49,53,61,64,71,74,79,82,92,96,100" machi="45" ten="30,11600,0" yaku="1,1,7,1,52,2,53,0" doraHai="10" doraHaiUra="14" who="0" fromWho="3" sc="240,126,250,0,250,0,250,-116" /><INIT seed="0,1,0,0,2,26" ten="366,250,250,134" oya="0" hai0="75,91,101,106,89,61,13,6,21,131,66,132,117" hai1="18,52,86,29,92,107,22,64,87,90,113,25,67" hai2="129,130,109,127,97,10,49,15,46,48,37,72,4" hai3="82,9,28,105,118,65,41,38,119,63,40,35,32"/><T104/><D117/><N who="3" m="44553" /><G40/><T53/><D75/><U81/><E107/><V122/><F122/><W111/><G82/><T51/><D131/><N who="2" m="50186" /><F109/><W115/><G115/><T50/><D132/><U134/><E134/><V85/><F127/><W58/><G58/><T54/><D101/><U45/><E113/><V121/><F121/><W56/><G56/><T84/><D66/><U116/><E116/><V125/><F125/><W39/><G9/><T80/><D61/><U19/><E67/><V78/><F97/><W120/><G35/><T83/><D84/><U79/><E64/><V100/><F100/><W93/><G93/><T124/><D124/><U44/><E44/><V36/><F72/><W98/><G41/><T3/><D21/><U14/><E14/><V110/><F110/><W23/><G23/><T5/><REACH who="0" step="1"/><D13/><REACH who="0" ten="356,250,250,134" step="2"/><U11/><E11/><V96/><F96/><W133/><G133/><T114/><D114/><U31/><E18/><V2/><F15/><W59/><G120/><T74/><D74/><U34/><E34/><V126/><F126/><W71/><G111/><T43/><D43/><U57/><E45/><V94/><F46/><W20/><G20/><T73/><D73/><U88/><E79/><V7/><F78/><W123/><G123/><T76/><D76/><U8/><E8/><V55/><F10/><W128/><G128/><T16/><D16/><U70/><E70/><V77/><F77/><W47/><G47/><T27/><D27/><U33/><E33/><V62/><F7/><W60/><G60/><AGARI ba="1,1" hai="19,22,25,29,31,52,57,60,81,86,87,88,90,92" machi="60" ten="30,12000,2" yaku="7,1,8,1,52,2,54,2" doraHai="26" who="1" fromWho="3" sc="356,0,250,133,250,0,134,-123" /><INIT seed="1,0,0,1,3,27" ten="356,383,250,11" oya="1" hai0="113,88,5,10,41,90,101,1,17,67,91,21,62" hai1="95,122,77,66,15,26,124,118,25,132,135,23,80" hai2="4,9,43,63,65,14,116,107,93,120,47,130,30" hai3="29,13,108,31,71,45,36,119,83,56,85,2,34"/><U69/><E118/><V79/><F107/><W115/><G71/><T39/><D113/><U38/><E122/><V73/><F120/><W87/><G2/><T70/><D101/><U133/><E38/><V54/><F116/><W82/><G34/><T51/><D39/><U61/><E124/><V76/><F130/><W100/><G115/><T106/><D106/><U104/><E104/><V53/><F73/><W128/><G119/><T8/><D8/><U131/><E131/><V105/><F105/><W20/><G128/><T103/><D103/><U111/><E111/><V40/><F79/><N who="3" m="46303" /><G36/><T64/><D64/><U127/><E127/><V7/><F76/><N who="3" m="46567" /><G108/><T37/><D37/><U84/><E95/><V11/><F93/><W48/><G56/><T24/><D41/><U0/><E0/><V78/><F78/><W6/><G100/><T33/><D51/><U125/><E125/><V102/><F102/><W109/><G109/><T59/><REACH who="0" step="1"/><D33/><REACH who="0" ten="346,383,250,11" step="2"/><U68/><E69/><AGARI ba="0,1" hai="1,5,10,17,21,24,59,62,67,69,70,88,90,91" machi="69" ten="40,8000,1" yaku="1,1,2,1,54,1,53,1" doraHai="27" doraHaiUra="52" who="0" fromWho="1" sc="346,90,383,-80,250,0,11,0" /><INIT seed="2,0,0,2,2,74" ten="436,303,250,11" oya="2" hai0="102,98,110,132,60,113,104,103,71,24,81,105,96" hai1="8,100,27,83,7,89,14,95,56,101,45,80,86" hai2="67,48,46,29,127,124,15,49,122,115,97,12,19" hai3="30,57,37,34,93,134,117,135,3,16,35,4,123"/><V133/><F115/><W125/><G37/><T63/><D113/><U2/><E2/><V69/><F122/><W116/><G93/><T68/><D110/><U58/><E45/><V10/><F133/><N who="3" m="50699" /><G57/><N who="1" m="22122" /><E27/><V84/><F29/><W112/><G112/><T53/><D132/><U82/><AGARI ba="0,0" hai="7,8,14,80,82,83,86,89,95,100,101" m="22122" machi="82" ten="30,1100,0" yaku="8,1" doraHai="74" who="1" fromWho="1" sc="436,-3,303,11,250,-5,11,-3" /><INIT seed="3,0,0,0,4,67" ten="433,314,245,8" oya="3" hai0="22,128,94,70,3,78,33,51,31,27,120,57,60" hai1="110,35,89,29,41,90,104,98,132,16,77,119,101" hai2="48,55,129,11,125,12,82,37,14,95,47,135,91" hai3="39,133,71,34,38,6,63,116,49,43,30,62,76"/><W122/><G116/><T99/><D3/><U131/><E41/><V134/><F125/><W92/><G122/><T114/><D120/><U21/><E119/><V112/><F112/><W9/><G133/><T88/><D128/><U75/><E131/><V68/><F129/><W7/><G92/><T58/><D114/><U108/><E132/><V84/><F37/><W64/><G6/><T4/><D4/><U107/><E107/><V86/><F14/><W8/><G8/><T44/><D78/><U26/><E77/><V97/><F86/><W2/><G49/><T73/><D73/><U80/><E75/><V117/><F117/><W79/><G79/><T126/><D126/><U15/><E80/><V32/><F32/><W36/><G76/><T127/><D127/><U96/><E96/><V25/><F25/><N who="3" m="18767" /><G63/><T1/><D1/><U103/><E103/><V72/><F72/><W0/><G0/><T66/><D33/><U113/><E113/><V69/><F134/><W20/><G20/><T52/><AGARI ba="0,0" hai="22,27,31,44,51,52,57,58,60,66,70,88,94,99" machi="52" ten="20,8000,1" yaku="0,1,7,1,52,1,54,2" doraHai="67" who="0" fromWho="0" sc="433,80,314,-20,245,-20,8,-40" owari="513,61.3,294,9.4,225,-17.5,-32,-53.2" /></mjloggm>