<mjloggm ver="2.3"><GO type="225" lobby="0"/><UN n0="%E5%91%A8%E6%9D%B1" n1="%E5%B8%86%E7%AB%8B%E5%A4%8F%E8%A1%A3" n2="%77%72%77%72%77%72%77%72" n3="%E3%81%AF%E3%82%88%E3%81%8A%E3%81%98%E3%81%95%E3%82%93" dan="17,17,17,17" rate="2177.73,2211.09,2182.07,2133.07" sx="M,M,M,M"/><TAIKYOKU oya="0"/><INIT seed="0,0,0,0,2,121" ten="250,250,250,250" oya="0" hai0="28,18,117,57,82,0,102,106,127,90,42,46,74" hai1="119,15,91,69,7,86,62,36,60,107,101,29,87" hai2="5,6,133,99,134,113,64,59,32,129,115,47,88" hai3="100,126,22,70,98,1,27,123,116,71,73,105,108"/><T37/><D117/><U30/><E36/><V94/><F32/><W25/><G116/><T81/><D0/><U135/><E119/><V11/><F129/><W85/><G73/><T52/><D127/><U61/><E69/><V79/><F79/><W128/><G1/><T56/><D28/><N who="1" m="10859" /><E107/><V35/><F35/><W114/><G114/><T84/><D106/><U68/><E68/><V41/><F59/><W19/><G123/><T65/><D102/><U45/><E101/><V109/><F64/><W13/><G128/><T76/><D65/><U63/><E135/><N who="2" m="51723" /><F109/><W33/><G126/><T4/><D4/><N who="2" m="1642" /><F11/><W131/><G131/><T92/><D18/><U21/><N who="1" m="15360" /><DORA hai="110" /><U8/><E45/><V67/><F67/><W80/><G108/><T120/><D120/><U14/><E91/><V118/><F118/><W97/><G33/><T51/><D57/><U111/><E111/><V50/><AGARI ba="0,0" hai="41,47,50,88,94,99,113,115" m="1642,51723" machi="50" ten="30,7900,0" yaku="20,1,52,2,54,1" doraHai="121,110" who="2" fromWho="2" sc="250,-39,250,-20,250,79,250,-20" /><INIT seed="1,0,0,1,0,51" ten="211,230,329,230" oya="1" hai0="82,116,106,12,11,88,22,27,68,64,111,69,66" hai1="107,40,103,3,1,48,5,58,105,123,70,122,13" hai2="100,52,63,129,96,91,127,86,99,115,128,57,37" hai3="39,47,45,120,72,125,33,83,80,31,2,71,17"/><U76/><E70/><V62/><F37/><W135/><G120/><T124/><D106/><U65/><E65/><V50/><F115/><W25/><G71/><T38/><D38/><U110/><E76/><V44/><F127/><W21/><G125/><T109/><D124/><U73/><E73/><V35/><F35/><W16/><G135/><T81/><D116/><U77/><E77/><V94/><F62/><W14/><G2/><T74/><D74/><U95/><E48/><V55/><REACH who="2" step="1"/><F96/><REACH who="2" ten="211,230,319,230" step="2"/><W67/><G39/><T121/><D111/><U104/><E110/><V117/><F117/><W101/><G33/><T32/><D109/><U78/><E123/><V28/><F28/><W85/><G31/><T15/><D32/><U130/><E122/><V36/><F36/><W0/><G67/><T7/><D121/><U49/><E3/><V4/><F4/><W18/><G0/><T75/><D66/><U132/><E1/><V90/><F90/><N who="3" m="51495" /><G18/><T89/><D64/><U24/><E5/><V54/><F54/><W131/><G101/><T97/><D69/><U61/><E103/><V108/><F108/><W9/><G131/><T93/><D68/><U118/><E130/><V102/><F102/><W46/><G17/><T98/><D7/><U20/><E61/><V8/><F8/><W114/><G114/><T87/><D11/><U113/><E113/><V134/><F134/><W60/><G60/><T6/><D6/><U59/><E132/><V79/><F79/><N who="3" m="44519" /><G9/><T19/><D98/><U43/><E118/><V53/><F53/><W23/><G21/><T30/><D19/><RYUUKYOKU ba="0,1" sc="211,10,230,-30,319,10,230,10" hai0="12,15,22,27,30,75,81,82,87,88,89,93,97" hai2="44,50,52,55,57,63,86,91,94,99,100,128,129" hai3="14,16,23,25,45,46,47" /><INIT seed="2,1,1,4,1,55" ten="221,200,329,240" oya="2" hai0="102,123,133,109,86,14,61,60,32,18,29,16,36" hai1="22,58,91,118,5,50,65,128,9,52,88,115,21" hai2="47,80,45,108,82,49,2,20,97,0,81,79,38" hai3="106,101,30,42,124,53,78,33,103,57,19,28,100"/><V10/><F108/><W69/><G69/><T92/><D123/><U93/><E115/><V40/><F97/><W89/><G106/><T24/><D109/><U125/><E118/><V113/><F113/><W43/><G33/><T70/><D133/><U27/><E125/><V85/><F20/><W71/><G71/><T68/><D36/><U98/><E128/><V105/><F105/><W73/><G124/><T112/><D112/><U121/><E121/><V119/><F119/><W44/><G73/><T54/><D18/><U135/><E135/><V48/><F38/><W120/><G120/><T132/><D132/><U95/><E65/><V74/><F10/><W31/><G78/><T25/><D25/><U12/><E27/><V13/><F13/><W75/><G75/><T127/><D127/><U117/><E117/><V99/><F99/><AGARI ba="1,1" hai="5,9,12,21,22,50,52,58,88,91,93,95,98,99" machi="99" ten="30,12000,2" yaku="7,1,9,1,8,1,52,1,54,2" doraHai="55" who="1" fromWho="2" sc="221,0,200,133,329,-123,240,0" /><INIT seed="3,0,0,2,3,42" ten="221,333,206,240" oya="3" hai0="54,17,43,126,85,44,6,36,98,57,26,107,31" hai1="109,69,115,103,40,32,19,25,93,49,112,14,106" hai2="92,110,133,63,20,45,11,120,0,23,116,113,39" hai3="80,15,30,135,73,55,91,128,28,94,77,95,27"/><W50/><G128/><T10/><D126/><U78/><E69/><V37/><F113/><W66/><G135/><T58/><D17/><U71/><E106/><V68/><F116/><W102/><G66/><T4/><D85/><U3/><E3/><V86/><F133/><W101/><G15/><T82/><D82/><U123/><E71/><V79/><F110/><W48/><G48/><T65/><D65/><U122/><E78/><V13/><F0/><W2/><G2/><T34/><D10/><U47/><E25/><V64/><F120/><W134/><G134/><T53/><D98/><U100/><E32/><V132/><F132/><W52/><G55/><T130/><D107/><U62/><E62/><V127/><F127/><W108/><G108/><T46/><D130/><U131/><E109/><V59/><F68/><W89/><G95/><T5/><REACH who="0" step="1"/><D54/><REACH who="0" ten="211,333,206,240" step="2"/><U96/><E131/><V81/><F92/><W72/><G52/><T24/><D24/><U119/><E115/><V33/><F33/><W38/><G27/><T90/><D90/><U70/><E112/><V22/><REACH who="2" step="1"/><F45/><REACH who="2" ten="211,333,196,240" step="2"/><W104/><G94/><T124/><D124/><U41/><E93/><V118/><F118/><W7/><G104/><T97/><D97/><U75/><E47/><V35/><F35/><W76/><G102/><T111/><D111/><U105/><E103/><V67/><F67/><W61/><G101/><T84/><D84/><U16/><E100/><V87/><F87/><W21/><G73/><T60/><D60/><U88/><E105/><V74/><F74/><W8/><G72/><T51/><AGARI ba="0,2" hai="4,5,6,26,31,34,36,43,44,46,51,53,57,58" machi="51" ten="30,8000,1" yaku="1,1,5,1,0,1,52,2,53,0" doraHai="42" doraHaiUra="121" who="0" fromWho="0" sc="211,100,333,-20,196,-20,240,-40" owari="311,11.1,313,41.3,176,-32.4,200,-20.0" /></mjloggm>