<mjloggm ver="2.3"><GO type="225" lobby="0"/><UN n0="%73%73%6B%5F%66%72%65%65" n1="%E3%81%8B%E3%82%8F%E3%81%A1%E3%82%83%E3%82%93%35%38" n2="%E5%91%A8%E6%9D%B1" n3="%E3%81%BF%E3%81%BF%E3%81%9A" dan="16,16,16,17" rate="2099.72,2142.03,2179.21,2214.12" sx="M,M,M,M"/><TAIKYOKU oya="0"/><INIT seed="0,0,0,3,4,35" ten="250,250,250,250" oya="0" hai0="58,107,2,121,92,127,90,26,43,52,45,9,128" hai1="82,47,103,113,48,21,31,14,30,5,94,3,115" hai2="4,34,119,63,95,55,79,12,130,76,78,32,105" hai3="126,135,114,60,96,112,27,16,133,70,97,93,33"/><T44/><D121/><U20/><E82/><V15/><F105/><W89/><G126/><T1/><D127/><U134/><E94/><V71/><F130/><W68/><G97/><T37/><D107/><U10/><E103/><V117/><F95/><W40/><G40/><T11/><D128/><U80/><E80/><V49/><F63/><W28/><G60/><T17/><D45/><U8/><E48/><V88/><F71/><N who="3" m="27179" /><G16/><T77/><D77/><U132/><E47/><V42/><F42/><W23/><G33/><T116/><D116/><N who="2" m="44618" /><F88/><W51/><G51/><T56/><D56/><U7/><E14/><N who="2" m="5163" /><F4/><W64/><G64/><T50/><D11/><U46/><E46/><AGARI ba="0,0" hai="32,34,46,49,55,76,78,79" m="5163,44618" machi="46" ten="30,1000,0" yaku="12,1" doraHai="35" who="2" fromWho="1" sc="250,0,250,-10,250,10,250,0" /><INIT seed="1,0,0,3,0,72" ten="250,240,260,250" oya="1" hai0="128,35,62,47,123,82,97,22,77,92,9,15,78" hai1="124,28,105,33,67,103,16,108,59,5,75,66,81" hai2="20,84,93,1,94,41,60,46,56,88,129,18,14" hai3="70,2,116,52,53,134,100,113,133,126,8,99,130"/><U30/><E5/><V112/><F129/><W31/><G113/><T4/><D128/><U27/><E124/><V79/><F112/><W127/><G130/><T68/><D35/><U69/><E108/><V17/><F1/><W48/><G70/><T12/><D123/><U25/><E59/><V51/><F18/><W98/><G31/><T135/><D135/><N who="3" m="51721" /><G116/><T10/><D47/><U13/><E69/><V73/><F73/><W36/><G36/><T119/><D119/><U71/><E71/><V11/><F79/><N who="0" m="30218" /><D68/><U104/><E81/><V132/><F132/><W115/><G115/><T121/><D121/><U32/><E75/><V21/><REACH who="2" step="1"/><F94/><REACH who="2" ten="250,240,250,250" step="2"/><W85/><G2/><T95/><D82/><U87/><E87/><V34/><F34/><W63/><G85/><T6/><D95/><U0/><E0/><V83/><F83/><W44/><G8/><T55/><D92/><U37/><E37/><V114/><F114/><W120/><G120/><T118/><D118/><U106/><REACH who="1" step="1"/><E103/><REACH who="1" ten="250,230,250,250" step="2"/><V74/><F74/><W50/><G100/><T19/><D97/><U64/><E64/><AGARI ba="0,2" hai="11,14,17,20,21,41,46,51,56,60,64,84,88,93" machi="64" ten="30,7700,0" yaku="1,1,7,1,8,1,54,1,53,0" doraHai="72" doraHaiUra="125" who="2" fromWho="1" sc="250,0,230,-77,250,97,250,0" /><INIT seed="2,0,0,1,1,4" ten="250,153,347,250" oya="2" hai0="12,37,30,70,48,98,27,18,44,87,17,108,20" hai1="46,36,135,49,82,112,77,131,54,83,10,42,134" hai2="124,95,21,86,8,11,1,68,100,7,96,40,41" hai3="25,39,55,28,63,85,81,80,23,130,64,103,73"/><V29/><F124/><W125/><G130/><T24/><D108/><U50/><E112/><V122/><F122/><W89/><G125/><T117/><D70/><U14/><E131/><V74/><F74/><W92/><G39/><T45/><D117/><U97/><E97/><V91/><F68/><W116/><G116/><T127/><D127/><U33/><E33/><V123/><F123/><W101/><G55/><T32/><D98/><U19/><E36/><V129/><F129/><W109/><G109/><T5/><D37/><U76/><E82/><V58/><F58/><W0/><G0/><T126/><D126/><U94/><E94/><V34/><F34/><W119/><G119/><T71/><D71/><U128/><E128/><V38/><F38/><W16/><G28/><T72/><D72/><U88/><E134/><V51/><F51/><W26/><G26/><T53/><D87/><N who="1" m="50303" /><E135/><V62/><F62/><W22/><G22/><T102/><D102/><N who="3" m="38921" /><G73/><T66/><D32/><U47/><AGARI ba="0,0" hai="10,14,19,42,46,47,49,50,54,76,77" m="50303" machi="47" ten="30,7900,0" yaku="25,1,8,1,52,1,54,1" doraHai="4" who="1" fromWho="1" sc="250,-20,153,79,347,-39,250,-20" /><INIT seed="3,0,0,2,0,121" ten="230,232,308,230" oya="3" hai0="83,59,94,74,84,31,112,2,116,39,58,38,118" hai1="40,17,20,100,132,92,71,87,52,64,1,79,60" hai2="90,103,55,14,4,65,73,51,123,12,124,13,70" hai3="0,111,25,122,106,86,15,104,113,44,56,105,135"/><W18/><G113/><T76/><D2/><U129/><E1/><V109/><F73/><W43/><G122/><T120/><D120/><U41/><E132/><V28/><F123/><W47/><G0/><T30/><D112/><U50/><E129/><V117/><F117/><W32/><G135/><T69/><D69/><U8/><E8/><V101/><F4/><W88/><G56/><N who="0" m="21547" /><D39/><U42/><E100/><V67/><F70/><W61/><G61/><T107/><D38/><U11/><E11/><V125/><F28/><W10/><G111/><T126/><D126/><N who="2" m="48746" /><F90/><W57/><G57/><T110/><D110/><U23/><E17/><V115/><F109/><W102/><G102/><N who="2" m="38921" /><F115/><W130/><G130/><T21/><D31/><U49/><E71/><V26/><F26/><W29/><REACH who="3" step="1"/><G43/><REACH who="3" ten="230,232,308,220" step="2"/><T46/><D118/><U45/><E41/><V62/><F62/><W75/><G75/><T66/><D116/><U6/><E42/><V78/><F67/><W35/><G35/><T108/><D108/><U91/><E60/><V48/><F65/><W89/><G89/><N who="0" m="53543" /><D66/><U85/><E64/><V68/><F68/><W36/><G36/><T63/><D63/><U128/><E128/><V72/><F55/><W93/><AGARI ba="0,1" hai="10,15,18,25,29,32,44,47,86,88,93,104,105,106" machi="93" ten="30,11700,0" yaku="1,1,0,1,54,1,53,1" doraHai="121" doraHaiUra="7" who="3" fromWho="3" sc="230,-39,232,-39,308,-39,220,127" owari="191,-30.9,193,-20.7,269,6.9,347,44.7" /></mjloggm>