<mjloggm ver="2.3"><GO type="225" lobby="0"/><UN n0="%E3%81%BF%E3%81%BF%E3%81%9A" n1="%E3%81%AD%E3%82%80%E3%81%84%40%E9%9B%80%E9%B3%B4%E4%BC%9A" n2="%E3%83%81%E3%83%83%E3%82%BF%E3%82%BD%E3%83%BC" n3="%E3%81%95%E3%81%8D%E3%81%9F%E3%81%BE%E6%9E%97%E6%AA%8E" dan="17,16,17,16" rate="2227.67,2179.13,2218.48,2102.22" sx="M,F,F,M"/><TAIKYOKU oya="0"/><INIT seed="0,0,0,3,2,110" ten="250,250,250,250" oya="0" hai0="63,61,22,129,24,93,14,26,75,125,58,121,44" hai1="9,20,80,96,49,69,87,71,10,56,48,34,23" hai2="31,126,94,50,57,79,7,39,42,122,70,35,105" hai3="72,67,62,76,89,114,53,11,92,47,0,132,118"/><T73/><D121/><U28/><E34/><V112/><F122/><W101/><G114/><T99/><D125/><U91/><E71/><V60/><F105/><W45/><G118/><T68/><D129/><U124/><E69/><V90/><F79/><W2/><G132/><T109/><D109/><U95/><E124/><V3/><F126/><W117/><G117/><T1/><D1/><U52/><E48/><V16/><F39/><W21/><G101/><T65/><D44/><U38/><E38/><V54/><F112/><W106/><G106/><T111/><D14/><U40/><E40/><V102/><F102/><W8/><G76/><T13/><D13/><U5/><E28/><V66/><F42/><W43/><G72/><T12/><D12/><N who="1" m="5167" /><E10/><V64/><F64/><W78/><G78/><AGARI ba="0,0" hai="20,23,49,52,56,78,80,87,91,95,96" m="5167" machi="78" ten="30,2000,0" yaku="8,1,54,1" doraHai="110" who="1" fromWho="3" sc="250,0,250,20,250,0,250,-20" /><INIT seed="1,0,0,5,0,123" ten="250,270,250,230" oya="1" hai0="19,11,96,79,65,53,86,90,89,59,117,97,85" hai1="130,25,68,58,78,62,8,52,70,34,94,127,48" hai2="112,49,101,103,37,116,69,81,26,60,80,77,132" hai3="133,24,38,74,5,56,100,55,72,35,51,4,64"/><U83/><E127/><V31/><F116/><W16/><G38/><T87/><D117/><U75/><E130/><V57/><F132/><W10/><G133/><T9/><D65/><U107/><E107/><V45/><F37/><W110/><G100/><T18/><D79/><U105/><E105/><V108/><F69/><W66/><G74/><T84/><D84/><U2/><E94/><V106/><F112/><W118/><G72/><T20/><D96/><U104/><E104/><V12/><F12/><W131/><G131/><T119/><D119/><U76/><E76/><V93/><F106/><W44/><G118/><T98/><D98/><U14/><E2/><V115/><F115/><W43/><G35/><T27/><D19/><U46/><E25/><V22/><F93/><W125/><G125/><T109/><D109/><U41/><REACH who="1" step="1"/><E34/><REACH who="1" ten="250,260,250,230" step="2"/><V29/><F81/><W33/><G110/><T6/><D97/><U88/><E88/><N who="0" m="33897" /><D6/><AGARI ba="0,1" hai="6,8,14,41,46,48,52,58,62,68,70,75,78,83" machi="6" ten="30,5800,0" yaku="1,1,7,1,54,1,53,0" doraHai="123" doraHaiUra="122" who="1" fromWho="0" sc="250,-58,260,68,250,0,230,0" /><INIT seed="1,1,0,1,3,87" ten="192,328,250,230" oya="1" hai0="129,77,121,101,29,18,36,82,124,59,113,17,86" hai1="41,117,11,109,60,81,64,91,108,69,78,85,53" hai2="1,133,99,31,76,93,90,135,40,97,89,46,104" hai3="68,38,92,111,73,37,3,19,63,134,6,102,27"/><U88/><E117/><V20/><F1/><W51/><G111/><N who="1" m="42570" /><E41/><V119/><F119/><W107/><G134/><N who="2" m="51209" /><F76/><W32/><G92/><T71/><D71/><U130/><E130/><V8/><F8/><N who="3" m="2143" /><G51/><T115/><D36/><U33/><E33/><V67/><F67/><N who="3" m="41087" /><G19/><T43/><D129/><U122/><E122/><V52/><F52/><W83/><G83/><T9/><D43/><U12/><E53/><V126/><F126/><W61/><G61/><T10/><D124/><U35/><E35/><V54/><F54/><W66/><G66/><T114/><D121/><U103/><E103/><N who="2" m="62575" /><F20/><W118/><G118/><T47/><D101/><U79/><E79/><V21/><F21/><W94/><G94/><T100/><D100/><U58/><E69/><V15/><F15/><W28/><G73/><T112/><D114/><U75/><E75/><V48/><F31/><W30/><G30/><T14/><D29/><U26/><E26/><V2/><F2/><W13/><G13/><T5/><D10/><U0/><E0/><V65/><F65/><W24/><G24/><T96/><D47/><U70/><E70/><V131/><F131/><W7/><G7/><AGARI ba="1,0" hai="7,11,12,58,60,64,78,81,85,88,91" m="42570" machi="7" ten="30,12000,1" yaku="14,1,10,1,52,2,54,1" doraHai="87" who="1" fromWho="3" sc="192,0,328,123,250,0,230,-123" /><INIT seed="1,2,0,2,2,40" ten="192,451,250,107" oya="1" hai0="2,110,60,78,8,105,88,52,36,93,21,64,12" hai1="13,50,120,70,24,55,69,9,84,47,63,57,72" hai2="29,118,76,14,134,121,99,6,26,67,133,135,87" hai3="101,39,19,125,46,127,85,112,7,73,37,108,97"/><U43/><E72/><V129/><F118/><W132/><G112/><T107/><D2/><U124/><E124/><V5/><F121/><W68/><G7/><T106/><D36/><U62/><E120/><V90/><F129/><W117/><G117/><T83/><D110/><U44/><E24/><V82/><F67/><W1/><G1/><T74/><D21/><U75/><E75/><V113/><F113/><W16/><G68/><T81/><D81/><U38/><E84/><V56/><F56/><W91/><G73/><T119/><D119/><U122/><E122/><V20/><F14/><W27/><G108/><T111/><D111/><U115/><E115/><V41/><F41/><N who="3" m="22831" /><G39/><T10/><D12/><U33/><E33/><V71/><F71/><W80/><G27/><T61/><D52/><U94/><E94/><AGARI ba="2,0" hai="5,6,20,26,29,76,82,87,90,94,99,133,134,135" machi="94" ten="40,1300,0" yaku="20,1" doraHai="40" who="2" fromWho="1" sc="192,0,451,-19,250,19,107,0" /><INIT seed="2,0,0,4,2,127" ten="192,432,269,107" oya="2" hai0="118,27,88,114,75,11,67,102,20,53,59,122,43" hai1="100,41,34,37,104,92,15,14,107,115,95,99,29" hai2="17,46,64,90,55,113,3,50,105,56,33,73,1" hai3="47,5,7,4,24,12,132,94,126,66,61,40,31"/><V70/><F113/><W60/><G126/><T9/><D122/><U42/><E115/><V81/><F105/><W51/><G132/><T133/><D114/><U125/><E125/><V116/><F116/><W131/><G131/><T128/><D75/><U120/><E120/><V123/><F123/><W57/><G12/><T96/><D133/><U77/><E77/><V109/><F109/><W85/><G61/><T69/><D43/><U2/><E2/><V134/><F134/><W93/><REACH who="3" step="1"/><G85/><REACH who="3" ten="192,432,269,97" step="2"/><T111/><D128/><U74/><E14/><V82/><F3/><W28/><G28/><T36/><D111/><U16/><E29/><V13/><F1/><W97/><G97/><T106/><D118/><U129/><E129/><V135/><F135/><W71/><G71/><T63/><D36/><U62/><E37/><V89/><F70/><W87/><G87/><T49/><D88/><U68/><E74/><V45/><F73/><W18/><G18/><AGARI ba="0,1" hai="9,11,18,20,27,49,53,59,63,67,69,96,102,106" machi="18" ten="30,1000,0" yaku="7,1" doraHai="127" who="0" fromWho="3" sc="192,20,432,0,269,0,97,-10" /><INIT seed="3,0,0,3,3,15" ten="212,432,269,87" oya="3" hai0="44,31,100,52,75,108,86,40,102,45,82,123,94" hai1="111,0,127,124,84,25,81,60,12,70,48,24,83" hai2="5,120,129,3,50,80,126,63,43,118,42,19,125" hai3="38,47,28,121,68,113,112,23,133,6,74,128,73"/><W69/><G23/><T41/><D123/><U67/><E0/><V90/><F118/><W56/><G121/><T91/><D108/><U29/><E111/><V105/><F105/><W103/><G56/><T89/><D31/><U54/><E12/><V35/><F35/><W78/><G28/><T99/><D75/><N who="3" m="28681" /><G78/><T76/><D52/><U101/><E101/><N who="0" m="39017" /><D76/><N who="1" m="46119" /><E83/><V87/><F129/><W119/><G119/><T134/><D134/><U14/><E14/><V27/><F120/><W95/><G95/><T132/><D132/><U114/><E114/><N who="3" m="44138" /><G133/><T53/><D53/><U106/><E106/><V130/><F130/><W18/><G18/><T88/><D91/><U97/><E29/><V66/><F5/><W36/><G103/><T16/><D16/><U116/><E116/><V110/><F110/><W131/><G6/><T20/><D20/><U61/><E60/><V77/><F77/><W21/><G21/><T39/><D39/><N who="3" m="14889" /><G47/><AGARI ba="0,0" hai="40,41,44,45,47,82,86,88,89,94,99" m="39017" machi="47" ten="30,2000,0" yaku="8,1,54,1" doraHai="15" who="0" fromWho="3" sc="212,20,432,0,269,0,87,-20" owari="232,-16.8,432,53.2,269,6.9,67,-43.3" /></mjloggm>