<mjloggm ver="2.3"><GO type="225" lobby="0"/><UN n0="%72%65%6E%6B%75%6E" n1="%4B%2E%32%2E%4B%2E" n2="%E6%9D%B1%E9%A2%A8%E3%81%AE%E3%81%8D%E3%82%83%E3%81%B7%E3%81%95%E3%82%93" n3="%70%68%65%6E%6F%6D%65" dan="17,16,16,16" rate="2188.38,2141.14,2157.65,2159.83" sx="M,M,M,M"/><TAIKYOKU oya="0"/><INIT seed="0,0,0,4,1,30" ten="250,250,250,250" oya="0" hai0="52,116,68,79,65,61,66,121,126,57,47,64,120" hai1="94,34,63,41,20,8,85,113,110,96,14,133,92" hai2="59,17,37,128,16,56,81,58,88,0,130,49,70" hai3="31,77,91,118,40,25,29,24,124,107,71,27,93"/><T80/><BYE who="3" /><D116/><UN n3="%70%68%65%6E%6F%6D%65" /><U106/><E110/><V4/><F37/><W19/><G118/><T99/><D99/><U114/><E133/><V84/><F70/><W12/><G107/><T28/><D28/><U100/><E20/><V10/><REACH who="2" step="1"/><F49/><REACH who="2" ten="250,250,240,250" step="2"/><W46/><G71/><T54/><D126/><U9/><E113/><V42/><F42/><W119/><G119/><T53/><D68/><U32/><E41/><V26/><F26/><W98/><G124/><T21/><D21/><U111/><E114/><V76/><F76/><W72/><G77/><T13/><D13/><U23/><E23/><V127/><F127/><W135/><G135/><T6/><D6/><U97/><E14/><V95/><F95/><W1/><G1/><T18/><D18/><AGARI ba="0,1" hai="0,4,10,16,17,18,56,58,59,81,84,88,128,130" machi="18" ten="40,5200,0" yaku="1,1,54,2,53,0" doraHai="30" doraHaiUra="117" who="2" fromWho="0" sc="250,-52,250,0,240,62,250,0" /><INIT seed="1,0,0,3,1,54" ten="198,250,302,250" oya="1" hai0="117,56,32,0,69,41,112,6,30,73,45,81,12" hai1="42,72,10,76,20,125,65,68,51,108,8,49,106" hai2="11,131,58,77,48,15,94,86,122,59,96,114,46" hai3="78,7,18,85,9,107,97,130,88,2,17,104,21"/><U13/><E106/><V39/><F39/><W127/><G127/><T50/><D69/><U93/><E125/><V23/><F131/><W71/><G130/><T55/><D112/><U84/><E72/><V60/><F23/><W25/><G71/><T111/><D111/><U37/><E37/><V5/><F60/><W80/><G18/><T75/><D117/><U119/><E119/><V120/><F114/><W95/><AGARI ba="0,0" hai="2,7,9,17,21,25,78,80,85,88,95,97,104,107" machi="95" ten="30,2000,0" yaku="0,1,54,1" doraHai="54" who="3" fromWho="3" sc="198,-5,250,-10,302,-5,250,20" /><INIT seed="2,0,0,1,1,81" ten="193,240,297,270" oya="2" hai0="75,29,120,40,104,125,10,23,5,80,61,68,72" hai1="129,21,102,63,19,69,18,87,88,49,113,43,54" hai2="42,16,20,33,46,32,101,9,128,135,73,1,25" hai3="132,58,121,2,94,98,105,31,122,4,22,57,62"/><V100/><F73/><W0/><G105/><T109/><D104/><U127/><E113/><V13/><F135/><W7/><G132/><T15/><D120/><U17/><E129/><V131/><F1/><W67/><G2/><T124/><D109/><U86/><E127/><V47/><F101/><N who="3" m="60631" /><G58/><T27/><D40/><U91/><E102/><V50/><F47/><W70/><G70/><T96/><D96/><U45/><E21/><V24/><F100/><W26/><G0/><T3/><D15/><U79/><E79/><V92/><F92/><W66/><G66/><T130/><D130/><N who="2" m="49706" /><F24/><W12/><G12/><T134/><D134/><U114/><E114/><V71/><F71/><W30/><G30/><AGARI ba="0,0" hai="9,13,16,20,25,30,32,33,42,46,50" m="49706" machi="30" ten="30,2900,0" yaku="19,1,54,1" doraHai="81" who="2" fromWho="3" sc="193,0,240,0,297,29,270,-29" /><INIT seed="2,1,0,3,0,119" ten="193,240,326,241" oya="2" hai0="76,95,8,45,132,40,32,59,97,111,128,23,116" hai1="14,22,120,67,26,51,48,63,1,31,87,11,83" hai2="19,131,16,28,24,36,71,79,89,96,72,4,54" hai3="123,34,82,108,58,30,35,118,88,21,99,43,37"/><V62/><F36/><W125/><G118/><T47/><D32/><U124/><E124/><V65/><F131/><W50/><G125/><T56/><D116/><U13/><E1/><V2/><F54/><W104/><G108/><T127/><D128/><U112/><E112/><V133/><F133/><W93/><G123/><T129/><D129/><U49/><E11/><V69/><F69/><W27/><G104/><T42/><D111/><U135/><E135/><V66/><F66/><W81/><G37/><T78/><D127/><U84/><E120/><V117/><F117/><W114/><G114/><T105/><D105/><U68/><REACH who="1" step="1"/><E87/><REACH who="1" ten="193,230,326,241" step="2"/><V61/><F2/><W10/><G10/><T12/><D132/><U113/><E113/><V103/><F72/><W18/><G35/><T85/><D23/><U57/><E57/><N who="0" m="22089" /><D85/><U39/><E39/><V0/><F0/><W46/><REACH who="3" step="1"/><G58/><REACH who="3" ten="193,230,326,231" step="2"/><T55/><D47/><U17/><E17/><V74/><F16/><W134/><G134/><T98/><D45/><U44/><E44/><V90/><F19/><W86/><G86/><T106/><D8/><U122/><E122/><V5/><F74/><W91/><G91/><AGARI ba="1,2" hai="13,14,22,26,31,48,49,51,63,67,68,83,84,91" machi="91" ten="40,2600,0" yaku="1,1,53,1" doraHai="119" doraHaiUra="25" who="1" fromWho="3" sc="193,0,230,49,326,0,231,-29" /><INIT seed="3,0,0,2,3,105" ten="193,279,326,202" oya="3" hai0="23,94,61,5,8,52,30,133,45,122,69,126,121" hai1="24,118,97,17,106,0,75,134,73,20,4,90,56" hai2="41,22,16,55,9,34,91,117,132,12,19,110,74" hai3="26,43,59,116,104,109,114,18,27,49,63,50,10"/><W65/><G114/><T128/><D128/><U47/><E134/><V40/><F74/><W98/><G116/><T89/><D133/><U115/><E115/><V135/><F34/><W25/><G109/><T48/><D126/><U72/><E118/><V70/><F70/><W101/><REACH who="3" step="1"/><G43/><REACH who="3" ten="193,279,326,192" step="2"/><T44/><D122/><U62/><E47/><V71/><F110/><W3/><G3/><T99/><D121/><U79/><E0/><V33/><F135/><W42/><G42/><T95/><D45/><U76/><E4/><V21/><F132/><W113/><G113/><T129/><D129/><U29/><E29/><V119/><F119/><W111/><G111/><T39/><D39/><U2/><E2/><V100/><F117/><W84/><G84/><T87/><D30/><U35/><E35/><V54/><F33/><W86/><G86/><T13/><D23/><U15/><E75/><V37/><F22/><W77/><G77/><T96/><REACH who="0" step="1"/><D95/><REACH who="0" ten="183,279,326,192" step="2"/><N who="1" m="56567" /><E106/><V131/><F37/><W60/><G60/><T120/><D120/><U78/><E73/><V38/><F38/><W103/><G103/><T83/><D83/><U93/><E93/><V7/><F100/><W112/><G112/><T32/><D32/><U66/><E72/><V85/><F131/><W14/><AGARI ba="0,2" hai="10,14,18,25,26,27,49,50,59,63,65,98,101,104" machi="14" ten="30,6000,0" yaku="1,1,0,1,53,1" doraHai="105" doraHaiUra="57" who="3" fromWho="3" sc="183,-20,279,-20,326,-20,192,80" /><INIT seed="3,1,0,1,0,53" ten="163,259,306,272" oya="3" hai0="115,16,127,80,92,105,34,21,20,61,43,81,12" hai1="121,70,89,37,106,97,125,48,14,49,95,113,51" hai2="116,118,32,30,129,126,22,91,9,25,55,72,62" hai3="19,33,86,110,124,130,133,134,104,103,112,2,87"/><W18/><G112/><T35/><D105/><U0/><E0/><V69/><F72/><W73/><G73/><T85/><D115/><U23/><E113/><V94/><F129/><W47/><G2/><T107/><D107/><U52/><E121/><V111/><F111/><W6/><G6/><T78/><D43/><U7/><E70/><V26/><F126/><W99/><G124/><T75/><D127/><U123/><E125/><V100/><F9/><W13/><G130/><T108/><D108/><U31/><E123/><V50/><F100/><W54/><G33/><T57/><D92/><U90/><E37/><V68/><F62/><W44/><G19/><T128/><D21/><U114/><E106/><V135/><F135/><N who="3" m="51723" /><G110/><T119/><D119/><U5/><E114/><V45/><F118/><W117/><G54/><T132/><D132/><U71/><E71/><V120/><F120/><W59/><G59/><T3/><D3/><U36/><E36/><V122/><F122/><W46/><G117/><T66/><REACH who="0" step="1"/><D128/><REACH who="0" ten="153,259,306,272" step="2"/><U88/><E31/><V58/><F116/><W83/><G83/><T40/><D40/><U65/><E95/><V98/><F45/><W24/><G24/><T29/><D29/><AGARI ba="1,1" hai="22,25,26,29,30,32,50,55,58,68,69,91,94,98" machi="29" ten="30,2000,0" yaku="7,1,52,1" doraHai="53" who="2" fromWho="0" sc="153,-23,259,0,306,33,272,0" owari="130,-37.0,259,-14.1,339,43.9,272,7.2" /></mjloggm>