<mjloggm ver="2.3"><GO type="225" lobby="0"/><UN n0="%E6%81%A5%E6%99%92%E3%81%97" n1="%E6%A1%9C%E8%8A%B1%E9%96%83%E3%80%85" n2="%E3%81%AF%E3%82%88%E3%81%8A%E3%81%98%E3%81%95%E3%82%93" n3="%E6%9C%88%E5%B3%B6%E5%9F%BA" dan="16,17,17,18" rate="2063.57,2205.44,2157.42,2217.62" sx="M,M,M,M"/><TAIKYOKU oya="0"/><INIT seed="0,0,0,5,5,65" ten="250,250,250,250" oya="0" hai0="97,122,105,71,18,24,1,123,42,6,21,80,25" hai1="112,107,64,66,44,91,127,47,132,8,5,69,103" hai2="111,58,100,106,9,59,83,99,56,12,27,23,89" hai3="48,116,117,49,96,94,86,133,22,30,95,32,52"/><T14/><D71/><U68/><E91/><V11/><F111/><W93/><G32/><T4/><D42/><U19/><E19/><V134/><F134/><W37/><G37/><T79/><D105/><U40/><E132/><V28/><F12/><W88/><G133/><T119/><D97/><U73/><E127/><V121/><F121/><N who="0" m="46090" /><D80/><U81/><E112/><V20/><REACH who="2" step="1"/><F23/><REACH who="2" ten="250,250,240,250" step="2"/><W82/><G22/><T77/><D14/><U74/><E8/><V101/><F101/><W87/><G116/><T53/><D119/><U57/><E103/><V118/><F118/><W0/><G117/><T128/><D21/><U72/><E5/><V125/><F125/><W43/><G0/><T10/><D6/><U110/><E110/><V102/><F102/><W78/><G96/><T13/><D1/><U75/><E75/><V3/><F3/><W63/><G86/><AGARI ba="0,1" hai="9,11,20,27,28,56,58,59,83,86,89,99,100,106" machi="86" ten="40,1300,0" yaku="1,1,53,0" doraHai="65" doraHaiUra="131" who="2" fromWho="3" sc="250,0,250,0,240,23,250,-13" /><INIT seed="1,0,0,2,3,105" ten="250,250,263,237" oya="1" hai0="106,29,115,40,30,97,68,62,47,56,20,94,72" hai1="84,36,34,35,134,4,120,28,14,10,130,114,12" hai2="76,26,123,86,58,17,93,111,6,16,71,64,43" hai3="3,121,135,124,129,107,22,66,122,128,65,101,52"/><U61/><E36/><V11/><F71/><W41/><G3/><T85/><D115/><U103/><E114/><V82/><F123/><N who="3" m="47115" /><G22/><T15/><D68/><U67/><E120/><V96/><F111/><W0/><G0/><T42/><D106/><U117/><E117/><V99/><F43/><W70/><G101/><T100/><D72/><U127/><E127/><V8/><F26/><W51/><G107/><T9/><D85/><U98/><E130/><N who="3" m="50282" /><G124/><T24/><D47/><U37/><E37/><V19/><F6/><W57/><G135/><T1/><D30/><U88/><E14/><V118/><F118/><W87/><G87/><T53/><REACH who="0" step="1"/><D1/><REACH who="0" ten="240,250,263,237" step="2"/><U23/><E28/><V55/><F96/><W25/><G70/><T109/><D109/><U18/><E98/><V33/><F33/><W133/><G133/><T108/><D108/><U45/><E134/><V5/><F99/><W79/><G79/><T125/><D125/><U81/><E45/><V104/><F104/><W92/><G92/><T112/><D112/><U73/><E73/><V54/><F93/><W119/><G119/><T31/><D31/><U27/><REACH who="1" step="1"/><E103/><REACH who="1" ten="240,240,263,237" step="2"/><V63/><REACH who="2" step="1"/><F11/><REACH who="2" ten="240,240,253,237" step="2"/><W46/><G25/><T38/><D38/><AGARI ba="0,3" hai="38,41,46,51,52,57,65,66" m="50282,47115" machi="38" ten="30,7700,0" yaku="19,1,34,2,54,1" doraHai="105" who="3" fromWho="0" sc="240,-77,240,0,253,0,237,107" /><INIT seed="2,0,0,2,5,73" ten="163,240,253,344" oya="2" hai0="8,117,39,2,22,43,32,132,94,75,66,48,28" hai1="65,10,69,59,126,89,93,35,27,134,127,130,38" hai2="108,12,87,118,88,36,86,85,61,50,111,95,116" hai3="97,7,78,113,71,37,103,80,20,6,11,129,17"/><V82/><F36/><W33/><G33/><T128/><D132/><U64/><E69/><V57/><F50/><W83/><G71/><T42/><D128/><U124/><E134/><V121/><F121/><W55/><G37/><T58/><D32/><U131/><E38/><V47/><F47/><W41/><G41/><T44/><D117/><U101/><E101/><V51/><F51/><W122/><G122/><T19/><D42/><U24/><E10/><V99/><F12/><W52/><G83/><T81/><D28/><N who="1" m="19847" /><E27/><V34/><F34/><W104/><G113/><T98/><D66/><N who="1" m="25707" /><E59/><V102/><F57/><W125/><G129/><T46/><D58/><U9/><E9/><V77/><F85/><AGARI ba="0,0" hai="85,89,93,124,126,127,130,131" m="25707,19847" machi="85" ten="40,1300,0" yaku="18,1" doraHai="73" who="1" fromWho="2" sc="163,0,240,13,253,-13,344,0" /><INIT seed="3,0,0,2,4,107" ten="163,253,240,344" oya="3" hai0="23,54,17,89,114,125,50,13,135,92,87,100,71" hai1="78,63,0,61,128,55,53,26,3,57,82,5,117" hai2="123,62,58,73,96,68,130,70,60,112,88,109,59" hai3="29,90,127,41,47,98,15,45,134,34,31,95,6"/><W105/><G127/><T16/><D125/><U37/><E37/><V116/><F112/><W67/><G134/><T99/><D135/><U20/><E128/><V129/><F116/><W39/><G67/><T25/><D71/><U72/><E117/><V94/><F73/><W38/><G34/><T124/><D114/><U77/><E77/><V104/><F104/><W85/><G6/><T106/><D124/><U118/><E118/><V46/><F46/><W27/><G15/><T12/><D106/><U93/><E93/><V79/><F79/><W69/><G69/><T97/><D100/><U65/><E5/><V52/><F109/><W4/><G4/><T14/><REACH who="0" step="1"/><D17/><REACH who="0" ten="153,253,240,344" step="2"/><U120/><E120/><V64/><F123/><W111/><G105/><T83/><D83/><U36/><E82/><V66/><F70/><W80/><G80/><T40/><D40/><U8/><E0/><V131/><F68/><W44/><G41/><T110/><D110/><U74/><E3/><V11/><F130/><W119/><G111/><T108/><D108/><U84/><E72/><V33/><F129/><W24/><G119/><T56/><AGARI ba="0,1" hai="12,13,14,16,23,25,50,54,56,87,89,92,97,99" machi="56" ten="30,7900,0" yaku="1,1,0,1,8,1,54,1,53,0" doraHai="107" doraHaiUra="113" who="0" fromWho="0" sc="153,89,253,-20,240,-20,344,-39" owari="242,4.2,233,-16.7,220,-28.0,305,40.5" /></mjloggm>