<mjloggm ver="2.3"><GO type="225" lobby="0"/><UN n0="%E6%9D%B1%E9%A2%A8%E3%81%AE%E3%81%8D%E3%82%83%E3%81%B7%E3%81%95%E3%82%93" n1="%E3%81%BF%E3%81%BF%E3%81%9A" n2="%4C%4F%4C%49%54%41" n3="%E3%83%B4%E3%83%A0%EF%BC%99%E3%81%A6" dan="16,17,16,16" rate="2102.46,2159.86,2095.39,2178.07" sx="M,M,F,M"/><TAIKYOKU oya="0"/><INIT seed="0,0,0,3,0,100" ten="250,250,250,250" oya="0" hai0="30,68,34,9,93,14,2,130,104,83,16,24,121" hai1="1,4,92,133,84,44,6,98,20,37,131,47,70" hai2="124,77,63,115,7,28,45,19,21,89,3,82,103" hai3="109,71,13,73,97,46,22,69,31,41,39,88,106"/><T118/><D118/><U135/><E70/><V91/><F115/><W116/><G116/><T5/><D121/><U10/><E131/><V105/><F124/><W65/><G73/><T58/><D130/><U108/><E108/><V102/><F28/><W17/><G109/><T64/><D68/><U132/><E37/><V29/><F29/><W60/><G69/><T72/><D93/><U67/><E67/><V61/><F103/><W33/><G106/><T81/><D104/><U36/><E36/><V111/><F111/><W0/><G0/><T127/><D127/><U96/><E20/><V107/><F7/><W11/><G33/><T95/><D95/><U12/><E6/><V90/><F3/><W26/><G97/><N who="1" m="37482" /><E1/><V35/><F35/><W51/><REACH who="3" step="1"/><G39/><REACH who="3" ten="250,250,250,240" step="2"/><T53/><D72/><U27/><E27/><V110/><F110/><W78/><G78/><T59/><D64/><U75/><E75/><V120/><F105/><W23/><G23/><N who="0" m="11671" /><D59/><U74/><E74/><V25/><F107/><W119/><G119/><T8/><D8/><U52/><E84/><V57/><F57/><W122/><G122/><T87/><D87/><U128/><E128/><V43/><F120/><W125/><G125/><T86/><D86/><U40/><E133/><V129/><F129/><W55/><G55/><T76/><D76/><U99/><E52/><V48/><F102/><W94/><G94/><T134/><D134/><N who="1" m="51243" /><E40/><V15/><F77/><W50/><G50/><AGARI ba="0,1" hai="2,5,9,24,30,34,50,53,58,81,83" m="11671" machi="50" ten="30,2900,0" yaku="24,1,54,1" doraHai="100" who="0" fromWho="3" sc="250,39,250,0,250,0,240,-29" /><INIT seed="0,1,0,1,4,51" ten="289,250,250,211" oya="0" hai0="39,69,2,45,49,44,91,34,122,76,125,107,7" hai1="133,23,86,98,115,116,88,65,57,70,114,8,90" hai2="26,71,25,58,16,80,72,11,10,3,135,81,85" hai3="55,5,1,103,119,131,94,100,66,78,28,6,74"/><T4/><D122/><U126/><E116/><V127/><F71/><W33/><G119/><T89/><D107/><U97/><E126/><V106/><F106/><W12/><G1/><T19/><D69/><U109/><E70/><V56/><F135/><W0/><G0/><T15/><D34/><U14/><E109/><V61/><F127/><W84/><G66/><T101/><D101/><U134/><E23/><V29/><F3/><W112/><G74/><T108/><D125/><U82/><E65/><V129/><F129/><W59/><G131/><T47/><D76/><U118/><E57/><V32/><F72/><W60/><G112/><N who="1" m="43050" /><E118/><V120/><F58/><W67/><G67/><T63/><D39/><U27/><E27/><V53/><F120/><W21/><G33/><T102/><D108/><U124/><E124/><V52/><F53/><W99/><G100/><T20/><D102/><U54/><E54/><V17/><F81/><W87/><G78/><T123/><D123/><U95/><E98/><V111/><F111/><W130/><G130/><T121/><D121/><U104/><E104/><V13/><F26/><N who="3" m="16463" /><G12/><T43/><D63/><U50/><E50/><V113/><F113/><W22/><G22/><T77/><D77/><U92/><E82/><V9/><F17/><AGARI ba="1,0" hai="8,14,17,86,88,90,92,95,97,133,134" m="43050" machi="17" ten="30,2000,0" yaku="11,1,54,1" doraHai="51" who="1" fromWho="2" sc="289,0,250,23,250,-23,211,0" /><INIT seed="1,0,0,0,4,4" ten="289,273,227,211" oya="1" hai0="64,54,47,55,83,15,20,80,3,61,131,16,66" hai1="13,32,121,134,1,96,9,60,39,107,67,81,72" hai2="29,53,37,97,22,0,31,94,124,93,132,7,86" hai3="71,98,91,50,115,58,74,127,105,19,5,88,126"/><U130/><E121/><V52/><F37/><W35/><G115/><T10/><D131/><U38/><E13/><V122/><F122/><W76/><G71/><T118/><D118/><U73/><E32/><V2/><F132/><W6/><G35/><T116/><D116/><U117/><E117/><V17/><F124/><N who="3" m="47659" /><G19/><T70/><D66/><U133/><E130/><V120/><F120/><W8/><G5/><T75/><D75/><U59/><E96/><V26/><F0/><W111/><G111/><T34/><D34/><U104/><E9/><V49/><F7/><W110/><G110/><T119/><D119/><U69/><E59/><V44/><F53/><N who="3" m="32055" /><G76/><T123/><D123/><U36/><E1/><V24/><F2/><N who="3" m="87" /><G74/><N who="1" m="28778" /><E81/><N who="0" m="31305" /><D70/><U51/><E51/><V89/><REACH who="2" step="1"/><F26/><REACH who="2" ten="289,273,217,211" step="2"/><W12/><G12/><N who="0" m="9223" /><D3/><U63/><E63/><V129/><F129/><W21/><G21/><T90/><D61/><U85/><E134/><V108/><F108/><W33/><G33/><T114/><D114/><U101/><E133/><V82/><F82/><W43/><G43/><T41/><D41/><U113/><E113/><V112/><F112/><W78/><G78/><T57/><D55/><U28/><E38/><V77/><F77/><W100/><AGARI ba="0,1" hai="88,91,98,100,105" m="87,32055,47659" machi="100" ten="30,4000,0" yaku="18,1,52,1,54,1" doraHai="4" who="3" fromWho="3" sc="289,-10,273,-20,217,-10,211,50" /><INIT seed="2,0,0,2,2,93" ten="279,253,207,261" oya="2" hai0="28,132,89,51,27,79,86,118,130,52,119,73,33" hai1="102,4,18,66,96,100,101,108,1,107,97,24,49" hai2="43,94,129,104,121,40,58,23,88,41,122,134,68" hai3="32,35,13,6,114,46,103,135,112,111,123,0,127"/><V2/><F68/><W92/><G123/><T50/><D50/><U131/><E108/><V116/><F116/><N who="0" m="44586" /><D132/><U56/><E131/><V70/><F70/><W21/><G111/><T19/><D130/><U78/><E78/><V37/><F129/><W30/><G46/><N who="0" m="27767" /><D19/><U55/><E1/><V14/><F37/><W31/><G0/><T60/><D60/><N who="1" m="38151" /><E107/><V106/><F2/><W98/><G135/><T53/><D53/><U115/><E4/><V20/><F134/><W5/><G5/><T85/><D89/><U8/><E115/><V120/><F58/><W76/><G6/><T11/><D11/><U71/><E71/><V36/><F36/><W81/><G112/><T84/><D73/><U16/><E24/><V124/><F124/><W15/><G127/><T63/><D63/><U45/><E18/><V62/><F62/><W7/><G7/><T109/><D109/><U91/><E91/><V117/><F117/><W90/><G90/><T74/><D74/><U105/><E105/><V48/><F48/><W87/><G114/><T34/><D34/><U42/><E55/><V59/><F59/><W99/><G32/><T3/><D3/><U95/><E95/><V75/><F75/><W47/><G35/><T57/><D57/><U29/><E29/><N who="3" m="10762" /><G47/><T133/><D133/><U67/><E67/><V26/><F14/><AGARI ba="0,0" hai="8,14,16,42,45,49,96,97,100,101,102" m="38151" machi="14" ten="30,7700,0" yaku="8,1,52,2,54,1" doraHai="93" who="1" fromWho="2" sc="279,0,253,77,207,-77,261,0" /><INIT seed="3,0,0,2,5,46" ten="279,330,130,261" oya="3" hai0="19,1,114,79,21,26,112,5,88,95,78,82,123" hai1="53,30,106,69,105,33,110,55,113,125,57,120,81" hai2="83,107,6,17,18,126,80,128,93,12,11,119,25" hai3="97,61,68,23,101,70,96,116,14,92,40,129,127"/><W3/><G116/><T77/><D123/><U72/><E69/><V45/><F107/><W75/><G3/><T54/><D5/><U37/><E37/><V66/><F119/><W84/><G75/><T24/><D1/><U4/><E120/><V43/><F126/><W42/><G127/><T49/><D26/><U118/><E125/><V13/><F128/><W98/><G129/><T133/><D133/><U29/><E118/><V132/><F132/><W34/><G34/><T122/><D122/><U109/><E4/><V44/><F66/><W62/><G68/><T36/><D36/><U117/><E117/><V58/><F58/><W28/><G70/><T10/><D10/><U52/><E113/><N who="0" m="43625" /><D82/><U115/><E115/><V91/><F25/><N who="3" m="16447" /><G14/><T32/><D32/><U100/><E57/><V9/><F6/><W103/><G103/><T2/><D2/><U65/><E65/><V121/><F121/><W60/><G101/><T130/><D130/><U111/><E100/><V50/><REACH who="2" step="1"/><F45/><REACH who="2" ten="279,330,120,261" step="2"/><W15/><G15/><T38/><D38/><U39/><E39/><V56/><F56/><W48/><G48/><T74/><D74/><U94/><E33/><V8/><F8/><W124/><G124/><T76/><D49/><U99/><E29/><V71/><F71/><W47/><G47/><T134/><D134/><U63/><E30/><V89/><F89/><AGARI ba="0,1" hai="40,42,60,61,62,84,89,92,96,97,98" m="16447" machi="89" ten="30,1500,0" yaku="8,1" doraHai="46" who="3" fromWho="2" sc="279,0,330,0,120,-15,261,25" /><INIT seed="3,1,0,1,3,45" ten="279,330,105,286" oya="3" hai0="81,126,128,111,40,70,112,9,103,44,32,101,30" hai1="3,85,51,48,23,91,74,28,46,21,33,124,106" hai2="123,105,73,78,0,71,132,125,27,68,24,100,6" hai3="117,63,93,104,38,2,57,121,22,26,10,87,18"/><W58/><G117/><T94/><D70/><U36/><E36/><V4/><F78/><W31/><G121/><T17/><D126/><U88/><E74/><V61/><F61/><W53/><G104/><T109/><D81/><U89/><E3/><V107/><F100/><W115/><G115/><T97/><D103/><U25/><E106/><V108/><F125/><W79/><G38/><T56/><D56/><U127/><E85/><V19/><F73/><W99/><G2/><T133/><D112/><U135/><E135/><V64/><F0/><W50/><G10/><T130/><D133/><U75/><E75/><V39/><F132/><W37/><G37/><T60/><D60/><U34/><E34/><V12/><F39/><W41/><G41/><T52/><D40/><N who="1" m="24647" /><E51/><V119/><F12/><W42/><G42/><T110/><D30/><U49/><E49/><V15/><F15/><W8/><G8/><T120/><D32/><U55/><E55/><V16/><F108/><W29/><G87/><T69/><D69/><U82/><E82/><V116/><REACH who="2" step="1"/><F123/><REACH who="2" ten="279,330,95,286" step="2"/><W83/><G79/><T59/><D120/><U65/><E127/><V95/><F95/><W47/><G83/><T14/><D44/><U7/><E124/><V102/><F102/><N who="3" m="60783" /><G47/><T98/><D111/><U1/><E1/><V86/><F86/><W76/><G76/><T67/><D110/><U66/><E7/><V131/><F131/><W72/><G72/><T118/><D109/><U5/><E5/><V122/><F122/><W11/><G11/><T92/><D9/><U90/><E91/><V20/><F20/><AGARI ba="1,1" hai="20,21,23,25,28,33,65,66,88,89,90" m="24647" machi="20" ten="30,3900,0" yaku="6,1,52,1,54,1" doraHai="45" who="1" fromWho="2" sc="279,0,330,52,95,-42,286,0" owari="279,-12.1,382,48.2,53,-44.7,286,8.6" /></mjloggm>