<mjloggm ver="2.3"><GO type="225" lobby="0"/><UN n0="%70%65%6E%74%6F%6C%61" n1="%E5%B0%8F%E9%B3%A5%E9%81%8A%E7%B7%B4%E7%84%A1%32%31%E6%AD%B3" n2="%74%61%6B%65%2D%79%6F%75" n3="%E3%83%A9%E3%82%A4%E3%83%B3%E3%81%AE%E8%99%8E" dan="17,16,16,16" rate="2182.13,2161.56,2093.14,2139.77" sx="M,F,M,M"/><TAIKYOKU oya="0"/><INIT seed="0,0,0,5,3,67" ten="250,250,250,250" oya="0" hai0="71,59,62,70,74,128,87,81,79,6,124,127,39" hai1="73,105,106,65,89,29,53,108,93,84,36,60,56" hai2="102,21,3,133,111,43,44,23,77,28,83,34,134" hai3="20,114,41,38,115,129,17,5,2,19,103,46,32"/><T9/><D39/><U7/><E73/><V97/><F3/><W1/><G32/><T116/><D116/><U16/><E36/><V42/><F111/><W64/><G129/><T118/><D118/><U63/><E7/><V101/><F34/><W4/><G103/><T100/><D100/><U125/><E125/><N who="0" m="48201" /><D74/><U68/><E108/><V135/><F28/><W119/><G119/><T110/><D128/><U35/><REACH who="1" step="1"/><E16/><REACH who="1" ten="250,240,250,250" step="2"/><V122/><F134/><W25/><G19/><T112/><D110/><U26/><AGARI ba="0,1" hai="26,29,35,53,56,60,63,65,68,84,89,93,105,106" machi="26" ten="30,7900,0" yaku="1,1,2,1,0,1,52,1,53,0" doraHai="67" doraHaiUra="13" who="1" fromWho="1" sc="250,-39,240,89,250,-20,250,-20" /><INIT seed="1,0,0,1,1,54" ten="211,329,230,230" oya="1" hai0="79,108,106,40,117,128,4,92,8,97,111,122,51" hai1="36,42,84,120,112,35,64,2,100,68,94,32,45" hai2="74,61,62,39,104,58,132,107,85,47,67,55,133" hai3="70,134,50,77,48,130,11,1,16,18,56,103,27"/><U81/><E2/><V131/><F74/><W91/><G70/><T10/><D117/><U87/><E120/><V59/><F85/><W129/><G103/><T28/><D28/><U102/><E112/><V65/><F131/><N who="3" m="50187" /><G134/><N who="2" m="51817" /><F55/><N who="3" m="31847" /><G77/><T57/><D106/><N who="2" m="40490" /><F47/><W124/><G124/><T115/><D79/><U26/><E102/><V30/><F30/><W93/><G50/><T119/><D119/><U105/><E105/><V46/><F46/><W14/><G1/><T17/><D128/><U109/><E109/><V21/><F21/><N who="3" m="13735" /><G93/><T23/><D122/><U73/><E73/><V20/><F20/><W63/><G63/><N who="2" m="24073" /><F39/><W69/><G69/><T52/><D115/><U83/><E68/><V5/><F5/><W43/><G91/><N who="0" m="55455" /><D4/><U75/><E75/><V90/><F90/><W24/><G24/><N who="0" m="14447" /><D40/><AGARI ba="0,0" hai="11,14,18,40,43" m="13735,31847,50187" machi="40" ten="30,3900,0" yaku="19,1,52,1,54,1" doraHai="54" who="3" fromWho="0" sc="211,-39,329,0,230,0,230,39" /><INIT seed="2,0,0,0,3,88" ten="172,329,230,269" oya="2" hai0="27,28,55,48,102,14,106,70,63,119,18,65,33" hai1="129,1,125,111,53,81,4,96,115,122,91,71,51" hai2="19,8,114,134,121,128,66,89,133,82,26,87,118" hai3="59,44,62,116,95,77,131,31,22,109,100,5,50"/><V79/><F114/><W93/><G116/><T117/><D48/><U16/><E115/><V112/><F112/><W17/><G100/><T104/><D55/><U30/><E30/><V24/><F118/><W6/><G109/><T99/><REACH who="0" step="1"/><D106/><REACH who="0" ten="162,329,230,269" step="2"/><U90/><E53/><V75/><F66/><W98/><G50/><T15/><D15/><U54/><E54/><V113/><F113/><W132/><G62/><T110/><D110/><U7/><E51/><V85/><F133/><W68/><G132/><T56/><D56/><U21/><E111/><V60/><F134/><W135/><G59/><T103/><D103/><U9/><E71/><V52/><F60/><W73/><G68/><T124/><D124/><U86/><E125/><V101/><F101/><W61/><G61/><T84/><D84/><U23/><E86/><V80/><F52/><W58/><G58/><T43/><D43/><U57/><E57/><V12/><F87/><W74/><G135/><T130/><D130/><U69/><E69/><V49/><F128/><W13/><G13/><T20/><AGARI ba="0,1" hai="14,18,20,27,28,33,63,65,70,99,102,104,117,119" machi="20" ten="30,7900,0" yaku="1,1,0,1,25,2,53,0" doraHai="88" doraHaiUra="40" who="0" fromWho="0" sc="162,89,329,-20,230,-39,269,-20" /><INIT seed="3,0,0,1,2,9" ten="251,309,191,249" oya="3" hai0="124,121,107,86,110,97,93,37,129,130,73,76,133" hai1="66,58,64,109,63,0,54,20,94,35,104,135,132" hai2="95,8,56,60,88,7,42,98,92,2,70,62,101" hai3="15,32,39,31,40,127,6,45,102,83,72,48,116"/><W103/><G116/><T13/><D37/><U24/><E109/><V46/><F70/><W65/><G127/><T49/><D121/><U52/><E104/><V82/><F82/><W126/><G126/><T18/><D124/><U69/><E35/><V57/><F62/><W90/><G65/><T30/><D30/><U96/><E0/><V78/><F78/><W80/><G39/><T128/><D133/><N who="1" m="51275" /><E66/><V111/><F111/><W33/><G72/><T71/><D71/><U115/><E69/><V125/><F125/><W85/><G80/><T75/><D107/><U61/><E63/><V113/><F113/><W29/><G32/><T108/><D108/><U3/><E3/><V21/><F21/><W4/><G4/><T87/><D110/><U47/><E47/><V28/><F28/><N who="3" m="10827" /><G33/><T12/><D76/><U106/><E106/><V36/><REACH who="2" step="1"/><F60/><REACH who="2" ten="251,309,181,249" step="2"/><W19/><G6/><T74/><D130/><U134/><E134/><V79/><F79/><W38/><G38/><T118/><D129/><U100/><E115/><V51/><F51/><W22/><AGARI ba="0,1" hai="15,19,22,40,45,48,83,85,90,102,103" m="10827" machi="22" ten="30,3000,0" yaku="8,1,52,1" doraHai="9" who="3" fromWho="3" sc="251,-10,309,-10,181,-10,249,40" /><INIT seed="3,1,0,5,0,23" ten="241,299,171,289" oya="3" hai0="25,28,29,6,117,16,106,98,27,32,4,97,126" hai1="14,12,95,74,0,34,55,3,94,53,69,20,68" hai2="1,75,124,129,91,39,37,65,19,47,67,10,71" hai3="2,22,118,44,84,73,50,11,108,33,120,80,110"/><W41/><G33/><T66/><D117/><U78/><E20/><V123/><F129/><W114/><G118/><T48/><D66/><U100/><E34/><V31/><F124/><W30/><G73/><T52/><D126/><U83/><E100/><V101/><F123/><W132/><G114/><T57/><D16/><U89/><E89/><V70/><F75/><W58/><G120/><T60/><D60/><U38/><E74/><V81/><F101/><W122/><G122/><T61/><D61/><U77/><E83/><V116/><F116/><W36/><G132/><T17/><D17/><U105/><E38/><V121/><F121/><W5/><G58/><T46/><D57/><U112/><E105/><V56/><F31/><N who="0" m="11850" /><D106/><U99/><E99/><N who="0" m="37897" /><D32/><U86/><E86/><V18/><F56/><W76/><G36/><T15/><D15/><U90/><E90/><V104/><F91/><W42/><G42/><T9/><D9/><U82/><E82/><V109/><F81/><W40/><G41/><T43/><D43/><U79/><E79/><V62/><F104/><W102/><G102/><T96/><D96/><U24/><E112/><V135/><F62/><W134/><G134/><T64/><D64/><U72/><E72/><V128/><F135/><W35/><G35/><T59/><D59/><U111/><E78/><V45/><F10/><W131/><G131/><T92/><D92/><U93/><E77/><V113/><F128/><W107/><G107/><T21/><D21/><U51/><E94/><V87/><F113/><W88/><G76/><T54/><D54/><U26/><E51/><RYUUKYOKU ba="1,0" sc="241,10,299,10,171,-30,289,10" hai0="4,6,25,27,46,48,52" hai1="0,3,12,14,24,26,53,55,68,69,93,95,111" hai3="2,5,11,22,30,40,44,50,80,84,88,108,110" /><INIT seed="3,2,0,4,2,105" ten="251,309,141,299" oya="3" hai0="98,97,42,130,25,110,62,48,123,14,10,60,121" hai1="120,6,50,89,13,55,33,40,91,106,1,18,39" hai2="24,122,44,76,17,90,58,0,112,88,70,3,15" hai3="101,52,118,57,102,11,47,4,12,93,80,45,116"/><W107/><G107/><T74/><D74/><U114/><E120/><V54/><F112/><W73/><G118/><T31/><D110/><U111/><E114/><V133/><F70/><W68/><G68/><T38/><D38/><U84/><E106/><V82/><F122/><W69/><G69/><T85/><D130/><U7/><E33/><V117/><F117/><W2/><G116/><T103/><D85/><U65/><E65/><V23/><F133/><W100/><G2/><T95/><D98/><U41/><E1/><V22/><F44/><N who="3" m="16971" /><G73/><T37/><D37/><U19/><E39/><V129/><F129/><W78/><G80/><T71/><D48/><U125/><E125/><V46/><F46/><W66/><G78/><T132/><D42/><N who="1" m="16491" /><E18/><V59/><F3/><W134/><G134/><T113/><D113/><U20/><E111/><V119/><F0/><W43/><G43/><T131/><D131/><U21/><E21/><V92/><F119/><W26/><G26/><T36/><D36/><U75/><E75/><V30/><F92/><W28/><G28/><T94/><D94/><N who="1" m="54567" /><E91/><V135/><F135/><W81/><G81/><T16/><D132/><U108/><E108/><V79/><F79/><W87/><G66/><T61/><REACH who="0" step="1"/><D71/><REACH who="0" ten="241,309,141,299" step="2"/><U9/><E50/><V126/><F126/><W29/><G87/><T51/><D51/><U34/><E55/><V49/><F58/><W96/><G29/><T99/><D99/><U109/><E109/><V63/><F49/><AGARI ba="2,1" hai="4,11,12,49,52,57,93,96,100,101,102" m="16971" machi="49" ten="30,2900,0" yaku="8,1,54,1" doraHai="105" who="3" fromWho="2" sc="241,0,309,0,141,-35,299,45" owari="241,-15.9,309,10.9,106,-39.4,344,44.4" /></mjloggm>