<mjloggm ver="2.3"><GO type="225" lobby="0"/><UN n0="%E3%81%95%E3%81%8D%E3%81%9F%E3%81%BE%E6%9E%97%E6%AA%8E" n1="%E3%82%B2%E3%82%B9%E8%8C%82%E5%8B%9D" n2="%53%61%63%68%69%30%34" n3="%E3%83%96%E3%83%83%E3%83%91%E3%82%AA%E3%83%96%E3%83%81%E3%82%AD%E3%83%B3" dan="16,16,16,16" rate="2113.32,2127.78,2072.16,2128.51" sx="M,F,M,M"/><TAIKYOKU oya="0"/><INIT seed="0,0,0,0,5,92" ten="250,250,250,250" oya="0" hai0="74,39,22,9,25,21,99,3,116,75,19,26,30" hai1="135,96,15,76,81,20,18,53,109,104,107,13,6" hai2="35,132,66,5,117,7,128,111,28,52,38,51,115" hai3="41,91,89,119,118,50,79,122,100,17,114,44,95"/><T46/><D116/><U56/><E109/><V106/><F38/><W33/><G114/><T40/><D3/><U126/><E135/><V57/><F106/><W85/><G122/><T0/><D0/><U93/><E126/><V72/><F72/><W1/><G1/><T102/><REACH who="0" step="1"/><D9/><REACH who="0" ten="240,250,250,250" step="2"/><U98/><E107/><AGARI ba="0,1" hai="19,21,22,25,26,30,39,40,46,74,75,99,102,107" machi="107" ten="30,11600,0" yaku="1,1,2,1,7,1,52,1,53,0" doraHai="92" doraHaiUra="88" who="0" fromWho="1" sc="240,126,250,-116,250,0,250,0" /><INIT seed="0,1,0,0,5,80" ten="366,134,250,250" oya="0" hai0="41,111,78,62,87,130,114,73,9,36,56,74,113" hai1="92,103,8,93,46,31,135,18,6,44,45,96,53" hai2="79,55,38,123,48,104,127,119,3,43,14,19,86" hai3="23,28,16,99,131,64,35,85,15,12,66,39,95"/><T101/><D101/><U105/><E135/><V4/><F123/><W71/><G131/><T82/><D130/><U1/><E31/><V10/><F104/><W110/><G110/><T0/><D111/><U98/><E105/><V51/><F127/><W108/><G108/><T102/><D102/><U49/><REACH who="1" step="1"/><E18/><REACH who="1" ten="366,124,250,250" step="2"/><V11/><F119/><W24/><G71/><T58/><D114/><U34/><E34/><V5/><F19/><W76/><G39/><T2/><D113/><U117/><E117/><V118/><F118/><W75/><G75/><T133/><D133/><U33/><E33/><V17/><F17/><N who="3" m="10687" /><G35/><T29/><D29/><U91/><AGARI ba="1,1" hai="1,6,8,44,45,46,49,53,91,92,93,96,98,103" machi="91" ten="20,2700,0" yaku="1,1,0,1,7,1,53,0" doraHai="80" doraHaiUra="107" who="1" fromWho="1" sc="366,-14,124,40,250,-8,250,-8" /><INIT seed="1,0,0,1,5,39" ten="352,164,242,242" oya="1" hai0="47,125,103,127,30,120,113,43,60,23,100,25,123" hai1="109,40,4,129,75,31,38,52,13,135,21,71,107" hai2="81,85,114,55,9,80,11,7,17,54,59,19,57" hai3="95,99,14,82,70,119,128,83,106,15,32,58,41"/><U111/><E107/><V133/><F133/><W118/><G70/><T92/><D113/><U93/><E135/><V12/><F114/><W62/><G32/><T101/><D92/><U87/><E75/><V45/><F45/><W91/><G106/><T72/><D72/><U24/><E71/><V134/><F134/><W117/><G128/><T65/><D65/><U61/><E129/><V115/><F115/><W84/><G41/><T42/><D60/><U34/><E93/><V86/><F12/><W122/><G122/><N who="0" m="46635" /><D43/><U0/><E87/><V64/><F7/><W132/><G132/><T90/><D90/><U27/><E0/><V73/><F73/><W121/><G121/><T77/><D77/><U48/><E61/><V29/><F29/><W68/><G68/><T46/><D46/><N who="1" m="23831" /><E13/><V3/><F3/><W10/><G10/><T105/><D105/><U76/><E4/><V8/><F8/><W131/><G131/><T124/><D103/><U33/><E76/><V2/><F2/><W97/><G83/><T94/><D94/><U20/><E34/><V79/><F79/><N who="3" m="46175" /><G99/><T37/><AGARI ba="0,0" hai="23,25,30,37,42,47,100,101,124,125,127" m="46635" machi="37" ten="40,5200,0" yaku="18,1,13,1,52,1" doraHai="39" who="0" fromWho="0" sc="352,52,164,-26,242,-13,242,-13" /><INIT seed="2,0,0,0,4,114" ten="404,138,229,229" oya="2" hai0="68,11,133,65,32,105,0,82,6,53,19,42,38" hai1="31,113,81,87,127,43,58,21,63,131,128,27,57" hai2="46,69,89,78,96,126,91,8,115,28,52,80,125" hai3="86,111,106,2,33,108,30,79,100,60,71,29,25"/><V40/><F115/><W20/><G2/><T88/><D105/><U64/><E113/><V117/><F69/><W13/><G79/><T61/><D32/><U90/><E127/><N who="2" m="48651" /><F28/><W22/><G86/><T17/><D53/><U123/><E43/><V95/><F8/><W3/><G3/><T26/><D133/><U118/><E118/><V54/><F91/><W77/><G77/><T45/><D26/><U84/><E123/><V110/><F110/><N who="3" m="42027" /><G30/><T76/><D88/><U97/><E97/><V99/><F99/><N who="3" m="61727" /><G13/><T59/><D68/><U70/><REACH who="1" step="1"/><E84/><AGARI ba="0,0" hai="0,6,11,17,19,38,42,45,59,61,65,76,82,84" machi="84" ten="30,1000,0" yaku="7,1" doraHai="114" who="0" fromWho="1" sc="404,10,138,-10,229,0,229,0" /><INIT seed="3,0,0,1,1,115" ten="414,128,229,229" oya="3" hai0="2,72,88,41,82,55,60,134,28,132,48,58,119" hai1="5,50,95,30,34,15,79,67,13,86,47,18,128" hai2="116,101,89,65,12,73,24,32,6,104,106,76,17" hai3="129,9,19,117,59,80,109,64,7,99,57,22,0"/><W121/><G121/><T77/><D119/><U100/><E128/><V44/><F116/><W74/><G117/><T71/><D2/><U126/><E126/><V70/><F44/><W49/><G129/><T102/><D102/><U127/><E127/><V111/><F6/><W105/><G109/><T113/><D113/><U43/><E67/><V93/><F111/><W118/><G118/><T29/><D88/><U21/><E34/><V45/><F45/><W83/><G64/><N who="0" m="41351" /><D41/><U68/><E68/><V63/><F76/><W3/><G3/><T25/><D25/><U125/><E125/><V114/><F73/><W14/><G74/><T120/><D120/><U103/><E30/><N who="2" m="19527" /><F106/><W53/><REACH who="3" step="1"/><G57/><REACH who="3" ten="414,128,229,219" step="2"/><T38/><D38/><U78/><E78/><V36/><F114/><W98/><G98/><T133/><AGARI ba="0,1" hai="28,29,48,55,58,72,77,82,132,133,134" m="41351" machi="133" ten="30,1100,0" yaku="20,1" doraHai="115" who="0" fromWho="0" sc="414,21,128,-3,229,-3,219,-5" owari="435,53.5,125,-37.5,226,2.6,214,-18.6" /></mjloggm>