<mjloggm ver="2.3"><GO type="225" lobby="0"/><UN n0="%E3%82%8F%E3%81%8B%E3%81%B0%2A%E3%82%AC%E3%83%BC%E3%83%AB" n1="%E6%97%A5%E6%9B%9C%E6%97%A5%E3%82%88%E3%82%8A%E3%81%AE%E4%BD%BF%E8%80%85" n2="%6D%61%74%69%67%75%73%61" n3="%70%6F%69%73%6F%6E%30%32" dan="16,17,17,16" rate="2074.74,2253.56,2088.96,2065.83" sx="M,M,M,M"/><TAIKYOKU oya="0"/><INIT seed="0,0,0,0,5,12" ten="250,250,250,250" oya="0" hai0="111,65,112,59,15,94,101,3,117,80,25,72,127" hai1="55,29,21,23,104,8,26,134,4,88,13,108,126" hai2="71,95,36,9,27,45,125,86,53,91,135,113,115" hai3="34,39,6,96,56,82,85,61,10,84,66,122,5"/><T52/><D112/><U81/><E104/><V77/><F71/><W79/><G122/><T22/><D117/><U44/><E108/><V42/><F135/><W63/><G39/><T41/><D3/><U76/><E134/><V24/><F125/><W128/><G34/><T60/><D127/><U68/><E68/><V16/><F77/><W54/><G128/><T124/><D124/><U37/><E126/><V14/><REACH who="2" step="1"/><F53/><REACH who="2" ten="250,250,240,250" step="2"/><W118/><G118/><T62/><D111/><U107/><E76/><V98/><F98/><W43/><G96/><N who="0" m="59543" /><D72/><U67/><E55/><V87/><F87/><W7/><G85/><T58/><D41/><U106/><E67/><V130/><F130/><W49/><G43/><T119/><D119/><U57/><E107/><V78/><F78/><W40/><G40/><T89/><D89/><U132/><E106/><V75/><F75/><W50/><REACH who="3" step="1"/><G10/><REACH who="3" ten="250,250,240,240" step="2"/><T31/><D80/><U28/><E81/><V74/><F74/><W93/><G93/><T1/><D1/><U32/><E132/><V133/><F133/><W64/><G64/><T83/><D83/><U20/><E8/><V69/><F69/><AGARI ba="0,2" hai="5,6,7,49,50,54,56,61,63,66,69,79,82,84" machi="69" ten="40,2600,0" yaku="1,1,53,1" doraHai="12" doraHaiUra="48" who="3" fromWho="2" sc="250,0,250,0,240,-26,240,46" /><INIT seed="1,0,0,1,3,1" ten="250,250,214,286" oya="1" hai0="122,131,104,84,58,33,83,86,11,44,2,68,43" hai1="49,113,38,99,42,111,100,129,52,77,115,20,60" hai2="71,101,82,97,16,121,112,40,118,69,28,125,85" hai3="21,31,107,117,59,18,105,26,126,132,119,45,98"/><U46/><E129/><V73/><F118/><N who="3" m="45067" /><G132/><T89/><D131/><U27/><E77/><V103/><F121/><W124/><G45/><T93/><D33/><U55/><E60/><V29/><F73/><W24/><G59/><T57/><D68/><U15/><E15/><V34/><F125/><N who="3" m="48235" /><G98/><T102/><D122/><U61/><E111/><V90/><F112/><W116/><N who="3" m="45075" /><W134/><DORA hai="32" /><G134/><T120/><D120/><U22/><E61/><V56/><F40/><W133/><G133/><T135/><D135/><U108/><E108/><V41/><F41/><W127/><N who="3" m="48243" /><W94/><DORA hai="10" /><G94/><T80/><D44/><U36/><E36/><V0/><F56/><W67/><G67/><T70/><D43/><U23/><E27/><V5/><F97/><W63/><G63/><T47/><D47/><U7/><E38/><V79/><F69/><W66/><G66/><T78/><D70/><U6/><E115/><V62/><F62/><W53/><G53/><N who="1" m="20554" /><E113/><V37/><F37/><W128/><G128/><T91/><D57/><U74/><E74/><V39/><F39/><W92/><G92/><AGARI ba="0,0" hai="6,7,20,22,23,42,46,49,92,99,100" m="20554" machi="92" ten="30,11600,0" yaku="8,1,52,2,54,1" doraHai="1,32,10" who="1" fromWho="3" sc="250,0,250,116,214,0,286,-116" /><INIT seed="1,1,0,3,0,56" ten="250,366,214,170" oya="1" hai0="47,29,21,104,134,71,110,103,42,55,24,101,105" hai1="113,17,132,88,125,114,84,80,93,59,3,66,107" hai2="36,0,102,10,124,130,61,57,12,75,118,63,97" hai3="35,52,51,37,32,40,26,109,121,69,23,99,15"/><U116/><E3/><V79/><F118/><W86/><G109/><T22/><D110/><U60/><E116/><V91/><F36/><W94/><G121/><T68/><D55/><U70/><E107/><V87/><F0/><W5/><G37/><T7/><D7/><U65/><E125/><V33/><F33/><W54/><G69/><T49/><D134/><U28/><E132/><V83/><F130/><W53/><G86/><T72/><D72/><U9/><E28/><V122/><F122/><W131/><G131/><T133/><D133/><U43/><E43/><V98/><F124/><W120/><G120/><T112/><D112/><U20/><E9/><V18/><F57/><W30/><G15/><T58/><D58/><U34/><E34/><V14/><F14/><W127/><G5/><T64/><D21/><U25/><E66/><V1/><F97/><W48/><G127/><T31/><D31/><U111/><E111/><V96/><F98/><W106/><G51/><T67/><D67/><U74/><E74/><V50/><F50/><W13/><G13/><T115/><D115/><U81/><E70/><V45/><F45/><W117/><G106/><N who="0" m="41067" /><D64/><U6/><E6/><V123/><F1/><W78/><G78/><T92/><D92/><U62/><E114/><V135/><F135/><W73/><G73/><T38/><D38/><U108/><E113/><V89/><F123/><W82/><G117/><T2/><D2/><U90/><E108/><V129/><F75/><W76/><G76/><T8/><D8/><U39/><E39/><V77/><F77/><W128/><G128/><RYUUKYOKU ba="1,0" sc="250,30,366,-10,214,-10,170,-10" hai0="22,24,29,42,47,49,68,71,101,103" /><INIT seed="2,2,0,5,0,88" ten="280,356,204,160" oya="2" hai0="53,118,112,99,55,27,45,32,19,58,37,48,114" hai1="2,67,33,25,85,101,24,26,89,64,57,94,9" hai2="133,46,131,104,125,69,129,15,73,82,41,35,97" hai3="22,13,42,105,3,111,124,87,116,52,65,80,72"/><V0/><F0/><W68/><G3/><T17/><D118/><U84/><E33/><V43/><F69/><W34/><G116/><T120/><D120/><U66/><E2/><V115/><F115/><W10/><G34/><T60/><D37/><U81/><E9/><V110/><F35/><W21/><G42/><T4/><D4/><U95/><E101/><V6/><F133/><W71/><G72/><T28/><REACH who="0" step="1"/><D99/><REACH who="0" ten="270,356,204,160" step="2"/><U1/><E1/><V14/><F97/><W51/><G111/><T76/><D76/><N who="1" m="46119" /><E57/><V18/><F110/><W75/><G124/><T127/><D127/><U20/><E20/><V128/><F125/><W109/><G109/><T50/><D50/><U96/><E96/><V126/><F126/><W44/><G105/><T30/><D30/><U135/><E135/><V102/><F104/><W108/><G108/><T70/><D70/><U103/><E103/><V29/><F102/><W123/><G71/><T92/><D92/><AGARI ba="2,1" hai="24,25,26,64,66,67,85,89,92,94,95" m="46119" machi="92" ten="30,7700,0" yaku="8,1,52,3" doraHai="88" who="1" fromWho="0" sc="270,-83,356,93,204,0,160,0" /><INIT seed="3,0,0,1,0,11" ten="187,449,204,160" oya="3" hai0="44,25,77,69,26,38,2,3,15,107,20,80,97" hai1="23,88,4,13,46,33,101,90,66,95,68,96,39" hai2="99,100,126,63,28,70,10,17,103,5,82,42,92" hai3="113,40,1,60,125,128,16,0,110,108,106,67,24"/><W89/><G113/><T129/><D69/><U74/><E33/><V109/><F28/><W45/><G106/><T64/><D64/><U37/><E74/><V62/><F109/><N who="3" m="42091" /><G89/><T76/><D129/><U56/><E68/><V47/><F126/><W87/><G87/><T48/><D38/><U85/><E46/><V104/><F82/><W134/><G134/><T22/><D2/><U52/><E66/><V59/><F103/><W6/><G6/><T102/><D3/><U49/><E90/><V78/><F5/><W81/><G81/><T98/><D98/><U132/><E132/><V9/><F99/><W61/><G128/><T123/><D123/><U30/><E30/><V27/><F100/><W93/><G93/><T91/><D91/><U57/><E57/><V12/><F92/><W58/><G61/><T117/><D117/><U118/><E118/><V135/><F63/><W79/><G79/><T36/><D36/><U29/><E4/><V73/><F62/><W75/><G75/><T31/><D80/><U86/><E86/><V65/><F73/><W121/><G125/><T112/><D112/><U18/><E29/><V83/><F78/><W120/><G120/><T119/><D119/><U116/><E116/><V7/><F7/><W43/><G121/><T32/><D32/><U55/><E55/><V111/><F111/><W105/><G105/><AGARI ba="0,0" hai="13,18,23,37,39,49,52,56,85,88,95,96,101,105" machi="105" ten="30,12000,2" yaku="7,1,25,2,52,1,54,2" doraHai="11" who="1" fromWho="3" sc="187,0,449,120,204,0,160,-120" owari="187,-21.3,569,66.9,204,0.4,40,-46.0" /></mjloggm>