<mjloggm ver="2.3"><GO type="225" lobby="0"/><UN n0="%6B%75%72%69%73%75" n1="%E6%A1%9C%E8%8A%B1%E9%96%83%E3%80%85" n2="%E3%81%8B%E3%82%8F%E3%81%A1%E3%82%83%E3%82%93%35%38" n3="%E6%98%93%E5%88%A9%E8%96%A9%E4%BC%AF" dan="16,17,16,17" rate="2145.40,2225.59,2152.70,2124.62" sx="M,M,M,F"/><TAIKYOKU oya="0"/><INIT seed="0,0,0,1,3,109" ten="250,250,250,250" oya="0" hai0="28,65,82,44,11,17,21,125,20,57,39,73,122" hai1="43,30,81,46,67,29,127,55,114,62,76,84,77" hai2="90,16,78,87,50,60,2,113,119,133,45,19,27" hai3="58,25,51,134,74,83,132,117,89,64,63,24,85"/><T52/><D122/><U103/><E127/><V130/><F113/><W106/><G117/><T41/><D125/><U53/><E103/><V126/><F126/><W101/><G74/><T22/><D65/><U4/><E4/><V48/><F2/><W94/><G106/><T0/><D28/><U131/><E131/><V61/><F130/><W104/><G104/><T66/><D66/><U59/><E77/><V26/><F78/><W92/><G51/><T86/><D73/><U36/><E114/><V135/><F87/><W23/><G25/><N who="2" m="9225" /><F90/><W38/><G38/><T15/><D0/><U121/><E121/><V70/><F119/><W116/><G116/><T120/><D120/><U10/><E10/><V12/><F50/><W54/><G54/><T129/><D129/><U37/><E37/><V32/><F70/><W68/><G68/><T3/><D3/><U105/><E105/><V75/><F75/><W42/><G42/><T128/><D128/><U111/><E111/><V98/><F98/><W35/><G35/><T99/><D99/><U95/><E95/><V69/><F69/><W6/><G6/><T80/><REACH who="0" step="1"/><D86/><REACH who="0" ten="240,250,250,250" step="2"/><U91/><E29/><V115/><F115/><W112/><G112/><T110/><D110/><U102/><E30/><V108/><F108/><W79/><G85/><T118/><D118/><U96/><E76/><V47/><F32/><W123/><G79/><T33/><D33/><U72/><E72/><V8/><F135/><W9/><G134/><T100/><D100/><U49/><E36/><V1/><F133/><W56/><G132/><T13/><D13/><RYUUKYOKU ba="0,1" sc="240,15,250,15,250,-15,250,-15" hai0="11,15,17,20,21,22,39,41,44,52,57,80,82" hai1="43,46,49,53,55,59,62,67,81,84,91,96,102" /><INIT seed="0,1,1,2,3,130" ten="255,265,235,235" oya="0" hai0="47,58,131,121,104,77,39,88,123,22,96,98,102" hai1="11,36,14,63,67,29,119,41,113,55,59,19,122" hai2="66,38,43,74,57,62,112,81,51,17,32,83,45" hai3="7,0,106,21,107,69,30,71,134,90,27,86,50"/><T95/><D131/><U48/><E119/><V79/><F112/><W20/><G134/><T103/><D58/><U78/><E122/><N who="0" m="46601" /><D47/><U126/><E113/><V65/><F32/><W72/><G72/><T13/><D22/><U64/><E126/><V108/><F108/><W125/><G125/><T54/><D13/><U70/><E78/><V76/><F17/><W133/><G133/><T61/><D54/><U8/><E64/><V114/><F114/><W40/><G21/><T127/><D61/><U94/><E94/><V68/><F66/><W80/><G40/><T97/><D39/><U12/><E29/><V129/><F129/><W5/><G50/><T34/><D34/><U24/><E24/><V93/><F93/><W3/><G0/><T132/><D127/><U99/><E99/><N who="0" m="37961" /><D132/><U116/><E14/><V100/><F100/><N who="0" m="38442" /><D77/><U101/><E8/><V87/><REACH who="2" step="1"/><F38/><REACH who="2" ten="255,265,225,235" step="2"/><W35/><G35/><T128/><D128/><U85/><E36/><V120/><F120/><W75/><G30/><T42/><D42/><U73/><E41/><V84/><F84/><W33/><G33/><T26/><D26/><U2/><E85/><V60/><F60/><W105/><G86/><T89/><D104/><U110/><E63/><V117/><F117/><W49/><G107/><T23/><D23/><U28/><E116/><V109/><F109/><W44/><G106/><T6/><D6/><U115/><E110/><V46/><F46/><W1/><G105/><T37/><D37/><U10/><E67/><V91/><F91/><AGARI ba="1,2" hai="88,89,91,95,98" m="38442,37961,46601" machi="91" ten="30,5800,0" yaku="34,2,54,1" doraHai="130" who="0" fromWho="2" sc="255,81,265,0,225,-61,235,0" /><INIT seed="0,2,0,2,0,38" ten="336,265,164,235" oya="0" hai0="35,122,39,29,18,48,94,6,93,104,25,61,21" hai1="9,72,73,130,124,116,70,59,110,55,28,88,23" hai2="86,113,57,74,78,117,100,129,134,5,75,102,120" hai3="119,68,65,4,115,26,66,27,98,22,63,71,89"/><T13/><D122/><U51/><E116/><V34/><F34/><W10/><G115/><T54/><D39/><U24/><E110/><V112/><F57/><W50/><G119/><T97/><D61/><U132/><E132/><V107/><F5/><W52/><G98/><T77/><D77/><U101/><E130/><V118/><F78/><W127/><G127/><T43/><D43/><U114/><E114/><V131/><F86/><W17/><G89/><T46/><D104/><U80/><E124/><V91/><F91/><W49/><G49/><T85/><D97/><U135/><E135/><V92/><F134/><W123/><G123/><T95/><REACH who="0" step="1"/><D6/><REACH who="0" ten="326,265,164,235" step="2"/><U36/><E36/><V14/><F120/><W76/><G76/><T3/><D3/><U41/><E41/><V58/><F107/><W133/><G133/><T37/><D37/><U81/><E51/><V16/><F118/><W125/><G125/><T126/><D126/><U32/><E73/><V103/><F117/><W33/><G63/><T109/><D109/><U11/><E72/><V60/><F75/><W44/><G71/><T40/><D40/><U0/><E0/><V64/><F74/><W31/><G68/><T105/><D105/><U8/><E70/><V56/><F113/><W83/><G4/><T84/><AGARI ba="2,1" hai="13,18,21,25,29,35,46,48,54,84,85,93,94,95" machi="84" ten="30,6000,0" yaku="1,1,0,1,53,1" doraHai="38" doraHaiUra="42" who="0" fromWho="0" sc="326,76,265,-22,164,-22,235,-22" /><INIT seed="0,3,0,0,0,90" ten="402,243,142,213" oya="0" hai0="87,74,19,17,60,30,71,63,132,91,107,23,9" hai1="85,68,69,57,27,39,72,80,115,5,13,135,113" hai2="97,127,47,10,66,124,120,53,134,25,119,24,108" hai3="49,94,1,22,48,52,50,2,121,73,54,61,0"/><T31/><D74/><U83/><E39/><V55/><F120/><W75/><G121/><T88/><D107/><U77/><E135/><V118/><F97/><W6/><G6/><T32/><D32/><U106/><E106/><V29/><F10/><W126/><G126/><N who="2" m="48169" /><F47/><W36/><G36/><T131/><D132/><U67/><E27/><N who="2" m="10315" /><F66/><W64/><G22/><T133/><D133/><U95/><E5/><V51/><F134/><W82/><G94/><N who="0" m="54559" /><D71/><U103/><E13/><V122/><F51/><W98/><G98/><T59/><D91/><N who="1" m="53743" /><E103/><V110/><F29/><N who="0" m="10762" /><D131/><U18/><E69/><V89/><F89/><W96/><G96/><T28/><N who="0" m="10770" /><T3/><DORA hai="93" /><D3/><U12/><E68/><V62/><F62/><N who="0" m="23594" /><D9/><U41/><E67/><V16/><F122/><W125/><G125/><T123/><D123/><U114/><E114/><V86/><F86/><W35/><G35/><T102/><D102/><U34/><E115/><V129/><F129/><W109/><G75/><T92/><D59/><U76/><E57/><V104/><F104/><W70/><G73/><T15/><D92/><U56/><E56/><V99/><F99/><W58/><G70/><T21/><D21/><N who="1" m="11463" /><E113/><V33/><F33/><W43/><G2/><T46/><D46/><U37/><E34/><V26/><F119/><W101/><G1/><T38/><D38/><U8/><E8/><V42/><F118/><W128/><G0/><T100/><D100/><U4/><E37/><V84/><F84/><W117/><G101/><T79/><D79/><U65/><E76/><V20/><F42/><W116/><G43/><RYUUKYOKU ba="3,0" sc="402,15,243,-15,142,15,213,-15" hai0="15,17,19,23" hai2="16,20,26,53,55,108,110" /><INIT seed="0,4,0,5,3,56" ten="417,228,157,198" oya="0" hai0="124,88,32,75,97,129,0,84,120,110,87,117,85" hai1="62,116,78,2,131,21,14,40,34,82,31,125,55" hai2="4,91,65,79,101,16,25,23,58,77,9,15,100" hai3="70,130,24,33,133,59,64,134,53,94,1,105,12"/><T18/><D120/><U49/><E116/><V44/><F44/><W3/><G105/><T11/><D117/><U135/><E2/><V112/><F112/><W38/><G38/><T90/><D32/><U102/><E131/><V99/><F91/><N who="0" m="34858" /><D0/><U126/><E135/><N who="3" m="51722" /><G130/><T122/><D75/><U81/><E102/><V113/><F113/><W92/><G12/><N who="0" m="7455" /><D122/><U20/><E40/><V39/><F39/><W71/><G3/><T107/><D129/><U98/><E98/><V67/><F67/><W41/><G41/><T73/><D73/><U95/><E95/><N who="3" m="36394" /><G64/><T45/><D107/><U17/><E126/><V119/><F119/><W128/><G1/><T83/><D124/><U104/><E104/><V51/><F99/><W27/><G128/><T127/><D127/><U69/><E125/><V89/><F89/><W60/><G33/><T8/><D97/><U43/><E34/><V111/><F111/><W48/><G48/><T114/><D110/><U5/><E49/><V6/><F6/><W72/><G72/><T37/><D114/><U80/><E43/><V29/><F4/><W22/><G27/><T108/><D108/><U106/><E106/><V47/><F101/><W28/><AGARI ba="4,0" hai="22,24,28,53,59,60,70,71" m="36394,51722" machi="28" ten="30,2000,0" yaku="20,1,52,1" doraHai="56" who="3" fromWho="3" sc="417,-14,228,-9,157,-9,198,32" /><INIT seed="1,0,0,1,0,74" ten="403,219,148,230" oya="1" hai0="130,73,47,84,61,44,59,13,94,129,81,132,80" hai1="79,49,89,54,71,131,31,67,24,8,37,113,106" hai2="121,105,115,38,77,40,125,26,109,58,119,60,0" hai3="92,39,127,22,62,35,135,83,82,36,7,9,88"/><U23/><E113/><V41/><F115/><W87/><G135/><T66/><D132/><U91/><E37/><V128/><F121/><W30/><G35/><T18/><D73/><U76/><E106/><V123/><F123/><W101/><G127/><T120/><D94/><U103/><E131/><N who="0" m="50185" /><D120/><U1/><E103/><V17/><F0/><W104/><G104/><T19/><D80/><U100/><E100/><V78/><F119/><W11/><G11/><N who="0" m="6463" /><D19/><U133/><E133/><V124/><F105/><W33/><G33/><T28/><D28/><U111/><E111/><V110/><F26/><W63/><G39/><T107/><D107/><U72/><E72/><V96/><F17/><W64/><G36/><T85/><D85/><U43/><E43/><N who="2" m="16459" /><F96/><W118/><G101/><T51/><D51/><U90/><E71/><V2/><F2/><W45/><G83/><T112/><D112/><U114/><E114/><V108/><F38/><W20/><G92/><T52/><D66/><U98/><E67/><N who="2" m="39319" /><F128/><W117/><G30/><T99/><D99/><U95/><E1/><V102/><F102/><W116/><G116/><T93/><D93/><N who="1" m="56623" /><E8/><V75/><F75/><W134/><G9/><T70/><D70/><U29/><E29/><V42/><N who="2" m="16467" /><V5/><DORA hai="56" /><F5/><W55/><G7/><T57/><D57/><N who="1" m="32975" /><E91/><AGARI ba="0,0" hai="44,47,52,59,61,81,84,91" m="6463,50185" machi="91" ten="30,3900,0" yaku="19,1,52,1,54,1" doraHai="74,56" who="0" fromWho="1" sc="403,39,219,-39,148,0,230,0" /><INIT seed="2,0,0,1,3,88" ten="442,180,148,230" oya="2" hai0="0,92,127,119,50,54,97,116,131,86,37,69,12" hai1="33,41,32,6,53,8,56,4,1,67,95,115,24" hai2="70,96,125,35,110,28,76,3,83,47,48,89,59" hai3="130,80,107,29,51,74,117,123,10,25,63,65,135"/><V61/><F3/><W72/><G117/><N who="0" m="45131" /><D0/><U118/><E118/><V101/><F70/><W73/><G123/><T85/><D37/><U91/><E115/><V114/><F114/><W99/><G130/><T124/><D69/><U104/><E104/><V40/><F125/><N who="0" m="48202" /><D12/><U42/><E67/><V23/><F35/><W38/><G38/><T121/><D131/><U94/><E4/><V36/><F36/><W113/><G51/><T27/><D27/><U102/><E32/><V5/><F5/><W120/><G10/><T111/><D111/><U21/><E33/><V82/><F89/><W112/><G135/><T58/><D121/><U100/><E24/><N who="2" m="16415" /><F76/><W122/><G122/><T20/><D20/><U84/><E21/><V71/><F71/><W75/><G120/><T64/><D64/><U26/><E26/><V18/><F18/><W55/><G65/><T77/><D77/><U129/><E129/><V34/><F34/><W106/><G113/><T45/><D58/><U60/><E1/><V105/><F110/><W46/><G112/><T22/><D22/><U103/><E8/><V9/><F9/><W128/><G128/><T93/><D97/><N who="1" m="59455" /><E6/><V44/><F44/><W49/><G46/><T15/><D15/><U81/><E41/><V79/><F79/><W108/><G108/><T109/><D109/><U16/><E42/><V13/><F13/><W68/><G25/><T30/><D30/><U132/><E16/><V19/><F19/><W57/><G29/><T87/><AGARI ba="0,0" hai="45,50,54,85,86,87,92,93" m="48202,45131" machi="87" ten="40,8000,1" yaku="12,1,18,1,52,2" doraHai="88" who="0" fromWho="0" sc="442,80,180,-20,148,-40,230,-20" /><INIT seed="3,0,0,4,1,127" ten="522,160,108,210" oya="3" hai0="113,67,50,31,84,106,59,49,65,69,24,11,103" hai1="131,38,105,102,68,96,94,71,77,13,111,6,114" hai2="21,120,56,78,12,108,51,80,9,0,82,124,98" hai3="90,23,97,121,117,95,86,29,87,2,17,75,118"/><W73/><G2/><T18/><D69/><U88/><E114/><V107/><F108/><W62/><G29/><T123/><D123/><U64/><E111/><V46/><F124/><W91/><G121/><T81/><D113/><U4/><E38/><V37/><F120/><W45/><G45/><T52/><D50/><U115/><E115/><V22/><F37/><W8/><G8/><T43/><D43/><U100/><E131/><V47/><F0/><W57/><G75/><T25/><D103/><U42/><E42/><V27/><F107/><W70/><G70/><T3/><D106/><U92/><E77/><V7/><F98/><W14/><G73/><T72/><D72/><U54/><E94/><V20/><F27/><N who="0" m="10314" /><D31/><U125/><E54/><V5/><F5/><W44/><G44/><T126/><D126/><U112/><E92/><V135/><F135/><W101/><G87/><T119/><D119/><U129/><E96/><V40/><F47/><W16/><G17/><T128/><D128/><U34/><E71/><V58/><F80/><W55/><G91/><N who="0" m="51599" /><D3/><U83/><E64/><V41/><F41/><W122/><G122/><T104/><D104/><AGARI ba="0,0" hai="14,16,23,55,57,62,86,90,95,97,101,104,117,118" machi="104" ten="30,2900,0" yaku="7,1,54,1" doraHai="127" who="3" fromWho="0" sc="522,-29,160,0,108,0,210,29" /><INIT seed="3,1,0,2,3,111" ten="493,160,108,239" oya="3" hai0="122,81,21,108,41,73,31,125,27,85,70,105,5" hai1="43,48,75,83,42,17,103,82,36,54,16,49,72" hai2="76,1,37,88,78,52,135,8,69,28,22,40,110" hai3="50,120,129,98,115,61,13,23,65,96,90,113,119"/><W47/><G119/><T134/><D73/><U68/><E54/><V26/><F69/><W118/><G118/><T38/><D108/><U10/><E68/><V87/><F110/><W55/><G120/><T62/><D122/><U116/><E116/><V74/><F74/><W32/><G32/><T6/><D105/><U63/><E10/><V19/><F135/><W97/><G129/><T106/><D106/><U29/><E29/><V101/><F101/><W123/><G123/><T91/><D134/><U11/><E11/><V53/><F40/><W25/><G13/><T95/><D125/><U64/><E103/><V126/><F37/><W24/><G90/><N who="0" m="51503" /><D70/><U114/><E63/><V2/><F126/><W46/><G46/><T84/><D38/><U60/><E60/><V59/><F1/><W89/><G89/><T39/><D39/><U128/><E36/><V4/><F28/><W131/><G131/><T58/><D41/><U34/><E128/><V80/><REACH who="2" step="1"/><F53/><AGARI ba="1,0" hai="5,6,21,27,31,53,58,62,84,91,95" m="51503" machi="53" ten="30,1000,0" yaku="8,1" doraHai="111" who="0" fromWho="2" sc="493,13,160,0,108,-13,239,0" owari="506,60.6,160,-24.0,95,-40.5,239,3.9" /></mjloggm>