<mjloggm ver="2.3"><GO type="225" lobby="0"/><UN n0="%E3%81%8B%E3%82%8F%E3%81%A1%E3%82%83%E3%82%93%35%38" n1="%E8%A8%88%E7%AE%97%E6%A9%9F%E8%87%AA%E7%84%B6" n2="%E6%97%A5%E6%9B%9C%E6%97%A5%E3%82%88%E3%82%8A%E3%81%AE%E4%BD%BF%E8%80%85" n3="%E5%B0%8F%E9%B3%A5%E9%81%8A%E7%B7%B4%E7%84%A1%32%31%E6%AD%B3" dan="16,17,17,17" rate="2151.56,2182.68,2186.66,2148.04" sx="M,M,M,F"/><TAIKYOKU oya="0"/><INIT seed="0,0,0,2,1,52" ten="250,250,250,250" oya="0" hai0="5,25,115,61,2,0,19,24,65,133,22,81,130" hai1="120,62,87,26,126,49,134,41,103,63,85,108,58" hai2="70,77,102,86,98,18,23,95,72,97,53,9,56" hai3="104,16,54,94,71,28,4,40,131,50,107,33,34"/><T1/><D115/><U116/><E116/><V69/><F72/><W78/><G71/><T82/><D133/><U15/><E120/><V76/><F9/><W119/><G119/><T29/><D130/><U123/><E123/><V84/><F70/><W121/><G131/><T112/><D5/><U51/><E108/><V12/><F69/><W32/><G28/><T93/><D112/><U88/><E103/><V8/><F8/><W105/><G4/><T125/><D125/><U27/><E15/><V127/><F127/><W96/><G78/><N who="2" m="30313" /><F97/><W122/><G40/><T59/><REACH who="0" step="1"/><D93/><REACH who="0" ten="240,250,250,250" step="2"/><U3/><E126/><V35/><F35/><AGARI ba="0,1" hai="0,1,2,19,22,24,25,29,35,59,61,65,81,82" machi="35" ten="40,7700,0" yaku="1,1,2,1,52,1,53,0" doraHai="52" doraHaiUra="109" who="0" fromWho="2" sc="240,87,250,0,250,-77,250,0" /><INIT seed="0,1,0,2,4,121" ten="327,250,173,250" oya="0" hai0="103,63,115,88,74,124,95,62,10,79,72,77,66" hai1="18,118,4,64,93,123,43,108,29,101,44,27,132" hai2="113,41,99,0,82,46,8,76,21,51,110,48,11" hai3="134,23,1,9,114,56,30,109,7,45,97,81,67"/><T12/><D115/><U69/><E123/><V25/><F113/><W96/><G114/><T120/><D120/><U13/><E118/><V75/><F110/><W89/><G134/><T83/><D124/><U57/><E69/><V122/><F122/><W26/><G45/><T49/><D103/><U131/><E4/><V60/><F0/><W53/><G67/><T47/><D66/><U68/><E68/><V86/><F75/><W34/><G34/><T28/><D28/><U106/><E106/><V128/><F128/><W100/><G81/><T54/><D79/><U135/><E131/><V104/><F60/><W58/><G109/><T78/><D77/><U133/><E108/><V61/><F61/><W117/><G117/><T19/><REACH who="0" step="1"/><D74/><REACH who="0" ten="317,250,173,250" step="2"/><U91/><E101/><V111/><F111/><W105/><G100/><T37/><D37/><U127/><E127/><V85/><F104/><W102/><G105/><T116/><D116/><U87/><E64/><V2/><F2/><W130/><G102/><T92/><D92/><U90/><E93/><V31/><F99/><AGARI ba="1,1" hai="10,12,19,47,49,54,62,63,72,78,83,88,95,99" machi="99" ten="30,5800,0" yaku="1,1,7,1,54,1,53,0" doraHai="121" doraHaiUra="36" who="0" fromWho="2" sc="317,71,250,0,173,-61,250,0" /><INIT seed="0,2,0,5,2,124" ten="388,250,112,250" oya="0" hai0="105,102,103,1,109,23,82,32,28,97,114,92,18" hai1="10,41,15,40,135,30,112,7,101,125,50,43,65" hai2="98,14,131,117,56,2,80,8,63,47,53,73,90" hai3="58,6,111,71,99,60,122,88,16,4,35,70,5"/><T77/><D1/><U55/><E125/><V11/><F2/><W123/><G35/><T118/><D118/><U39/><E135/><V86/><F117/><W45/><G45/><T27/><D109/><U121/><E121/><N who="3" m="46090" /><G111/><T66/><D114/><U74/><E74/><V12/><F73/><W84/><G99/><T108/><D108/><U46/><E112/><V76/><F131/><W133/><G133/><T68/><D102/><U51/><E39/><V93/><REACH who="2" step="1"/><F47/><REACH who="2" ten="388,250,102,250" step="2"/><W62/><G70/><T36/><D68/><U9/><E46/><V17/><F17/><W61/><G71/><T107/><D18/><U89/><E7/><V104/><F104/><W64/><G16/><T120/><D107/><U106/><E106/><V37/><F37/><W21/><G21/><T94/><D36/><U13/><E41/><V44/><F44/><W57/><G58/><T85/><D23/><U33/><E40/><V42/><F42/><W81/><AGARI ba="2,1" hai="4,5,6,57,60,61,62,64,81,84,88" m="46090" machi="81" ten="30,2000,0" yaku="13,1,54,1" doraHai="124" who="3" fromWho="3" sc="388,-12,250,-7,102,-7,250,36" /><INIT seed="1,0,0,1,0,37" ten="376,243,95,286" oya="1" hai0="89,123,60,16,98,134,29,0,27,110,32,76,79" hai1="85,40,75,9,119,44,68,111,115,109,55,132,26" hai2="39,22,101,66,133,77,61,21,126,122,42,20,24" hai3="13,38,107,11,70,4,34,72,116,97,10,17,23"/><U120/><E75/><V52/><F122/><W114/><G114/><T8/><D123/><U105/><E120/><V93/><F126/><W30/><G38/><T87/><D110/><N who="1" m="41995" /><E115/><V65/><F133/><W102/><G70/><T106/><D134/><U18/><E132/><V131/><F131/><W128/><G72/><T92/><D60/><U57/><E68/><V63/><F77/><W6/><G116/><T99/><D0/><U28/><E105/><V41/><F24/><W124/><G124/><T117/><D117/><U104/><E104/><V2/><F2/><W69/><G128/><T95/><D106/><U50/><E85/><V73/><F73/><W100/><G69/><T35/><D35/><N who="1" m="20887" /><E119/><V74/><F74/><W25/><G107/><T56/><D87/><U96/><E96/><N who="2" m="59535" /><F39/><W71/><G97/><T78/><D98/><U121/><E121/><V1/><F1/><N who="3" m="271" /><G71/><T53/><D99/><U58/><E55/><V127/><F127/><W108/><G108/><T3/><D53/><U59/><E9/><V84/><F84/><W14/><AGARI ba="0,0" hai="6,11,13,14,17,23,25,30,34,100,102" m="271" machi="14" ten="30,1100,0" yaku="24,1" doraHai="37" who="3" fromWho="3" sc="376,-3,243,-5,95,-3,286,11" /><INIT seed="2,0,0,1,1,24" ten="373,238,92,297" oya="2" hai0="0,59,88,102,28,49,65,4,25,12,92,56,114" hai1="87,2,118,97,41,38,62,69,103,84,134,53,22" hai2="93,109,104,21,71,129,3,74,90,78,14,18,58" hai3="68,85,112,42,113,20,6,70,36,131,124,32,13"/><V19/><F71/><W55/><G32/><T64/><D0/><U50/><E2/><V29/><F3/><W81/><G124/><T128/><D114/><N who="3" m="44137" /><G55/><T27/><D102/><U130/><E118/><V40/><F104/><W15/><G15/><T117/><D128/><U89/><E130/><V46/><F129/><W26/><G131/><T39/><D39/><U54/><E134/><V110/><F58/><W23/><G42/><T75/><D27/><U121/><E121/><V79/><F74/><W111/><G36/><T57/><D75/><U77/><E38/><V107/><F107/><W115/><G111/><N who="2" m="42505" /><F19/><N who="3" m="10351" /><G6/><T9/><D49/><U80/><E69/><V67/><F67/><W119/><G119/><T100/><D100/><U35/><E62/><V31/><F40/><W8/><G115/><T135/><D135/><U122/><E122/><V43/><F43/><W72/><G72/><T73/><D73/><U66/><E66/><V120/><F46/><W61/><G61/><T98/><REACH who="0" step="1"/><D117/><REACH who="0" ten="363,238,92,297" step="2"/><U16/><E50/><V96/><F120/><W94/><G70/><T11/><D11/><U5/><E41/><V63/><F63/><W106/><G8/><T127/><D127/><U132/><E132/><V101/><F101/><W125/><G68/><T76/><D76/><AGARI ba="0,1" hai="14,18,21,29,31,76,78,79,90,93,96" m="42505" machi="76" ten="30,11600,0" yaku="14,1,10,1,52,2" doraHai="24" who="2" fromWho="0" sc="363,-116,238,0,92,126,297,0" /><INIT seed="2,1,0,5,1,51" ten="247,238,218,297" oya="2" hai0="81,4,35,25,63,39,76,74,36,48,1,111,112" hai1="110,82,16,54,100,97,94,40,104,132,7,124,57" hai2="30,17,126,23,18,21,8,22,75,33,73,78,9" hai3="131,49,93,121,60,106,128,129,59,99,69,47,64"/><V86/><F126/><W77/><G121/><T103/><D112/><U96/><E110/><V28/><F86/><W83/><G106/><T87/><D111/><U130/><E124/><V19/><F78/><W122/><G122/><T84/><D84/><U134/><E7/><V101/><F101/><W31/><G31/><N who="2" m="11817" /><F33/><W3/><G3/><T90/><D25/><U70/><E70/><V11/><AGARI ba="1,0" hai="8,9,11,17,18,19,21,22,23,73,75" m="11817" machi="11" ten="40,12000,1" yaku="29,2,28,2" doraHai="51" who="2" fromWho="2" sc="247,-41,238,-41,218,123,297,-41" /><INIT seed="2,2,0,3,2,1" ten="206,197,341,256" oya="2" hai0="86,15,132,47,104,85,55,118,58,87,50,73,36" hai1="74,61,24,10,13,94,45,127,2,79,128,105,134" hai2="68,77,121,101,82,0,131,95,4,122,63,16,90" hai3="23,21,57,22,17,129,6,7,81,114,93,40,26"/><V113/><F101/><W3/><G129/><T84/><D73/><U37/><E105/><V54/><F113/><W120/><G40/><T8/><D132/><U30/><E128/><V51/><F131/><W64/><G120/><T100/><D118/><U89/><E134/><V48/><F68/><W43/><G43/><T28/><D28/><U71/><E127/><V29/><F29/><W35/><G81/><T69/><D69/><U9/><E37/><V56/><F0/><W108/><G93/><T20/><D20/><N who="3" m="7785" /><G57/><T124/><D124/><U59/><E71/><V39/><F39/><W96/><G96/><T33/><D33/><U78/><E45/><V107/><F107/><W12/><G64/><T116/><D116/><U88/><E2/><V72/><F82/><W19/><G3/><T44/><D36/><U91/><E94/><V109/><F95/><W102/><G102/><T52/><N who="0" m="21504" /><DORA hai="42" /><T135/><D135/><U34/><E74/><V66/><F72/><W98/><G98/><T38/><D38/><U65/><REACH who="1" step="1"/><E13/><REACH who="1" ten="206,187,341,256" step="2"/><V11/><F122/><W70/><G70/><T126/><D126/><U92/><E92/><V49/><F121/><W62/><G12/><T67/><D104/><U133/><E133/><V31/><F56/><W32/><G114/><T110/><D58/><U14/><E14/><V18/><F66/><W60/><G35/><T76/><D67/><U25/><E25/><V106/><F106/><W41/><G32/><T97/><D15/><U27/><E27/><V111/><F111/><W53/><G26/><T117/><D110/><U46/><E46/><RYUUKYOKU ba="2,1" sc="206,-10,187,30,341,-10,256,-10" hai1="9,10,24,30,34,59,61,65,78,79,88,89,91" /><INIT seed="3,3,1,1,1,117" ten="196,217,331,246" oya="3" hai0="93,4,103,85,51,122,105,87,11,24,10,26,19" hai1="18,125,81,112,128,82,52,3,68,57,75,73,70" hai2="53,131,63,56,21,118,72,94,59,95,9,33,67" hai3="14,28,116,8,91,109,77,64,55,119,15,69,48"/><W133/><G133/><T54/><D122/><U62/><E112/><V96/><F33/><W135/><G135/><T108/><D105/><U20/><E3/><V37/><F37/><W132/><G132/><T102/><D108/><U61/><E128/><V65/><F72/><W38/><G38/><T106/><D106/><U80/><E125/><V98/><F118/><W79/><G28/><T35/><D4/><U97/><E97/><N who="2" m="37483" /><F131/><W49/><G109/><T78/><D35/><U83/><N who="1" m="20480" /><DORA hai="29" /><U74/><REACH who="1" step="1"/><E61/><REACH who="1" ten="196,207,331,246" step="2"/><V12/><F63/><W99/><G116/><T113/><D113/><U86/><E86/><N who="0" m="32777" /><D78/><U2/><E2/><V134/><F134/><W43/><G119/><T34/><D34/><U89/><E89/><V124/><F124/><W111/><G77/><T42/><D42/><U30/><E30/><V123/><F123/><W129/><G43/><T41/><D41/><U23/><E23/><V121/><F21/><W5/><G79/><T104/><D104/><U120/><E120/><V31/><F121/><W60/><G129/><T7/><D7/><U114/><E114/><V44/><F31/><W101/><G5/><T46/><D93/><U1/><E1/><V40/><F40/><W130/><G130/><T39/><D39/><U100/><E100/><N who="0" m="38441" /><D10/><U107/><E107/><V76/><F95/><W88/><G8/><T84/><N who="0" m="32785" /><T32/><DORA hai="110" /><D32/><U27/><AGARI ba="3,2" hai="18,20,27,52,57,62,68,70,73,74,75" m="20480" machi="27" ten="50,8000,1" yaku="1,1,0,1,54,1,53,2" doraHai="117,29,110" doraHaiUra="45,22,17" who="1" fromWho="1" sc="196,-23,207,109,331,-23,246,-43" owari="173,-32.7,316,41.6,308,10.8,203,-19.7" /></mjloggm>