<mjloggm ver="2.3"><GO type="225" lobby="0"/><UN n0="%E3%83%81%E3%83%83%E3%82%BF%E3%82%BD%E3%83%BC" n1="%E3%81%AD%E3%82%80%E3%81%84%40%E9%9B%80%E9%B3%B4%E4%BC%9A" n2="%E3%81%95%E3%81%8D%E3%81%9F%E3%81%BE%E6%9E%97%E6%AA%8E" n3="%70%68%65%6E%6F%6D%65" dan="17,16,16,16" rate="2204.20,2168.30,2135.42,2189.46" sx="F,F,M,M"/><TAIKYOKU oya="0"/><INIT seed="0,0,0,4,5,27" ten="250,250,250,250" oya="0" hai0="1,36,4,39,25,94,7,17,89,106,37,24,90" hai1="23,34,91,54,60,72,100,122,130,127,112,105,21" hai2="81,51,120,93,75,102,125,42,22,77,53,56,118" hai3="124,79,76,40,43,46,82,87,26,111,66,114,135"/><T78/><D106/><U29/><E122/><V71/><F125/><W64/><G114/><T19/><D78/><U115/><E72/><V128/><F120/><W10/><G124/><T107/><D107/><U31/><E127/><V2/><F2/><W133/><G111/><T20/><D1/><U86/><E130/><V12/><F118/><W116/><G116/><T101/><D101/><U70/><E34/><V92/><F128/><W3/><G26/><T88/><D94/><U13/><E100/><V108/><F108/><W35/><G35/><T98/><D98/><U30/><E105/><V49/><F71/><W119/><G119/><T55/><D55/><U104/><E104/><V121/><F121/><W48/><G43/><T6/><REACH who="0" step="1"/><D24/><REACH who="0" ten="240,250,250,250" step="2"/><U113/><E13/><V73/><F102/><W14/><G79/><T50/><D50/><U52/><E54/><V117/><F117/><W47/><G3/><T80/><D80/><N who="1" m="49607" /><E52/><V85/><F75/><W97/><G97/><T132/><D132/><N who="3" m="50761" /><G46/><T67/><D67/><AGARI ba="0,1" hai="21,23,29,30,31,60,67,70,112,113,115" m="49607" machi="67" ten="40,8000,1" yaku="11,1,52,3" doraHai="27" who="1" fromWho="0" sc="240,-80,250,90,250,0,250,0" /><INIT seed="1,0,0,0,1,4" ten="160,340,250,250" oya="1" hai0="41,42,124,45,103,71,6,122,115,77,50,21,84" hai1="97,22,2,79,46,61,59,131,130,88,91,128,0" hai2="57,123,135,133,39,40,25,15,119,110,80,132,125" hai3="65,83,33,47,12,29,81,51,53,3,62,48,31"/><U98/><E79/><V11/><F119/><W69/><G3/><N who="1" m="1066" /><E22/><V43/><F123/><W1/><G1/><T9/><D115/><U117/><E46/><V32/><F110/><W74/><G74/><T36/><D122/><U108/><E117/><V14/><F14/><W7/><G48/><T93/><D124/><U67/><E108/><V127/><F80/><W55/><G53/><T60/><D21/><U111/><E111/><V126/><F57/><W114/><G114/><T17/><D17/><U85/><E91/><V28/><F39/><W134/><G134/><T64/><D36/><U23/><E23/><V121/><F121/><W58/><G69/><T24/><D24/><U104/><E104/><V66/><F66/><W73/><G73/><T38/><D38/><U112/><E112/><V54/><F54/><W8/><REACH who="3" step="1"/><G33/><REACH who="3" ten="160,340,250,240" step="2"/><T90/><D41/><U120/><E120/><V27/><F27/><W13/><G13/><T105/><D42/><U5/><E5/><AGARI ba="0,1" hai="5,11,15,25,28,32,40,43,125,126,127,132,133,135" machi="5" ten="50,6400,0" yaku="18,1,20,1,52,1" doraHai="4" who="2" fromWho="1" sc="160,0,340,-64,250,74,240,0" /><INIT seed="2,0,0,5,5,31" ten="160,276,324,240" oya="2" hai0="58,24,41,100,57,45,14,3,67,28,101,134,26" hai1="59,16,130,79,107,76,102,38,108,95,50,70,44" hai2="54,42,27,104,1,119,25,109,21,36,127,63,35" hai3="53,65,74,40,135,110,77,39,122,22,10,111,117"/><V105/><F119/><W7/><G117/><T12/><D3/><U32/><E70/><V93/><F1/><W49/><G122/><T89/><D134/><U82/><E107/><V131/><F127/><W116/><G116/><T99/><D89/><U124/><E38/><V90/><F42/><W106/><G106/><T34/><D24/><U91/><E102/><V61/><F36/><W2/><G65/><T72/><D72/><U132/><E32/><V47/><F131/><W73/><G135/><T62/><D57/><U69/><E69/><V97/><F105/><W84/><G84/><T94/><REACH who="0" step="1"/><D101/><REACH who="0" ten="150,276,324,240" step="2"/><U118/><E59/><N who="2" m="35063" /><F27/><W133/><G133/><T78/><D78/><U66/><E79/><V15/><F90/><W5/><G77/><T103/><D103/><U83/><E132/><V113/><F25/><W29/><G74/><T17/><D17/><U8/><E76/><V20/><F113/><W85/><G73/><T80/><D80/><U87/><E83/><V121/><F121/><W19/><G29/><T68/><D68/><U98/><E82/><V115/><F115/><W86/><G19/><T71/><D71/><U92/><E91/><V128/><F128/><W123/><G123/><T60/><D60/><U120/><E130/><V129/><F63/><W125/><G2/><T96/><D96/><U48/><E98/><V51/><F129/><W126/><G86/><T9/><D9/><U64/><E87/><V0/><F0/><W11/><G85/><T18/><D18/><U6/><E120/><V46/><F97/><W52/><G10/><T88/><D88/><RYUUKYOKU ba="0,1" sc="150,30,276,-10,324,-10,240,-10" hai0="12,14,26,28,34,41,45,58,62,67,94,99,100" /><INIT seed="3,1,1,2,0,29" ten="180,266,314,230" oya="3" hai0="80,68,107,52,118,25,133,113,129,14,54,122,112" hai1="26,89,12,0,27,15,66,120,41,131,108,28,72" hai2="39,21,104,6,10,119,85,30,36,106,33,117,101" hai3="55,99,44,4,13,83,135,47,123,81,46,34,114"/><W8/><G114/><N who="0" m="44139" /><D118/><N who="2" m="45066" /><F21/><W40/><G123/><T50/><D122/><U22/><E120/><V37/><F85/><W17/><G135/><T63/><D133/><U56/><E72/><V45/><F45/><W103/><G34/><T70/><D107/><U77/><E77/><V65/><F65/><W121/><G121/><T92/><D80/><U94/><E0/><N who="2" m="327" /><F101/><W74/><G74/><T2/><D2/><U3/><E3/><V38/><F38/><W19/><G40/><T130/><D25/><AGARI ba="1,1" hai="25,30,33,36,37,39,104,106" m="327,45066" machi="25" ten="40,2600,0" yaku="23,1,52,1" doraHai="29" who="2" fromWho="0" sc="180,-29,266,0,314,39,230,0" owari="151,-34.9,266,6.6,353,45.3,230,-17.0" /></mjloggm>