<mjloggm ver="2.3"><GO type="225" lobby="0"/><UN n0="%E3%83%A9%E3%82%A4%E3%83%B3%E3%81%AE%E8%99%8E" n1="%E6%A1%9C%E8%8A%B1%E9%96%83%E3%80%85" n2="%E3%80%93%E3%81%97%E3%83%BC%E3%82%89%E3%80%93" n3="%4C%4F%4C%49%54%41" dan="16,16,16,16" rate="2164.24,2131.41,2199.12,2127.74" sx="M,M,M,F"/><TAIKYOKU oya="0"/><INIT seed="0,0,0,1,4,79" ten="250,250,250,250" oya="0" hai0="114,49,25,100,21,75,58,30,32,118,54,53,112" hai1="105,81,87,52,47,28,43,66,94,131,60,68,45" hai2="92,29,11,4,101,129,64,44,82,76,12,70,90" hai3="134,122,51,98,110,135,130,18,35,5,119,3,123"/><T62/><D118/><U20/><E105/><V95/><F129/><W104/><G51/><T125/><D125/><U55/><E131/><V127/><F127/><W111/><G130/><T128/><D128/><U121/><E121/><N who="3" m="46090" /><G119/><T72/><D100/><U48/><E94/><V34/><F101/><N who="3" m="62519" /><G18/><T41/><D41/><U85/><E85/><V69/><F95/><W33/><G5/><T42/><D42/><U106/><E106/><V86/><F64/><W120/><N who="3" m="46098" /><W113/><DORA hai="117" /><G3/><T56/><REACH who="0" step="1"/><D32/><REACH who="0" ten="240,250,250,250" step="2"/><N who="3" m="12361" /><G113/><AGARI ba="0,1" hai="21,25,30,49,53,54,56,58,62,72,75,112,113,114" machi="113" ten="40,3900,0" yaku="1,1,53,1" doraHai="79,117" doraHaiUra="73,23" who="0" fromWho="3" sc="240,49,250,0,250,0,250,-39" /><INIT seed="0,1,0,1,5,78" ten="289,250,250,211" oya="0" hai0="113,45,0,74,46,122,128,86,126,5,67,30,104" hai1="20,114,40,61,85,108,4,96,130,95,2,120,37" hai2="29,106,51,62,91,59,32,123,6,79,89,49,24" hai3="111,8,100,71,21,102,11,82,84,53,18,15,87"/><T65/><D74/><U7/><E120/><V121/><F106/><W90/><G71/><T124/><D122/><U66/><E108/><V135/><F135/><W23/><G111/><T94/><D104/><U117/><E117/><V125/><F125/><N who="0" m="48234" /><D113/><U13/><E2/><V3/><F51/><W10/><G23/><T44/><D30/><U16/><E114/><V34/><F34/><W77/><REACH who="3" step="1"/><G53/><REACH who="3" ten="289,250,250,201" step="2"/><T101/><D128/><U64/><E130/><V72/><F121/><W109/><G109/><T105/><D105/><U28/><E66/><V27/><F123/><W26/><G26/><T42/><D42/><U43/><E43/><V116/><F27/><W41/><G41/><T134/><D134/><U39/><E40/><V103/><F24/><W47/><G47/><T50/><D65/><U56/><E28/><V35/><F29/><W17/><G17/><T118/><D67/><U22/><E22/><V55/><F55/><W115/><G115/><T127/><D127/><U112/><E112/><V110/><F110/><W76/><G76/><T31/><D31/><U70/><E70/><V132/><F79/><W107/><G107/><T63/><D45/><U131/><E131/><V60/><F132/><W48/><G48/><T119/><D46/><U97/><E39/><V19/><F49/><W54/><G54/><T133/><D133/><U99/><E37/><V88/><F35/><W38/><G38/><T75/><D44/><U68/><E68/><V73/><F32/><W83/><AGARI ba="1,1" hai="8,10,11,15,18,21,77,82,83,84,87,90,100,102" machi="83" ten="30,12000,2" yaku="1,1,0,1,8,1,52,2,53,2" doraHai="78" doraHaiUra="98" who="3" fromWho="3" sc="289,-61,250,-31,250,-31,201,133" /><INIT seed="1,0,0,2,5,108" ten="228,219,219,334" oya="1" hai0="27,130,9,70,78,8,41,14,44,91,66,22,85" hai1="101,100,72,4,55,106,76,52,103,115,117,57,128" hai2="132,47,74,107,50,90,19,69,28,122,109,32,124" hai3="135,127,123,92,116,39,93,40,96,26,59,113,29"/><U104/><E117/><V23/><F69/><W3/><G123/><T126/><D126/><U2/><E128/><V82/><F122/><W97/><G3/><T121/><D130/><U134/><E134/><V119/><F107/><W75/><G75/><T49/><D121/><U62/><E115/><V30/><F119/><W56/><G116/><T37/><D37/><U43/><E43/><V54/><F109/><W51/><G39/><T42/><D70/><U81/><REACH who="1" step="1"/><E55/><REACH who="1" ten="228,209,219,334" step="2"/><V36/><F132/><W84/><G113/><T118/><D41/><U83/><E83/><V15/><F124/><W111/><G135/><T21/><D118/><U31/><E31/><V99/><F36/><W0/><G40/><T68/><D42/><U120/><E120/><V65/><F30/><W112/><G112/><T25/><D66/><U38/><E38/><V129/><F65/><W18/><G127/><T5/><D68/><U53/><E53/><V33/><F129/><W110/><G110/><T24/><D24/><U133/><E133/><V125/><F125/><W7/><G26/><T61/><D27/><U131/><E131/><V77/><F28/><W46/><G29/><T114/><D25/><U10/><AGARI ba="0,1" hai="2,4,10,52,57,62,72,76,81,100,101,103,104,106" machi="10" ten="30,6000,0" yaku="1,1,0,1,54,1,53,0" doraHai="108" doraHaiUra="88" who="1" fromWho="1" sc="228,-20,209,70,219,-20,334,-20" /><INIT seed="1,1,0,5,3,12" ten="208,279,199,314" oya="1" hai0="15,62,59,39,22,33,52,32,70,121,84,31,27" hai1="85,19,116,51,134,108,53,106,87,49,110,86,96" hai2="111,56,4,75,9,128,30,97,67,98,0,117,21" hai3="129,78,77,10,126,34,44,103,118,66,1,38,79"/><U109/><E116/><V92/><F75/><W119/><G34/><T71/><D121/><U55/><E134/><V23/><F117/><N who="3" m="44555" /><G126/><T131/><D131/><U20/><E96/><V73/><F73/><W93/><G129/><T112/><D112/><U88/><E106/><V132/><F128/><W29/><G29/><T130/><D130/><U36/><E36/><V13/><F132/><W7/><G66/><T81/><D39/><U101/><E101/><V74/><F74/><W95/><G103/><T102/><D102/><U18/><E88/><N who="2" m="55431" /><F0/><W94/><G38/><T65/><D15/><N who="1" m="9311" /><E19/><N who="2" m="8623" /><F111/><W26/><G26/><T41/><D71/><U2/><E2/><V3/><F3/><W37/><G37/><T17/><D31/><U58/><E86/><V28/><F4/><W16/><G1/><T50/><REACH who="0" step="1"/><D41/><REACH who="0" ten="198,279,199,314" step="2"/><U63/><E63/><N who="2" m="38375" /><F30/><W11/><G7/><T47/><D47/><AGARI ba="1,1" hai="47,49,51,53,55,58,85,87,108,109,110" m="9311" machi="47" ten="30,5800,0" yaku="14,1,10,1,52,1" doraHai="12" who="1" fromWho="0" sc="198,-61,279,71,199,0,314,0" /><INIT seed="1,2,0,1,5,43" ten="137,350,199,314" oya="1" hai0="77,132,99,86,107,91,49,66,9,18,123,60,22" hai1="27,24,62,10,12,108,73,113,46,102,126,7,105" hai2="109,127,133,44,93,119,116,120,83,106,70,135,82" hai3="121,96,104,65,31,53,20,2,36,50,117,55,58"/><U67/><E113/><V110/><F70/><W47/><G121/><T97/><D132/><N who="2" m="50762" /><F106/><W90/><G2/><T85/><D123/><U122/><E73/><V74/><F120/><W33/><G33/><T92/><D107/><U118/><E118/><N who="2" m="45099" /><F127/><W134/><G134/><T5/><D49/><U11/><E122/><V115/><F115/><W35/><G35/><T30/><D30/><U131/><E131/><V28/><F28/><W40/><G117/><T128/><D77/><U0/><E108/><N who="2" m="41579" /><F74/><W114/><G104/><T3/><D99/><U75/><E75/><V61/><F61/><W15/><G31/><T89/><D128/><U100/><E126/><V64/><F64/><W63/><G114/><T111/><D111/><U76/><E67/><V29/><F29/><W98/><G63/><T80/><D97/><U26/><E62/><V130/><F130/><W32/><G65/><T87/><D60/><U125/><E125/><V4/><F4/><W84/><G98/><T37/><D66/><U34/><E105/><V88/><F44/><W81/><G96/><AGARI ba="2,0" hai="82,83,88,93,96" m="41579,45099,50762" machi="96" ten="40,8000,1" yaku="20,1,14,1,34,2,54,1" doraHai="43" who="2" fromWho="3" sc="137,0,350,0,199,86,314,-86" /><INIT seed="2,0,0,0,0,0" ten="137,350,285,228" oya="2" hai0="135,34,79,47,18,29,50,55,51,82,66,61,64" hai1="53,88,84,32,63,127,40,52,73,6,38,46,70" hai2="54,59,100,111,8,56,80,113,124,58,129,134,107" hai3="67,21,110,12,23,98,106,112,117,102,30,96,24"/><V28/><F113/><W76/><G117/><T44/><D34/><U9/><E73/><V65/><F65/><W37/><G37/><T86/><D29/><U133/><E32/><V95/><F107/><W78/><G110/><T122/><D135/><U43/><E133/><V126/><F28/><W1/><G1/><T72/><D122/><U130/><E43/><V14/><F134/><W97/><G112/><T92/><D72/><U19/><E19/><V11/><F80/><W90/><G67/><T60/><D66/><U119/><E119/><V15/><F111/><W2/><G2/><T62/><D92/><U120/><E127/><V10/><F54/><W41/><G41/><T108/><D108/><U69/><E130/><V17/><F129/><W116/><G116/><T109/><D109/><U57/><E53/><V3/><F3/><W123/><G123/><T94/><D94/><U7/><E7/><V71/><F71/><W101/><G90/><T104/><D104/><U131/><E131/><V26/><F95/><W81/><G106/><T27/><D64/><U22/><E22/><N who="2" m="13647" /><F100/><N who="3" m="38507" /><G81/><T33/><D33/><U83/><E120/><V25/><F25/><N who="3" m="16687" /><G12/><AGARI ba="0,0" hai="6,9,12,38,40,46,52,57,63,69,70,83,84,88" machi="12" ten="30,7700,0" yaku="7,1,52,1,54,2" doraHai="0" who="1" fromWho="3" sc="137,0,350,77,285,0,228,-77" /><INIT seed="3,0,0,5,4,121" ten="137,427,285,151" oya="3" hai0="50,82,10,92,71,131,97,84,72,135,95,113,120" hai1="110,129,130,28,78,109,14,61,16,77,51,98,75" hai2="94,81,64,0,116,102,68,73,53,104,76,106,127" hai3="20,11,45,46,132,86,123,101,9,34,87,108,2"/><W44/><G34/><T55/><D120/><U47/><E28/><V117/><F0/><W5/><G123/><T103/><D71/><U49/><E61/><V39/><F53/><W119/><G119/><T112/><D72/><U17/><E98/><N who="2" m="59735" /><F64/><W12/><G132/><T26/><D135/><U35/><E35/><V29/><F29/><W21/><G101/><T23/><D10/><U88/><E47/><V31/><F31/><W67/><G67/><T24/><D95/><U118/><E14/><V59/><F59/><W114/><G114/><N who="0" m="44139" /><D131/><U8/><E8/><V83/><F39/><W62/><G62/><T13/><D13/><U33/><E75/><N who="2" m="43167" /><F68/><W100/><G100/><T38/><D23/><N who="3" m="8777" /><G2/><T125/><D38/><U43/><E118/><N who="2" m="45675" /><F127/><W48/><G11/><T124/><D124/><U111/><E33/><V134/><F134/><W7/><G7/><T30/><D30/><U96/><E17/><V60/><F60/><W89/><G48/><N who="1" m="18506" /><E16/><V27/><F27/><W41/><G41/><T65/><D65/><U105/><E43/><V126/><F126/><W133/><G133/><T15/><D15/><U128/><E105/><V70/><F70/><W36/><G36/><T42/><D42/><U18/><E18/><V1/><F1/><W122/><G122/><T40/><D40/><U115/><E115/><V22/><F22/><W66/><G66/><T80/><D125/><U93/><AGARI ba="0,0" hai="77,78,88,93,96,109,110,111,128,129,130" m="18506" machi="93" ten="50,12000,2" yaku="14,1,19,1,52,3,54,1" doraHai="121" who="1" fromWho="1" sc="137,-30,427,120,285,-30,151,-60" owari="107,-29.3,547,64.7,255,5.5,91,-40.9" /></mjloggm>