<mjloggm ver="2.3"><GO type="225" lobby="0"/><UN n0="%E3%81%AD%E3%82%80%E3%81%84%40%E9%9B%80%E9%B3%B4%E4%BC%9A" n1="%70%68%65%6E%6F%6D%65" n2="%E3%82%A2%E3%83%9E%E3%83%9D%EF%BD%9E%EF%BD%9E%E3%83%A9" n3="%E5%B8%86%E7%AB%8B%E5%A4%8F%E8%A1%A3" dan="16,16,17,17" rate="2164.34,2193.30,2068.52,2274.02" sx="F,M,M,M"/><TAIKYOKU oya="0"/><INIT seed="0,0,0,0,5,72" ten="250,250,250,250" oya="0" hai0="6,36,90,34,96,30,54,21,28,91,26,66,135" hai1="95,74,55,78,8,101,5,129,2,106,89,63,3" hai2="122,43,62,19,42,113,35,13,39,52,71,51,100" hai3="37,47,68,70,38,9,98,75,22,126,53,116,123"/><T23/><D36/><N who="3" m="13929" /><G22/><T128/><D135/><U41/><E129/><V130/><F122/><W65/><G98/><T32/><D128/><U69/><E41/><N who="2" m="15371" /><F35/><W105/><G9/><T94/><D66/><U57/><E69/><N who="3" m="26730" /><G75/><T64/><D64/><U77/><E3/><V125/><F113/><W86/><G86/><T46/><D6/><U79/><E106/><V127/><F39/><W56/><G105/><T14/><D91/><U121/><E121/><V124/><F100/><W12/><G12/><T133/><D133/><U99/><REACH who="1" step="1"/><E74/><REACH who="1" ten="250,240,250,250" step="2"/><V11/><F130/><W112/><G123/><T61/><D32/><U134/><E134/><V10/><F71/><W108/><G112/><T84/><D34/><U131/><E131/><V4/><F62/><N who="3" m="38087" /><G116/><T80/><D61/><U132/><E132/><V27/><F125/><W119/><G119/><T104/><D104/><U107/><E107/><V82/><F127/><W45/><G126/><T102/><D14/><U16/><E16/><V120/><F124/><W111/><G53/><T18/><D23/><U0/><E0/><N who="2" m="263" /><F120/><W40/><G40/><T114/><D114/><U103/><AGARI ba="0,1" hai="2,5,8,55,57,63,77,78,79,89,95,99,101,103" machi="103" ten="30,12000,2" yaku="1,1,0,1,52,3,53,1" doraHai="72" doraHaiUra="49" who="1" fromWho="1" sc="250,-60,240,130,250,-30,250,-30" /><INIT seed="1,0,0,4,5,78" ten="190,370,220,220" oya="1" hai0="70,94,99,17,134,79,83,118,135,130,50,125,100" hai1="103,32,110,120,77,55,95,61,34,20,105,39,30" hai2="91,121,67,31,0,9,48,57,26,92,127,88,126" hai3="13,96,86,16,8,114,132,131,111,122,63,98,109"/><U97/><E120/><V112/><F121/><W93/><G122/><T81/><D70/><U128/><E128/><V4/><F112/><W12/><G131/><T3/><D130/><U11/><E39/><V49/><F67/><W59/><G114/><T124/><D3/><U40/><E40/><V36/><F36/><W27/><G132/><N who="0" m="50731" /><D50/><N who="2" m="19562" /><F92/><W56/><G56/><T66/><D66/><U54/><E77/><V45/><F57/><W68/><G68/><T133/><N who="0" m="50739" /><T6/><DORA hai="41" /><D6/><U85/><E61/><V119/><F45/><W116/><G116/><T15/><D118/><U2/><E32/><N who="2" m="20599" /><F119/><W47/><G47/><T60/><D60/><U38/><E34/><V10/><F10/><W80/><G27/><T35/><D35/><U115/><E38/><V71/><F71/><W90/><G13/><T53/><D53/><U113/><E54/><V5/><F5/><W19/><G19/><T73/><D83/><U25/><E55/><V108/><F108/><N who="3" m="41547" /><G93/><T72/><D72/><U37/><E110/><V65/><F65/><AGARI ba="0,0" hai="8,12,16,59,63,65,80,86,90,96,98" m="41547" machi="65" ten="30,3900,0" yaku="14,1,52,1,54,1" doraHai="78,41" who="3" fromWho="2" sc="190,0,370,0,220,-39,220,39" /><INIT seed="2,0,0,3,0,118" ten="190,370,181,259" oya="2" hai0="36,0,135,9,89,93,44,108,41,42,24,95,97" hai1="120,72,87,92,32,76,82,132,20,25,133,12,53" hai2="64,60,69,112,100,83,3,104,105,50,28,30,78" hai3="129,34,128,58,52,90,35,17,2,51,124,86,67"/><V18/><F112/><W91/><G2/><T63/><D108/><U130/><E130/><N who="3" m="50282" /><G124/><T126/><D126/><U99/><E120/><V66/><F66/><W47/><G17/><T122/><D135/><N who="1" m="51787" /><E53/><V101/><F3/><W5/><G5/><T48/><D24/><U70/><E70/><V71/><F18/><W16/><G16/><T123/><D63/><U73/><E12/><V96/><F50/><N who="3" m="30999" /><G67/><T115/><D115/><U98/><E32/><N who="3" m="12330" /><G86/><T19/><D42/><AGARI ba="0,0" hai="42,47,51,90,91" m="12330,30999,50282" machi="42" ten="30,2000,0" yaku="19,1,54,1" doraHai="118" who="3" fromWho="0" sc="190,-20,370,0,181,0,259,20" /><INIT seed="3,0,0,2,0,131" ten="170,370,181,279" oya="3" hai0="57,12,19,68,17,25,7,10,29,33,120,83,11" hai1="46,28,61,107,75,134,104,20,115,38,74,86,54" hai2="119,26,112,73,42,3,1,5,49,15,132,23,41" hai3="45,56,81,63,133,82,30,44,53,130,116,108,36"/><W79/><G116/><T71/><D120/><U39/><E134/><V84/><F112/><W85/><G130/><T4/><D57/><U8/><E115/><V97/><F73/><W65/><G36/><T67/><D83/><U24/><E75/><V99/><F119/><W27/><G108/><T87/><D87/><U64/><E74/><V92/><F1/><W101/><G82/><T72/><D72/><U60/><E61/><V9/><F3/><W128/><G133/><T90/><D90/><U50/><E8/><V34/><F34/><W96/><G53/><T13/><D67/><U47/><E86/><V126/><F126/><W94/><G128/><T69/><AGARI ba="0,0" hai="4,7,10,11,12,13,17,19,25,29,33,68,69,71" machi="69" ten="30,2000,0" yaku="0,1,9,1" doraHai="131" who="0" fromWho="0" sc="170,20,370,-5,181,-5,279,-10" owari="190,-21.0,365,46.5,176,-32.4,269,6.9" /></mjloggm>