<mjloggm ver="2.3"><GO type="225" lobby="0"/><UN n0="%E3%83%96%E3%83%83%E3%83%91%E3%82%AA%E3%83%96%E3%83%81%E3%82%AD%E3%83%B3" n1="%E3%83%B4%E3%83%A0%EF%BC%99%E3%81%A6" n2="%E7%99%BD%E5%80%89%E5%AF%9B%E4%B9%8B" n3="%E3%81%82%E3%81%97%E3%82%85%E3%82%8A%E3%82%93" dan="16,17,16,16" rate="2157.68,2143.80,2183.70,2063.16" sx="M,M,M,M"/><TAIKYOKU oya="0"/><INIT seed="0,0,0,2,3,131" ten="250,250,250,250" oya="0" hai0="87,84,62,34,26,10,123,108,129,120,20,72,121" hai1="111,5,59,128,52,71,13,63,45,76,42,27,124" hai2="102,21,92,19,64,37,112,11,17,132,77,126,31" hai3="15,51,2,12,3,90,33,56,80,119,40,57,53"/><T97/><D129/><U118/><E128/><V70/><F37/><W94/><G33/><T125/><D72/><U0/><E118/><V55/><F112/><W100/><G119/><T91/><D34/><U99/><E111/><V113/><F113/><W1/><G40/><T58/><D108/><U88/><E124/><V4/><F126/><W69/><G69/><T115/><D115/><U30/><E0/><V98/><F77/><W130/><G130/><T104/><D125/><U38/><E76/><V46/><F31/><W105/><G105/><T18/><D10/><U81/><E71/><V66/><F70/><W48/><G80/><T109/><D109/><U14/><E5/><V24/><F19/><W83/><G83/><T9/><D9/><U49/><E38/><V43/><F132/><W61/><G100/><T32/><D32/><U82/><E82/><V114/><F114/><W95/><G95/><T79/><D79/><U23/><E99/><V117/><F117/><W85/><REACH who="3" step="1"/><G51/><REACH who="3" ten="250,250,250,240" step="2"/><T44/><D104/><U135/><E135/><V35/><F35/><W7/><G7/><T101/><D101/><U41/><E42/><V116/><F116/><W65/><AGARI ba="0,1" hai="1,2,3,12,15,48,53,56,57,61,65,85,90,94" machi="65" ten="30,4000,0" yaku="1,1,0,1,53,1" doraHai="131" doraHaiUra="50" who="3" fromWho="3" sc="250,-20,250,-10,250,-10,240,50" /><INIT seed="1,0,0,5,3,115" ten="230,240,240,290" oya="1" hai0="46,39,67,28,70,55,86,15,110,57,16,25,30" hai1="38,79,11,2,21,135,128,126,95,27,93,96,64" hai2="114,132,43,35,122,45,47,5,91,80,53,134,124" hai3="32,54,0,60,127,120,26,103,14,69,87,76,119"/><U34/><E34/><V44/><F35/><W56/><G0/><T82/><D110/><U109/><E38/><V62/><F114/><W92/><G120/><T112/><D112/><U42/><E42/><V22/><F122/><W9/><G69/><T6/><D6/><U74/><E109/><V118/><F124/><W4/><G127/><T20/><D70/><U37/><E37/><V111/><F111/><W85/><G119/><T17/><D67/><U18/><E128/><V89/><F5/><W71/><G71/><T78/><D46/><U51/><E135/><N who="2" m="51755" /><F43/><W77/><G26/><T99/><D99/><U108/><E64/><V102/><F102/><W133/><G32/><T88/><D78/><N who="3" m="30313" /><G133/><T68/><D68/><U33/><E33/><V24/><F80/><W59/><G56/><T31/><D39/><U81/><E126/><V101/><F101/><W130/><G130/><T50/><REACH who="0" step="1"/><D17/><REACH who="0" ten="220,240,240,290" step="2"/><U1/><E18/><N who="2" m="12375" /><F118/><W75/><G75/><T84/><D84/><U19/><E108/><V121/><F121/><W129/><G129/><T13/><AGARI ba="0,1" hai="13,15,16,20,25,28,30,31,50,55,57,82,86,88" machi="13" ten="30,8000,1" yaku="1,1,0,1,8,1,54,2,53,0" doraHai="115" doraHaiUra="90" who="0" fromWho="0" sc="220,90,240,-40,240,-20,290,-20" /><INIT seed="2,0,0,0,4,94" ten="310,200,220,270" oya="2" hai0="87,84,105,86,22,50,110,92,112,66,107,55,117" hai1="120,65,6,80,119,2,124,20,38,4,109,28,83" hai2="114,122,79,25,127,42,19,45,100,126,132,8,37" hai3="134,128,70,81,102,54,101,1,76,16,78,7,24"/><V17/><F114/><W106/><G70/><T30/><D112/><U103/><E119/><V69/><F122/><W115/><G115/><T99/><D110/><U133/><E38/><V75/><F69/><W34/><G1/><T96/><D117/><U68/><E109/><V5/><F100/><W89/><G7/><T111/><D111/><U56/><E68/><V52/><F132/><W12/><G134/><T61/><D107/><U67/><E133/><V57/><F79/><W60/><G89/><T116/><D105/><U58/><E124/><N who="2" m="47659" /><F75/><W135/><G128/><T41/><D41/><U13/><E2/><N who="2" m="55" /><F25/><W62/><G78/><T47/><D92/><U0/><E0/><V118/><F118/><W11/><G135/><T63/><D116/><U74/><E74/><V129/><F129/><W97/><G102/><T98/><D66/><U121/><E103/><V130/><F130/><W35/><G24/><AGARI ba="0,0" hai="22,24,30,47,50,55,61,63,84,86,87,96,98,99" machi="24" ten="40,8000,1" yaku="8,1,52,3" doraHai="94" who="0" fromWho="3" sc="310,80,200,0,220,0,270,-80" /><INIT seed="3,0,0,0,2,60" ten="390,200,220,190" oya="3" hai0="47,116,87,55,131,0,51,39,40,54,45,76,6" hai1="65,103,85,104,132,97,21,112,13,11,108,126,26" hai2="109,33,92,73,98,3,77,125,115,38,15,28,121" hai3="89,90,64,69,14,106,5,93,124,102,114,9,43"/><W8/><G114/><T67/><D116/><U75/><E112/><V56/><F3/><W29/><G124/><T53/><D131/><U72/><E126/><V78/><F38/><W35/><G43/><N who="0" m="22783" /><D87/><U30/><E108/><V46/><F46/><W130/><G130/><T62/><D6/><U36/><E36/><V117/><F15/><W49/><G49/><N who="0" m="26855" /><D76/><U37/><E37/><V99/><F78/><W107/><G9/><T57/><D0/><U68/><E85/><V42/><F77/><W12/><G14/><T27/><D27/><U16/><REACH who="1" step="1"/><E132/><REACH who="1" ten="390,190,220,190" step="2"/><V111/><F125/><W88/><G93/><T120/><D120/><U25/><E25/><V80/><F121/><W95/><G95/><T63/><D63/><AGARI ba="0,1" hai="11,13,16,21,26,30,63,65,68,72,75,97,103,104" machi="63" ten="40,5200,0" yaku="1,1,52,1,54,1,53,0" doraHai="60" doraHaiUra="41" who="1" fromWho="0" sc="390,-52,190,62,220,0,190,0" owari="338,43.8,252,5.2,220,-18.0,190,-31.0" /></mjloggm>