<mjloggm ver="2.3"><GO type="225" lobby="0"/><UN n0="%E4%B8%89%E5%88%86%E5%B0%8F%E5%83%A7" n1="%E5%A4%8F%E9%88%B4%E9%88%B4%E5%A4%8F" n2="%E7%99%BD%E5%80%89%E5%AF%9B%E4%B9%8B" n3="%E4%B8%AD%E5%B9%B4%E3%81%AE%E5%8D%B1%E6%A9%9F" dan="16,16,16,16" rate="2103.41,2076.68,2125.72,2109.06" sx="M,F,M,M"/><TAIKYOKU oya="0"/><INIT seed="0,0,0,0,0,1" ten="250,250,250,250" oya="0" hai0="119,100,15,97,40,25,113,103,128,56,7,130,31" hai1="54,115,58,67,29,39,11,46,90,105,85,38,104" hai2="53,65,21,99,79,8,9,41,2,108,123,118,34" hai3="101,63,125,92,107,30,122,28,23,70,84,74,22"/><T83/><D113/><U89/><E115/><V109/><F34/><W3/><G74/><T93/><D119/><U4/><E29/><N who="3" m="11370" /><G3/><T102/><D40/><U5/><E67/><V76/><F65/><W134/><G107/><T135/><D135/><U64/><E64/><V98/><F41/><W18/><G70/><T47/><D47/><U96/><E90/><V59/><F21/><N who="3" m="7691" /><G134/><T24/><D83/><U127/><E46/><V132/><F123/><W42/><G125/><T36/><D36/><U35/><E35/><V43/><F43/><W48/><G63/><T129/><D56/><U94/><E127/><V86/><F132/><W126/><G126/><T37/><D37/><U81/><E39/><V72/><F72/><W14/><G122/><T116/><D116/><U73/><E38/><V106/><F118/><W66/><G66/><T0/><D0/><U27/><E27/><N who="0" m="10313" /><D31/><U117/><E11/><AGARI ba="0,0" hai="7,11,15,93,97,100,102,103,128,129,130" m="10313" machi="11" ten="40,3900,0" yaku="19,1,52,1" doraHai="1" who="0" fromWho="1" sc="250,39,250,-39,250,0,250,0" /><INIT seed="0,1,0,1,0,124" ten="289,211,250,250" oya="0" hai0="94,53,75,107,35,80,132,59,81,38,17,19,63" hai1="9,31,92,52,110,43,97,66,14,98,78,128,15" hai2="69,109,12,46,10,24,119,16,122,4,133,2,50" hai3="54,85,29,36,90,48,89,118,32,101,39,37,30"/><T68/><D107/><U47/><E110/><V44/><F69/><W67/><G118/><T87/><D38/><U57/><E66/><V112/><F109/><W130/><G130/><T73/><D35/><U131/><E78/><V96/><F119/><W13/><G101/><T108/><D108/><U72/><E31/><V76/><F122/><W79/><G67/><T88/><D68/><U106/><E72/><V99/><F112/><W56/><G32/><T28/><D28/><U126/><E106/><V27/><F76/><W91/><REACH who="3" step="1"/><G13/><REACH who="3" ten="289,211,250,240" step="2"/><T62/><D132/><U6/><E15/><N who="2" m="5575" /><F133/><W111/><G111/><T64/><D75/><U100/><E126/><V121/><F2/><W7/><G7/><T34/><D73/><U8/><E9/><V105/><F12/><W120/><G120/><T58/><D34/><U5/><E6/><V82/><F121/><W60/><G60/><T117/><D117/><U103/><E100/><V33/><F33/><W49/><G49/><T70/><D70/><U18/><E5/><V123/><F50/><W102/><G102/><T135/><D135/><U104/><E104/><V1/><F105/><W134/><G134/><T113/><D113/><U93/><E103/><V86/><F1/><W125/><G125/><T11/><D11/><U40/><E8/><V71/><F71/><W83/><AGARI ba="1,1" hai="29,30,36,37,39,48,54,56,79,83,85,89,90,91" machi="83" ten="40,2700,0" yaku="1,1,0,1,53,0" doraHai="124" doraHaiUra="115" who="3" fromWho="3" sc="289,-14,211,-8,250,-8,240,40" /><INIT seed="1,0,0,4,5,109" ten="275,203,242,280" oya="1" hai0="81,95,11,94,118,57,73,17,37,65,125,77,80" hai1="129,31,52,29,67,120,82,85,91,3,0,111,86" hai2="41,55,122,6,40,106,108,50,126,115,14,84,33" hai3="103,4,30,13,90,21,97,96,8,72,18,42,134"/><U28/><E120/><V83/><F106/><W56/><G134/><T69/><D69/><U119/><E119/><V113/><F33/><W98/><G72/><T114/><D37/><U32/><E32/><V135/><F122/><W16/><G42/><T92/><D118/><U59/><E111/><V27/><F108/><W66/><G103/><T12/><D125/><U88/><E67/><V102/><F102/><W1/><G90/><T71/><D71/><U25/><E25/><V78/><F135/><W10/><G30/><T22/><D114/><N who="2" m="43530" /><F27/><W105/><G105/><T74/><D11/><U104/><E129/><V76/><F126/><W48/><G48/><T9/><D9/><U60/><REACH who="1" step="1"/><E104/><REACH who="1" ten="275,193,242,280" step="2"/><V34/><F34/><W101/><G101/><T110/><D110/><U36/><E36/><V128/><F128/><W79/><G4/><T62/><REACH who="0" step="1"/><D80/><AGARI ba="0,1" hai="0,3,28,29,31,52,59,60,80,82,85,86,88,91" machi="80" ten="40,12000,1" yaku="1,1,9,1,54,2,53,0" doraHai="109" doraHaiUra="20" who="1" fromWho="0" sc="275,-120,193,130,242,0,280,0" /><INIT seed="1,1,0,2,2,122" ten="155,323,242,280" oya="1" hai0="39,28,5,52,118,19,14,33,109,76,55,103,73" hai1="108,57,83,4,88,121,16,115,10,27,102,8,113" hai2="101,90,66,6,133,95,79,41,25,60,82,40,45" hai3="32,78,62,20,111,65,77,37,107,131,71,1,105"/><U106/><E121/><V96/><F133/><W59/><G20/><T127/><D118/><U49/><E102/><V2/><F2/><W117/><G59/><T13/><D39/><U94/><E106/><N who="3" m="40458" /><G78/><T130/><D127/><U81/><E113/><V17/><F6/><W135/><G77/><T50/><D130/><U120/><E120/><V98/><F45/><W70/><G135/><T112/><D103/><U100/><E100/><V43/><F17/><W99/><G99/><T68/><D68/><N who="3" m="26153" /><G62/><T104/><D104/><U18/><E27/><V75/><F25/><W47/><G65/><T132/><D132/><U22/><E22/><V74/><F74/><W114/><G47/><T26/><D5/><U23/><E23/><V31/><F31/><W53/><G53/><T93/><D55/><U124/><E124/><V116/><F116/><W91/><G91/><T119/><D119/><U69/><E4/><V97/><REACH who="2" step="1"/><F101/><REACH who="2" ten="155,323,232,280" step="2"/><W86/><G117/><T67/><D67/><U42/><E18/><V15/><F15/><W125/><G125/><T34/><D13/><U38/><E16/><V80/><F80/><W85/><G1/><T7/><D112/><U44/><E83/><V54/><F54/><W87/><G114/><T12/><D12/><U110/><E81/><V36/><F36/><W9/><G37/><T24/><D14/><U61/><E115/><V64/><F64/><W134/><G134/><T128/><D19/><U46/><E46/><V129/><F129/><W29/><G131/><T72/><D128/><U3/><E44/><V63/><F63/><W123/><G123/><RYUUKYOKU ba="1,1" sc="155,-10,323,-10,232,30,280,-10" hai2="40,41,43,60,66,75,79,82,90,95,96,97,98" /><INIT seed="2,2,1,1,1,37" ten="145,313,262,270" oya="2" hai0="15,18,103,66,126,87,91,43,71,75,11,38,68" hai1="93,65,0,86,5,76,64,132,70,13,95,89,40" hai2="116,49,124,19,69,28,17,31,1,105,33,36,94" hai3="58,14,39,4,117,44,42,102,110,47,23,30,25"/><V26/><F36/><W9/><G110/><T100/><D75/><U32/><E32/><V52/><F105/><W96/><G117/><T106/><D126/><U67/><E0/><V88/><F69/><W62/><G39/><T82/><D106/><U129/><E129/><V81/><F1/><W22/><G22/><T7/><D71/><U60/><E132/><V131/><F116/><W108/><G108/><T6/><D6/><U98/><E40/><V135/><F135/><W12/><G12/><T120/><D120/><U101/><E76/><V3/><F3/><W114/><G42/><T78/><D91/><U27/><E27/><V61/><F61/><W57/><G114/><T99/><D99/><U79/><E79/><V16/><F131/><W24/><G24/><T63/><REACH who="0" step="1"/><D7/><REACH who="0" ten="135,313,262,270" step="2"/><U50/><E5/><V51/><F124/><W112/><G112/><T29/><D29/><U45/><E89/><V72/><F31/><W41/><G96/><T107/><D107/><U119/><E98/><V104/><F104/><W134/><G134/><T48/><D48/><U10/><E50/><V123/><F51/><N who="3" m="27023" /><G102/><T53/><D53/><U128/><E101/><V8/><F123/><W109/><G109/><T59/><D59/><N who="3" m="22537" /><G62/><T121/><D121/><U46/><E60/><V34/><F72/><W83/><G47/><AGARI ba="2,2" hai="11,15,18,38,43,47,63,66,68,78,82,87,100,103" machi="47" ten="40,2600,0" yaku="1,1,52,1,53,0" doraHai="37" doraHaiUra="113" who="0" fromWho="3" sc="135,52,313,0,262,0,270,-32" /><INIT seed="3,0,0,2,1,129" ten="187,313,262,238" oya="3" hai0="60,36,79,69,88,113,117,6,122,100,85,43,98" hai1="24,56,3,80,52,135,108,57,121,55,40,30,131" hai2="12,95,50,107,5,35,78,21,106,114,94,18,104" hai3="10,90,118,9,110,53,120,119,128,20,70,45,4"/><W96/><G120/><T64/><D117/><U34/><E121/><V23/><F35/><W125/><G70/><T51/><D122/><U15/><E3/><V28/><F114/><W92/><G128/><T67/><D113/><U109/><E135/><V111/><F5/><W75/><G75/><T49/><D79/><U63/><E131/><V16/><F28/><W58/><G125/><T26/><D67/><U11/><E80/><V68/><F68/><W101/><G110/><N who="1" m="42602" /><E40/><V13/><F111/><W62/><G45/><T93/><D6/><N who="1" m="3575" /><E57/><V134/><F134/><W61/><G61/><T87/><D87/><U83/><E83/><V84/><F50/><W124/><G124/><T97/><D97/><U132/><E132/><V89/><F78/><W25/><G9/><T17/><D36/><U1/><E1/><V47/><F47/><W29/><REACH who="3" step="1"/><G101/><REACH who="3" ten="187,313,262,228" step="2"/><T133/><D133/><U2/><E2/><AGARI ba="0,1" hai="2,4,10,20,25,29,53,58,62,90,92,96,118,119" machi="2" ten="30,5800,0" yaku="1,1,2,1,7,1,53,0" doraHai="129" doraHaiUra="66" who="3" fromWho="1" sc="187,0,313,-58,262,0,228,68" /><INIT seed="3,1,0,4,4,89" ten="187,255,262,296" oya="3" hai0="133,69,110,31,109,86,1,55,47,33,119,14,123" hai1="126,59,93,65,34,99,40,62,39,101,88,3,56" hai2="37,53,25,4,48,75,131,45,12,22,71,135,63" hai3="84,92,112,83,41,72,60,108,102,17,115,24,80"/><W78/><G41/><T0/><D119/><U79/><E126/><V103/><F75/><W36/><G36/><T128/><D123/><U97/><E3/><V44/><F131/><W42/><G42/><T64/><D128/><U94/><E34/><V51/><F37/><W106/><G60/><N who="0" m="40071" /><D133/><U116/><E116/><V13/><F135/><W73/><G17/><T117/><D117/><U2/><E2/><N who="0" m="1129" /><D86/><U43/><E39/><V7/><F103/><W121/><G24/><N who="0" m="18663" /><D14/><N who="2" m="5738" /><F63/><W54/><G54/><T100/><D100/><U35/><E35/><V118/><F71/><W90/><G121/><T107/><D107/><U50/><E79/><V61/><F61/><W91/><G108/><N who="0" m="41579" /><D55/><AGARI ba="1,0" hai="40,43,50,55,56,59,62,65,88,93,94,97,99,101" machi="55" ten="40,8000,1" yaku="8,1,52,2,54,1" doraHai="89" who="1" fromWho="0" sc="187,-83,255,83,262,0,296,0" owari="104,-39.6,338,43.8,262,-13.8,296,9.6" /></mjloggm>