<mjloggm ver="2.3"><GO type="225" lobby="0"/><UN n0="%E3%81%A8%E3%82%89%E3%81%84%E3%81%A1" n1="%28%EF%BF%A3%E2%96%BD%EF%BF%A3%29%CE%B4%E2%8C%92%E3%83%BB" n2="%E6%A1%9C%E8%8A%B1%E9%96%83%E3%80%85" n3="%E3%81%90%E3%81%A1%E3%82%84%E3%81%BE" dan="16,17,16,16" rate="2133.23,2283.54,2110.61,2146.36" sx="M,M,M,M"/><TAIKYOKU oya="0"/><INIT seed="0,0,0,4,3,4" ten="250,250,250,250" oya="0" hai0="129,41,98,24,92,72,113,1,112,88,81,79,131" hai1="20,38,100,101,58,47,123,115,22,18,120,42,51" hai2="133,110,27,105,94,2,95,75,124,132,35,118,39" hai3="103,48,25,87,122,135,84,119,9,33,106,6,86"/><T46/><D1/><U12/><E115/><N who="0" m="44105" /><D24/><U59/><E38/><V52/><F124/><W49/><G119/><T50/><D50/><U53/><E120/><V45/><F118/><W74/><G74/><T107/><D46/><U77/><E123/><V14/><F105/><W16/><G135/><T71/><D71/><U70/><E70/><V128/><F75/><W99/><G122/><T73/><D41/><U82/><E22/><V96/><F2/><W7/><G7/><T17/><D17/><U32/><E32/><V64/><F94/><W28/><REACH who="3" step="1"/><G16/><REACH who="3" ten="250,250,250,240" step="2"/><T78/><D107/><U63/><REACH who="1" step="1"/><E59/><REACH who="1" ten="250,240,250,240" step="2"/><V67/><F133/><W8/><G8/><T91/><D73/><AGARI ba="0,2" hai="12,18,20,42,47,51,53,58,63,73,77,82,100,101" machi="73" ten="30,3900,0" yaku="1,1,2,1,7,1,53,0" doraHai="4" doraHaiUra="30" who="1" fromWho="0" sc="250,-39,240,59,250,0,240,0" /><INIT seed="1,0,0,2,0,119" ten="211,299,250,240" oya="1" hai0="69,86,68,1,40,17,18,89,126,53,107,79,65" hai1="26,49,134,84,82,101,103,106,78,45,25,81,10" hai2="38,14,95,57,50,58,52,62,113,23,76,88,4" hai3="127,96,30,73,46,41,80,21,29,116,104,124,22"/><U108/><E134/><V32/><F32/><W16/><G116/><T118/><D118/><U72/><E108/><V128/><F128/><W66/><G66/><T99/><D126/><N who="3" m="48169" /><G104/><T111/><D111/><U131/><E131/><V11/><F113/><W87/><G73/><T109/><D109/><U133/><E133/><V112/><F112/><W70/><G70/><T48/><D1/><U123/><E10/><V90/><F38/><N who="3" m="21815" /><G96/><T13/><D40/><U34/><E106/><V105/><F105/><W56/><G56/><T31/><D31/><N who="3" m="11785" /><G16/><T92/><D65/><U44/><E34/><V54/><F76/><AGARI ba="0,0" hai="21,22,76,80,87" m="11785,21815,48169" machi="76" ten="30,1000,0" yaku="18,1" doraHai="119" who="3" fromWho="2" sc="211,0,299,0,250,-10,240,10" /><INIT seed="2,0,0,4,5,81" ten="211,299,240,250" oya="2" hai0="58,114,60,74,27,124,19,118,96,20,31,82,91" hai1="12,66,80,112,51,13,68,34,123,62,99,17,56" hai2="115,4,106,47,55,135,40,126,9,49,105,93,119" hai3="30,3,59,90,6,102,92,129,131,57,22,130,21"/><V71/><F115/><W29/><G102/><T63/><D114/><U116/><E34/><V38/><F119/><W134/><G134/><T94/><D118/><U128/><E128/><V25/><F135/><W87/><G3/><T83/><D124/><U72/><E112/><V41/><F126/><W61/><G6/><T45/><D74/><U107/><E13/><V33/><F71/><W18/><G57/><T7/><D7/><U14/><E14/><V44/><F93/><W86/><G86/><T127/><D127/><U100/><E123/><V111/><F111/><W23/><REACH who="3" step="1"/><G18/><REACH who="3" ten="211,299,240,240" step="2"/><T1/><D1/><U95/><E17/><V113/><F113/><W97/><G97/><T39/><D19/><U73/><E56/><V50/><F4/><W48/><G48/><T46/><D60/><U42/><E62/><V15/><F50/><W24/><G24/><T2/><D2/><U77/><E51/><V101/><F101/><W43/><G43/><T69/><D69/><U98/><E42/><V110/><F41/><W11/><G11/><T121/><D121/><U133/><E68/><V88/><F40/><W104/><G104/><T37/><D37/><U67/><E107/><V85/><F106/><W78/><G78/><T76/><D39/><U125/><E77/><V108/><F105/><W8/><G8/><T26/><D27/><U122/><E125/><V10/><F10/><W32/><G32/><T65/><REACH who="0" step="1"/><D76/><REACH who="0" ten="201,299,240,240" step="2"/><N who="1" m="44039" /><E122/><V35/><F25/><W103/><G103/><T109/><D109/><U120/><E100/><V75/><F110/><W70/><G70/><T54/><D54/><AGARI ba="0,2" hai="21,22,23,29,30,54,59,61,87,90,92,129,130,131" machi="54" ten="50,8000,1" yaku="1,1,6,1,19,1,52,1,53,1" doraHai="81" doraHaiUra="53" who="3" fromWho="0" sc="201,-80,299,0,240,0,240,100" /><INIT seed="3,0,0,5,0,125" ten="121,299,240,340" oya="3" hai0="120,45,90,18,19,29,93,89,87,7,64,134,80" hai1="28,77,44,124,68,49,92,48,133,102,117,121,60" hai2="105,8,65,42,95,101,53,74,32,63,78,33,54" hai3="59,76,130,23,129,108,11,40,131,118,55,46,97"/><W14/><G118/><T52/><D120/><U126/><E28/><V114/><F114/><W99/><G108/><T103/><D134/><U37/><E77/><V88/><F42/><W43/><G23/><T135/><D135/><U47/><E92/><V98/><F8/><W67/><G67/><T16/><D64/><N who="1" m="40967" /><E102/><V51/><F53/><W70/><G70/><T35/><D7/><U61/><E133/><V9/><F9/><W115/><G115/><T104/><D104/><U39/><E117/><V5/><F5/><N who="3" m="3439" /><G76/><T106/><D106/><U10/><E10/><V79/><F79/><W84/><G84/><T34/><D29/><U132/><E61/><V123/><F123/><W91/><G91/><T96/><D35/><U83/><E83/><V56/><F78/><W75/><G75/><T0/><D34/><U66/><E66/><V62/><F62/><W13/><G13/><T27/><D0/><U111/><E111/><V26/><F26/><W2/><G99/><T73/><D73/><U21/><E21/><V122/><F74/><W116/><G97/><T112/><D112/><U85/><E85/><V69/><F122/><W20/><G20/><T30/><D30/><U4/><E4/><V110/><F110/><W15/><G15/><T36/><D36/><N who="1" m="13899" /><E121/><V119/><F119/><W81/><G81/><T3/><D3/><U109/><E109/><V100/><F100/><W38/><G2/><T17/><D103/><U94/><E132/><V82/><F105/><W22/><G22/><T86/><N who="0" m="4096" /><DORA hai="57" /><T58/><D87/><U25/><E126/><V71/><F101/><RYUUKYOKU ba="0,0" sc="121,0,299,0,240,0,340,0" owari="121,-37.9,299,9.9,240,-16.0,340,44.0" /></mjloggm>