<mjloggm ver="2.3"><GO type="225" lobby="0"/><UN n0="%E6%A1%9C%E6%B2%A2%E5%A2%A8" n1="%E3%83%A9%E3%83%BC%E3%83%A1%E3%83%B3%E4%BA%94%E9%83%8E" n2="%E5%A4%8F%E9%88%B4%E9%88%B4%E5%A4%8F" n3="%6B%65%6E%6E%64%69" dan="17,16,16,16" rate="2181.17,2140.44,2118.72,2162.46" sx="F,M,F,M"/><TAIKYOKU oya="0"/><INIT seed="0,0,0,1,1,51" ten="250,250,250,250" oya="0" hai0="83,45,106,5,130,90,2,9,84,74,4,8,26" hai1="93,60,12,101,18,33,87,50,21,25,88,65,43" hai2="22,69,97,104,52,46,34,132,68,41,28,85,59" hai3="94,118,131,78,38,127,48,70,0,17,67,102,29"/><T95/><D106/><U117/><E117/><V36/><F34/><W31/><G38/><T76/><D130/><U7/><E101/><V61/><F132/><W11/><G118/><T80/><D26/><U13/><E33/><V108/><F108/><W44/><G131/><T39/><D83/><U96/><E7/><V37/><F37/><W16/><G127/><T56/><D56/><N who="1" m="36999" /><E96/><V15/><F85/><W64/><G78/><T89/><D95/><U1/><E1/><V126/><F126/><W30/><G0/><T47/><D84/><U125/><E125/><V54/><F54/><N who="3" m="29959" /><G70/><T77/><D77/><U115/><E115/><V114/><F114/><W71/><G71/><T119/><D47/><AGARI ba="0,0" hai="12,13,18,21,25,43,47,50,87,88,93" m="36999" machi="47" ten="30,2000,0" yaku="8,1,54,1" doraHai="51" who="1" fromWho="0" sc="250,-20,250,20,250,0,250,0" /><INIT seed="1,0,0,3,4,38" ten="230,270,250,250" oya="1" hai0="110,121,29,135,48,44,103,69,32,6,80,12,118" hai1="61,34,33,114,60,52,134,70,0,25,65,68,30" hai2="120,28,58,123,37,97,9,47,91,130,109,13,112" hai3="84,115,127,90,50,117,22,73,49,129,76,93,3"/><U81/><E114/><V67/><F109/><W111/><G115/><T116/><D110/><U104/><E0/><V7/><F112/><W72/><G3/><T87/><D69/><U94/><E104/><V85/><F130/><W132/><G129/><T98/><D135/><U5/><E134/><V125/><F125/><W2/><G2/><T16/><D121/><U88/><E5/><V107/><F28/><W126/><G111/><T41/><D6/><U14/><E14/><V24/><F24/><W43/><G132/><T105/><D29/><U62/><E81/><V95/><F67/><W96/><G22/><T17/><D32/><U82/><E82/><V26/><F26/><W1/><G1/><T133/><D17/><U122/><E122/><V46/><F58/><W86/><G117/><T59/><D59/><U71/><E65/><V66/><F66/><W106/><G76/><T108/><D108/><U56/><REACH who="1" step="1"/><E34/><REACH who="1" ten="230,260,250,250" step="2"/><V89/><F107/><W23/><G106/><T40/><D133/><U54/><E54/><V53/><F53/><W100/><G127/><T124/><D124/><U39/><E39/><V75/><F37/><W27/><G126/><T36/><D36/><U19/><E19/><V21/><F123/><W4/><G4/><T31/><D31/><U64/><E64/><V128/><F120/><W113/><G113/><T8/><REACH who="0" step="1"/><D41/><REACH who="0" ten="220,260,250,250" step="2"/><U55/><E55/><V131/><F128/><W18/><G43/><T42/><D42/><U20/><E20/><V11/><F131/><W57/><G23/><T99/><D99/><AGARI ba="0,2" hai="25,30,33,52,56,60,61,62,68,70,71,88,94,99" machi="99" ten="40,7700,0" yaku="1,1,54,2,53,0" doraHai="38" doraHaiUra="101" who="1" fromWho="0" sc="220,-77,260,97,250,0,250,0" /><INIT seed="1,1,0,0,0,69" ten="143,357,250,250" oya="1" hai0="53,86,109,113,15,30,101,120,51,35,70,10,17" hai1="60,73,103,32,102,47,89,76,54,56,88,66,52" hai2="124,84,77,128,127,42,129,94,85,31,3,122,126" hai3="133,50,117,48,20,23,64,74,6,72,98,19,80"/><U79/><E32/><V107/><F3/><W59/><G133/><T12/><D113/><U5/><E5/><V33/><F42/><W9/><G117/><T115/><D115/><U104/><E104/><V62/><F62/><W116/><G116/><T67/><D109/><U68/><E73/><V65/><F65/><W90/><G74/><T36/><D120/><U99/><E99/><V63/><F63/><N who="3" m="38015" /><G72/><T91/><D101/><N who="1" m="38411" /><E68/><V34/><F122/><W46/><G6/><T21/><D35/><N who="2" m="13322" /><F31/><W114/><G114/><T2/><D2/><U87/><E89/><N who="2" m="53543" /><F107/><W108/><G108/><T49/><D67/><U4/><E4/><V111/><F111/><W0/><G0/><T22/><D70/><U132/><E132/><V45/><F45/><W7/><G7/><T96/><D30/><U8/><E8/><V26/><F26/><W82/><G9/><T92/><D10/><U18/><E18/><V55/><F55/><N who="1" m="21033" /><E47/><V1/><F1/><W81/><G46/><T43/><D53/><U135/><E135/><V27/><F27/><N who="3" m="14751" /><G23/><T41/><D21/><U83/><AGARI ba="1,0" hai="56,60,66,76,79,83,87,88" m="21033,38411" machi="83" ten="30,6000,0" yaku="8,1,54,2" doraHai="69" who="1" fromWho="1" sc="143,-21,357,63,250,-21,250,-21" /><INIT seed="1,2,0,1,5,8" ten="122,420,229,229" oya="1" hai0="64,38,58,83,41,49,86,120,13,0,27,55,102" hai1="3,37,4,23,93,47,59,111,74,112,121,128,48" hai2="31,60,133,113,88,129,73,104,82,103,69,114,32" hai3="132,106,1,98,97,79,134,30,16,14,78,117,21"/><U75/><E112/><N who="2" m="43115" /><F133/><N who="3" m="51307" /><G117/><T22/><D0/><U91/><E121/><V126/><F129/><W51/><G1/><T20/><D120/><U6/><E128/><V124/><F31/><W12/><G30/><T61/><D102/><U44/><E37/><V99/><F32/><W29/><G29/><T81/><D27/><U107/><E107/><V35/><F35/><W71/><G71/><T15/><D41/><U65/><E111/><V105/><F60/><W52/><G12/><N who="0" m="4683" /><D38/><U110/><E110/><V118/><F69/><W135/><G135/><T72/><D72/><U119/><E74/><V53/><F53/><W2/><G2/><T80/><D86/><N who="1" m="52471" /><E75/><V24/><F24/><W90/><G98/><T116/><D116/><U9/><E3/><V63/><F63/><W7/><G7/><T46/><AGARI ba="2,0" hai="20,22,46,49,55,58,61,64,80,81,83" m="4683" machi="46" ten="30,7900,0" yaku="8,1,52,3" doraHai="8" who="0" fromWho="0" sc="122,85,420,-41,229,-22,229,-22" /><INIT seed="2,0,0,5,0,22" ten="207,379,207,207" oya="2" hai0="119,85,17,5,76,126,125,15,64,105,38,134,124" hai1="113,96,103,131,19,120,65,34,99,70,2,66,100" hai2="10,75,130,97,24,27,49,95,43,68,56,14,61" hai3="32,11,109,118,59,16,74,55,98,20,36,93,58"/><V84/><F75/><W108/><G118/><T6/><D119/><U102/><E113/><V73/><F73/><W132/><G132/><T77/><D134/><U87/><E34/><V86/><F130/><W60/><G74/><T50/><D38/><U69/><E2/><V107/><F107/><W127/><G127/><T21/><D105/><U90/><E131/><V79/><F68/><W104/><G32/><T129/><D129/><U53/><E120/><V123/><F49/><W42/><G104/><T115/><D115/><U101/><E101/><N who="2" m="60607" /><F43/><W57/><G11/><T92/><D64/><N who="1" m="24683" /><E69/><V94/><F123/><W62/><G42/><T112/><D112/><U44/><E70/><V28/><F28/><W7/><G7/><N who="0" m="2571" /><D50/><N who="1" m="28871" /><E19/><N who="2" m="8663" /><F94/><AGARI ba="0,0" hai="87,90,94,96,99,100,102,103" m="28871,24683" machi="94" ten="30,1000,0" yaku="8,1" doraHai="22" who="1" fromWho="2" sc="207,0,379,10,207,-10,207,0" /><INIT seed="3,0,0,4,3,75" ten="207,389,197,207" oya="3" hai0="44,134,131,1,70,99,97,38,45,34,126,7,48" hai1="115,55,132,105,116,130,9,98,87,8,29,41,57" hai2="135,68,95,43,92,124,83,52,114,89,120,72,71" hai3="26,31,117,17,24,73,107,76,80,91,50,88,128"/><W61/><G117/><T133/><D34/><U10/><E115/><V47/><F114/><W3/><G107/><T104/><D70/><U94/><E130/><V93/><F124/><W42/><G128/><T25/><D25/><U67/><E132/><N who="0" m="50793" /><D104/><U106/><E29/><V122/><F135/><W121/><G121/><N who="2" m="46697" /><F52/><W36/><G36/><T62/><D62/><U59/><E94/><N who="2" m="24067" /><V54/><DORA hai="108" /><F54/><W69/><G3/><T74/><D74/><U15/><E9/><V119/><F119/><W111/><G111/><T21/><D126/><U11/><E15/><V30/><F30/><W20/><G50/><T125/><D38/><U46/><E59/><V110/><F110/><W81/><G81/><T103/><D48/><U123/><E87/><N who="2" m="50431" /><F72/><W18/><G42/><T5/><D125/><U2/><E41/><V102/><F102/><W49/><G49/><AGARI ba="0,0" hai="43,47,49,68,71" m="50431,24067,46697" machi="49" ten="40,1300,0" yaku="13,1" doraHai="75,108" who="2" fromWho="3" sc="207,0,389,0,197,13,207,-13" owari="207,-19.3,389,48.9,210,1.0,194,-30.6" /></mjloggm>