<mjloggm ver="2.3"><GO type="225" lobby="0"/><UN n0="%E3%83%B4%E3%82%A3%E3%83%AF%E3%82%B3%E3%82%B0%E3%83%8B" n1="%E3%82%B2%E3%82%B9%E8%8C%82%E5%8B%9D" n2="%E3%81%BF%E3%81%BF%E3%81%9A" n3="%E3%83%96%E3%83%83%E3%83%91%E3%82%AA%E3%83%96%E3%83%81%E3%82%AD%E3%83%B3" dan="17,16,17,16" rate="2228.14,2135.74,2263.71,2126.99" sx="M,F,M,M"/><TAIKYOKU oya="0"/><INIT seed="0,0,0,5,0,124" ten="250,250,250,250" oya="0" hai0="54,128,110,85,88,76,123,48,23,5,116,24,9" hai1="81,53,78,106,73,74,117,39,4,84,100,118,41" hai2="52,94,44,10,33,8,38,103,21,30,64,16,58" hai3="127,59,120,112,60,108,130,72,102,14,15,95,31"/><T28/><D123/><U19/><E4/><V36/><F33/><W71/><G112/><T6/><D116/><U42/><E53/><V3/><F30/><W17/><G127/><T69/><D69/><U25/><E25/><N who="2" m="14503" /><F3/><W63/><G72/><T105/><D105/><U131/><E19/><V34/><F34/><W90/><G120/><T37/><D37/><U66/><E66/><V75/><F75/><W20/><G108/><T77/><D128/><U89/><E39/><V87/><F38/><W99/><G71/><T27/><D110/><U83/><E41/><V111/><F111/><W134/><G134/><T51/><D24/><U96/><E42/><V119/><F36/><W135/><G135/><T29/><D28/><U80/><E131/><V115/><F115/><W101/><G130/><T97/><D97/><U26/><E26/><V126/><F119/><W45/><G31/><T121/><D48/><U46/><E46/><V49/><F126/><W65/><G63/><T129/><D121/><U92/><E83/><V55/><F64/><W32/><G32/><T68/><D68/><U98/><E73/><V93/><F87/><W86/><G45/><N who="0" m="28015" /><D129/><U56/><E56/><V122/><F122/><W0/><G0/><N who="0" m="167" /><D6/><U125/><E125/><V79/><F79/><AGARI ba="0,0" hai="74,78,79,80,81,84,89,92,96,98,100,106,117,118" machi="79" ten="30,7700,0" yaku="7,1,34,3" doraHai="124" who="1" fromWho="2" sc="250,0,250,77,250,-77,250,0" /><INIT seed="1,0,0,5,3,61" ten="250,327,173,250" oya="1" hai0="0,5,28,33,110,25,131,74,39,30,71,2,70" hai1="4,111,102,34,118,94,26,92,123,60,23,73,36" hai2="89,65,66,62,32,57,21,95,29,122,135,116,38" hai3="125,11,128,18,41,69,104,12,72,59,97,86,100"/><U98/><E118/><V109/><F116/><W115/><G115/><T90/><D110/><U114/><E114/><V46/><F122/><W87/><G69/><T120/><D120/><U45/><E123/><V56/><F32/><W50/><G125/><T85/><D131/><U81/><E34/><V43/><F109/><W124/><G124/><T130/><D130/><U121/><E121/><V113/><F113/><W105/><G128/><T24/><D39/><U63/><E111/><V48/><F135/><W134/><G134/><T84/><D74/><U15/><E92/><V91/><F38/><W37/><G72/><T119/><D119/><U58/><E45/><V133/><F133/><W83/><G105/><T10/><D0/><U54/><E36/><V27/><F95/><W126/><G126/><T80/><REACH who="0" step="1"/><D85/><REACH who="0" ten="240,327,173,250" step="2"/><U31/><E73/><V42/><F42/><W6/><G37/><T108/><D108/><U55/><E81/><V17/><F29/><W107/><G87/><T67/><D67/><N who="2" m="25610" /><F57/><W1/><G59/><T19/><D19/><U52/><E58/><V51/><F51/><W78/><G50/><T112/><D112/><U77/><E77/><V76/><F76/><W127/><G18/><T49/><D49/><U44/><E44/><V75/><F75/><W101/><G78/><T53/><D53/><AGARI ba="0,1" hai="17,21,27,43,46,48,53,56,62,89,91" m="25610" machi="53" ten="30,7700,0" yaku="8,1,52,3" doraHai="61" who="2" fromWho="0" sc="240,-77,327,0,173,87,250,0" /><INIT seed="2,0,0,2,2,125" ten="163,327,260,250" oya="2" hai0="130,81,68,46,55,26,19,10,14,11,60,85,16" hai1="36,38,105,111,93,9,91,6,71,48,127,121,3" hai2="110,50,126,109,80,56,40,104,135,30,119,54,15" hai3="65,123,73,29,52,87,114,12,79,23,120,4,70"/><V134/><F104/><W122/><G73/><T37/><D130/><U58/><E111/><N who="2" m="42507" /><F30/><W103/><G103/><T42/><D68/><U51/><E127/><V75/><F126/><W94/><G114/><T95/><D95/><U59/><E121/><V62/><F15/><W102/><G70/><T57/><D26/><U106/><E71/><V97/><F97/><W101/><G65/><T5/><REACH who="0" step="1"/><D11/><REACH who="0" ten="153,327,260,250" step="2"/><U41/><E93/><V21/><F119/><W39/><G94/><T107/><D107/><U92/><E92/><V67/><F21/><W115/><G23/><T18/><D18/><U116/><E9/><V24/><F24/><W66/><G123/><T131/><D131/><U1/><E116/><V108/><F108/><W17/><G122/><T124/><D124/><U83/><E105/><V132/><F40/><W117/><G17/><T74/><D74/><U7/><E106/><V113/><F113/><W28/><G115/><T44/><D44/><U89/><E41/><V77/><F135/><W63/><G120/><T82/><D82/><AGARI ba="0,1" hai="1,3,6,7,36,38,48,51,58,59,82,83,89,91" machi="82" ten="25,1600,0" yaku="22,2" doraHai="125" who="1" fromWho="0" sc="153,-16,327,26,260,0,250,0" /><INIT seed="3,0,0,0,3,73" ten="137,353,260,250" oya="3" hai0="41,32,107,115,103,132,88,16,17,19,82,6,100" hai1="26,112,104,84,108,55,36,91,111,31,120,11,121" hai2="105,69,38,65,48,98,102,35,14,63,27,61,124" hai3="123,130,0,70,66,99,18,133,59,96,22,114,110"/><W60/><G114/><T86/><D132/><U81/><E112/><V128/><F38/><W7/><G123/><T106/><D115/><U85/><E104/><V94/><F124/><W39/><G39/><T40/><D32/><U50/><E36/><V29/><F128/><W72/><G133/><T47/><D6/><U9/><E84/><V28/><F28/><W49/><G130/><T4/><D4/><U24/><E120/><V93/><F48/><W53/><G110/><N who="1" m="42026" /><E121/><V90/><F90/><W15/><G72/><T8/><D8/><N who="1" m="3147" /><E31/><V56/><REACH who="2" step="1"/><F14/><REACH who="2" ten="137,353,250,250" step="2"/><W118/><G118/><T75/><D75/><U62/><E62/><V101/><F101/><W10/><AGARI ba="0,1" hai="0,7,10,15,18,22,49,53,59,60,66,70,96,99" machi="10" ten="30,1500,0" yaku="0,1" doraHai="73" who="3" fromWho="3" sc="137,-5,353,-5,250,-5,250,25" /><INIT seed="3,1,0,4,1,127" ten="132,348,245,275" oya="3" hai0="28,92,1,75,81,76,126,39,94,7,35,93,19" hai1="122,108,49,129,83,109,67,101,133,13,10,4,3" hai2="14,46,54,37,85,113,111,27,89,134,103,106,34" hai3="20,74,41,11,91,18,112,69,72,90,116,56,118"/><W117/><G69/><T61/><D126/><U29/><E129/><V48/><F113/><W104/><G112/><T107/><D107/><U95/><E133/><V23/><F134/><W21/><G104/><T71/><D71/><U52/><E122/><V78/><F111/><N who="1" m="42569" /><E67/><V9/><F37/><W0/><G41/><T51/><D51/><U44/><E29/><V25/><F34/><W96/><G56/><T30/><D61/><U123/><E123/><V119/><F78/><W33/><G33/><T55/><D55/><U82/><E3/><V65/><F65/><W125/><G125/><T120/><D120/><U99/><AGARI ba="1,0" hai="4,10,13,44,49,52,82,83,95,99,101" m="42569" machi="99" ten="30,2000,0" yaku="14,1,54,1" doraHai="127" who="1" fromWho="1" sc="132,-6,348,23,245,-6,275,-11" owari="126,-37.4,371,47.1,239,-16.1,264,6.4" /></mjloggm>