<mjloggm ver="2.3"><GO type="225" lobby="0"/><UN n0="%E9%8A%80%E3%81%B0%E3%81%95%E3%81%BF" n1="%33%74%72%65%65" n2="%E3%81%BD%E3%81%A1%E3%81%9F%E3%81%93%E3%82%84" n3="%E7%99%BD%E5%80%89%E5%AF%9B%E4%B9%8B" dan="17,16,16,16" rate="2141.32,2111.35,2188.28,2172.99" sx="M,F,M,M"/><TAIKYOKU oya="0"/><INIT seed="0,0,0,0,2,90" ten="250,250,250,250" oya="0" hai0="99,24,93,39,48,78,82,22,40,14,74,31,135" hai1="97,27,83,109,1,106,8,103,105,126,71,20,10" hai2="44,79,112,68,110,63,50,116,23,43,65,111,47" hai3="80,75,123,127,41,59,101,102,69,118,64,130,61"/><T70/><D135/><U52/><E109/><N who="2" m="41483" /><F79/><W25/><G118/><T133/><D133/><U38/><E126/><V5/><F5/><W42/><G127/><T12/><D39/><U76/><E38/><N who="2" m="21623" /><F23/><W6/><G130/><T60/><D40/><U13/><E71/><V107/><F107/><W53/><G42/><T28/><D48/><U37/><E37/><V46/><F116/><W34/><G41/><T36/><D36/><U95/><E1/><V85/><F85/><W54/><G6/><T88/><REACH who="0" step="1"/><D31/><REACH who="0" ten="240,250,250,250" step="2"/><U11/><E13/><V91/><F50/><N who="3" m="31159" /><G123/><T113/><D113/><U21/><E52/><V122/><F122/><W66/><G54/><T9/><D9/><U77/><E77/><V98/><F112/><W30/><G30/><T84/><D84/><U115/><E115/><V92/><AGARI ba="0,1" hai="46,47,63,65,68,91,92,98" m="21623,41483" machi="92" ten="30,2000,0" yaku="14,1,52,1" doraHai="90" who="2" fromWho="2" sc="240,-10,250,-5,250,30,250,-5" /><INIT seed="1,0,0,2,2,131" ten="230,245,280,245" oya="1" hai0="72,85,82,93,86,89,101,88,91,26,4,99,129" hai1="98,50,77,20,68,132,38,90,18,121,48,105,106" hai2="58,75,66,113,28,128,96,114,39,56,92,1,62" hai3="135,53,69,117,73,126,13,87,8,7,16,3,44"/><U43/><E121/><V12/><F1/><W51/><G73/><T103/><D4/><U63/><E77/><V115/><F128/><W76/><G69/><T31/><D129/><U84/><E38/><V125/><F125/><W124/><G117/><T74/><D26/><U97/><E105/><V29/><F75/><N who="0" m="28714" /><D31/><U100/><E98/><V49/><F39/><W6/><G135/><T52/><D52/><U23/><E132/><V134/><F134/><W35/><G35/><T22/><D22/><U60/><E23/><V133/><F133/><W79/><G7/><T61/><D61/><U27/><E43/><V32/><F32/><W15/><G3/><T21/><D21/><U55/><E68/><V36/><F36/><W40/><G53/><T95/><AGARI ba="0,0" hai="82,85,86,88,89,91,93,95,99,101,103" m="28714" machi="95" ten="30,12000,2" yaku="35,5,54,1" doraHai="131" who="0" fromWho="0" sc="230,120,245,-60,280,-30,245,-30" /><INIT seed="2,0,0,0,4,105" ten="350,185,250,215" oya="2" hai0="102,32,85,57,46,21,127,69,124,9,129,104,22" hai1="42,82,66,111,31,79,12,70,106,49,72,51,128" hai2="95,34,81,97,76,133,65,73,33,44,117,13,47" hai3="118,112,17,132,58,3,92,98,90,93,91,41,59"/><V20/><F117/><W99/><G3/><T37/><D69/><U35/><E111/><V43/><F133/><W88/><G118/><T7/><D32/><U126/><E126/><N who="0" m="48169" /><D129/><U108/><E108/><V61/><F20/><W63/><G132/><T1/><D57/><N who="3" m="21513" /><G112/><T64/><D64/><U38/><E128/><V26/><F13/><W134/><G134/><T0/><D0/><U56/><E106/><V24/><F34/><W100/><G41/><N who="0" m="22831" /><D85/><U4/><E70/><V11/><F11/><W48/><G48/><T18/><D18/><U83/><E38/><V52/><F33/><W119/><G119/><T10/><D10/><U110/><E110/><V6/><F6/><W62/><G17/><T89/><D89/><AGARI ba="0,0" hai="62,63,88,89,90,91,92,93,98,99,100" m="21513" machi="89" ten="30,2000,0" yaku="8,1,54,1" doraHai="105" who="3" fromWho="0" sc="350,-20,185,0,250,0,215,20" /><INIT seed="3,0,0,5,3,65" ten="330,185,250,235" oya="3" hai0="87,108,72,57,88,44,16,12,132,135,89,133,79" hai1="18,26,80,32,82,100,99,1,91,15,66,122,129" hai2="24,124,38,104,9,68,55,95,106,31,61,10,121" hai3="96,71,120,93,8,85,30,6,78,77,64,11,109"/><W56/><G120/><T50/><D108/><U117/><E122/><V128/><F38/><W74/><G74/><T110/><D57/><U62/><E129/><V105/><F128/><W114/><G114/><T103/><D110/><U63/><E117/><V118/><F118/><W14/><G109/><T60/><D60/><U115/><E115/><V29/><F124/><W111/><G71/><T51/><D72/><U97/><E1/><V84/><F31/><W119/><G111/><T83/><D103/><U131/><E131/><V58/><F68/><W52/><G64/><T23/><D51/><U75/><E75/><V69/><F69/><W134/><G134/><T25/><D25/><U4/><E4/><V67/><F55/><AGARI ba="0,0" hai="12,16,23,44,50,55,79,83,87,88,89,132,133,135" machi="55" ten="40,5200,0" yaku="20,1,54,2" doraHai="65" who="0" fromWho="2" sc="330,52,185,0,250,-52,235,0" owari="382,48.2,185,-31.5,198,-20.2,235,3.5" /></mjloggm>