<mjloggm ver="2.3"><GO type="225" lobby="0"/><UN n0="%33%74%72%65%65" n1="%E3%83%A9%E3%82%B9%E7%8E%87%EF%BC%93%E5%89%B2" n2="%E4%BF%BA%E3%81%A8%E5%A6%96%E5%A4%A2" n3="%E5%A4%8F%E9%88%B4%E9%88%B4%E5%A4%8F" dan="17,16,16,16" rate="2181.11,2144.68,2190.12,2131.20" sx="F,F,F,F"/><TAIKYOKU oya="0"/><INIT seed="0,0,0,3,3,60" ten="250,250,250,250" oya="0" hai0="83,33,108,117,31,63,29,122,111,16,105,73,64" hai1="95,101,30,118,133,71,3,79,12,75,27,89,19" hai2="106,21,42,110,32,88,91,121,124,92,1,52,94" hai3="9,74,53,15,2,46,113,120,18,38,50,22,70"/><T115/><D115/><U13/><E3/><V129/><F32/><W25/><G113/><T85/><D117/><U48/><E71/><V126/><F106/><W103/><G74/><T4/><D122/><U99/><E118/><V8/><F121/><W96/><G70/><T56/><D73/><U82/><E133/><V67/><F110/><N who="0" m="42026" /><D33/><U66/><E66/><V93/><F129/><W131/><G131/><T35/><D35/><U41/><E41/><V10/><F42/><W65/><G65/><T98/><D4/><U34/><E48/><V80/><F67/><W5/><G38/><T84/><D84/><U100/><REACH who="1" step="1"/><E13/><REACH who="1" ten="250,240,250,250" step="2"/><V127/><F1/><W40/><G120/><T17/><D105/><U51/><E51/><V45/><F124/><W76/><G40/><T116/><D116/><U57/><E57/><V47/><F126/><W87/><G2/><T78/><D98/><U36/><E36/><V119/><F127/><W135/><G135/><T59/><D59/><U54/><E54/><V7/><F119/><W49/><G50/><T0/><D0/><U61/><E61/><V39/><F39/><W24/><G96/><T14/><D14/><U90/><E90/><V134/><F134/><W107/><G107/><T28/><AGARI ba="0,1" hai="16,17,28,29,31,56,63,64,78,83,85" m="42026" machi="28" ten="30,11700,0" yaku="14,1,10,1,52,1,54,1" doraHai="60" who="0" fromWho="0" sc="250,127,240,-39,250,-39,250,-39" /><INIT seed="0,1,0,4,4,115" ten="377,201,211,211" oya="0" hai0="103,60,63,30,82,55,123,88,21,110,57,135,33" hai1="70,73,39,105,132,97,118,111,52,107,67,43,87" hai2="134,6,37,13,117,108,101,2,3,89,102,122,35" hai3="53,68,85,94,9,5,51,125,36,121,7,93,34"/><T50/><D123/><U80/><E73/><V25/><F122/><W31/><G121/><T79/><D110/><U45/><E111/><V130/><F108/><W41/><G68/><T98/><D135/><U44/><E132/><V78/><F134/><W4/><G125/><T54/><D33/><U15/><E118/><V128/><F37/><W100/><G9/><T27/><D55/><U18/><E97/><V113/><F78/><W86/><G41/><T99/><D99/><U14/><E67/><V76/><F76/><W28/><G36/><T126/><D88/><N who="1" m="51303" /><E15/><V62/><F113/><W47/><G34/><T40/><D40/><U109/><E70/><V129/><F89/><N who="3" m="53423" /><G86/><T127/><D127/><U75/><E75/><V38/><F38/><W12/><G12/><T95/><D126/><U49/><E109/><V64/><F117/><W65/><G65/><T24/><D24/><U26/><E26/><V23/><F35/><W124/><G124/><T8/><D8/><AGARI ba="1,0" hai="8,14,18,39,43,44,45,49,52,105,107" m="51303" machi="8" ten="30,3900,0" yaku="25,1,54,2" doraHai="115" who="1" fromWho="0" sc="377,-42,201,42,211,0,211,0" /><INIT seed="1,0,0,4,2,97" ten="335,243,211,211" oya="1" hai0="26,91,125,111,54,105,130,56,83,58,17,118,72" hai1="134,4,55,24,16,110,98,82,28,65,32,43,67" hai2="35,0,117,101,15,38,20,86,66,135,81,57,71" hai3="6,114,22,132,40,11,9,41,14,77,18,50,128"/><U92/><E134/><V10/><F117/><W94/><G114/><T47/><D118/><U90/><E4/><V96/><F35/><W99/><G132/><T70/><D70/><U68/><E68/><V85/><F71/><W30/><G128/><T19/><D130/><U2/><E2/><V25/><F0/><W113/><G113/><T31/><D111/><U13/><E110/><V3/><F3/><W52/><G77/><T78/><D125/><U80/><E55/><V5/><F38/><W74/><G74/><T75/><D75/><U46/><E67/><V131/><F135/><W108/><G30/><T21/><D105/><U104/><E65/><V49/><F131/><W64/><G64/><T60/><D56/><U89/><E89/><V123/><F123/><W36/><G36/><T109/><D109/><U100/><E90/><V115/><F81/><W29/><G29/><T95/><REACH who="0" step="1"/><D47/><REACH who="0" ten="325,243,211,211" step="2"/><U103/><E104/><V59/><F59/><N who="3" m="33175" /><G108/><T133/><D133/><U51/><REACH who="1" step="1"/><E103/><REACH who="1" ten="325,233,211,211" step="2"/><V8/><F115/><W129/><G129/><T27/><D27/><U79/><E79/><V39/><F25/><N who="3" m="14551" /><G9/><AGARI ba="0,2" hai="9,13,16,24,28,32,43,46,51,80,82,92,98,100" machi="9" ten="30,11600,0" yaku="1,1,7,1,52,1,54,1,53,0" doraHai="97" doraHaiUra="102" who="1" fromWho="3" sc="325,0,233,136,211,0,211,-116" /><INIT seed="1,1,0,2,4,29" ten="325,369,211,95" oya="1" hai0="132,58,38,124,81,107,129,63,25,105,59,54,44" hai1="127,35,101,24,97,39,88,123,45,26,70,56,126" hai2="42,91,90,6,0,111,96,19,48,21,8,46,118" hai3="18,27,134,71,37,94,62,14,87,98,86,131,113"/><U130/><E70/><V77/><F118/><W17/><G113/><T121/><D132/><U41/><E123/><V82/><F111/><W57/><G134/><T128/><D124/><N who="1" m="47659" /><E130/><N who="0" m="50281" /><D121/><U36/><E56/><V1/><F1/><W55/><G131/><T83/><D25/><N who="1" m="9835" /><E88/><V75/><REACH who="2" step="1"/><F96/><REACH who="2" ten="325,369,201,95" step="2"/><W20/><G37/><T115/><D115/><U112/><E112/><V11/><F11/><W74/><G74/><T68/><D68/><U92/><E39/><V104/><F104/><W9/><REACH who="3" step="1"/><G71/><REACH who="3" ten="325,369,201,85" step="2"/><T30/><D38/><U110/><E110/><V78/><F78/><W119/><G119/><T120/><D120/><U99/><E99/><V3/><F3/><W73/><G73/><T80/><D105/><U16/><E36/><V122/><F122/><W95/><G95/><T33/><D107/><U72/><E72/><V76/><F76/><W7/><G7/><T135/><D135/><U34/><E92/><V133/><F133/><W28/><G28/><T53/><D30/><U4/><E4/><V108/><F108/><W23/><G23/><T50/><D81/><U103/><E97/><V66/><F66/><W60/><G60/><T52/><D83/><U69/><E69/><V85/><F85/><W47/><G47/><T89/><D80/><U65/><E65/><V13/><AGARI ba="1,2" hai="0,6,8,13,19,21,42,46,48,75,77,82,90,91" machi="13" ten="20,8000,1" yaku="1,1,0,1,7,1,53,2" doraHai="29" doraHaiUra="84" who="2" fromWho="2" sc="325,-21,369,-41,201,103,85,-21" /><INIT seed="2,0,0,5,3,61" ten="304,328,304,64" oya="2" hai0="42,124,31,116,52,4,28,135,54,37,127,104,33" hai1="129,71,68,55,132,100,70,93,58,35,115,40,49" hai2="88,95,106,87,3,22,62,122,44,77,79,47,50" hai3="65,110,120,2,123,38,73,133,17,125,76,9,43"/><V121/><F3/><W119/><G119/><T60/><D116/><U66/><E35/><V113/><F113/><W69/><G110/><T19/><D135/><U86/><E115/><V21/><F106/><W83/><G17/><T36/><D104/><U105/><E105/><V14/><F121/><W57/><G57/><N who="0" m="34855" /><D42/><U118/><E118/><V8/><F122/><W82/><G82/><T94/><D4/><U51/><E132/><V92/><F92/><W16/><G16/><T130/><D130/><U72/><E72/><V11/><F62/><N who="3" m="40119" /><G125/><N who="0" m="48203" /><D54/><U18/><E129/><V97/><F87/><W12/><G12/><T80/><D80/><U59/><E18/><N who="2" m="10455" /><F22/><W64/><G64/><T41/><D41/><U84/><E40/><N who="2" m="24839" /><F47/><N who="3" m="24055" /><G133/><T107/><D19/><U63/><REACH who="1" step="1"/><E51/><REACH who="1" ten="304,318,304,64" step="2"/><V39/><F39/><W46/><G46/><T27/><D37/><U25/><E25/><V101/><F8/><W30/><G30/><T75/><D31/><U128/><E128/><V26/><F11/><W0/><G0/><T6/><D28/><U131/><E131/><V74/><F74/><W89/><G9/><T53/><D75/><U15/><E15/><V10/><F10/><W56/><G2/><T13/><D13/><U45/><E45/><V1/><F1/><W67/><G123/><T102/><D107/><U117/><E117/><V91/><F26/><W98/><G120/><T90/><D27/><U112/><E112/><V23/><F23/><W99/><G73/><T78/><D36/><U20/><E20/><V34/><F34/><W103/><G56/><T24/><D24/><U96/><AGARI ba="0,1" hai="49,55,58,59,63,66,68,70,71,84,86,93,96,100" machi="96" ten="40,12000,2" yaku="1,1,5,1,0,1,52,1,53,2" doraHai="61" doraHaiUra="81" who="1" fromWho="1" sc="304,-30,318,130,304,-60,64,-30" /><INIT seed="3,0,0,5,0,115" ten="274,448,244,34" oya="3" hai0="124,92,106,77,47,53,0,96,69,122,63,87,66" hai1="123,101,81,132,100,129,59,60,7,71,56,5,34" hai2="84,13,8,110,44,25,31,104,30,72,95,20,91" hai3="126,90,22,74,49,112,27,68,52,73,121,55,28"/><W21/><G112/><T125/><D122/><U134/><E34/><V36/><F110/><W85/><G126/><N who="0" m="48747" /><D0/><U78/><E129/><V79/><F104/><W29/><G121/><T61/><D106/><U54/><E71/><V109/><F109/><W107/><G107/><T4/><D4/><N who="1" m="1611" /><E59/><V133/><F133/><N who="1" m="51305" /><E123/><V130/><F130/><W128/><G68/><T32/><D32/><U18/><E18/><V17/><F31/><W46/><G55/><T23/><D23/><U16/><E16/><V70/><F70/><W83/><REACH who="3" step="1"/><G128/><REACH who="3" ten="274,448,244,24" step="2"/><T82/><D69/><U11/><E11/><V15/><F8/><W39/><G39/><T64/><D64/><U131/><E131/><V51/><F36/><W40/><G40/><T98/><D66/><U37/><E37/><V43/><F30/><W35/><G35/><T33/><D33/><U86/><AGARI ba="0,1" hai="54,56,60,78,81,86,100,101" m="51305,1611" machi="86" ten="30,1100,0" yaku="20,1" doraHai="115" who="1" fromWho="1" sc="274,-3,448,21,244,-3,24,-5" owari="271,7.1,469,56.9,241,-15.9,19,-48.1" /></mjloggm>