<mjloggm ver="2.3"><GO type="225" lobby="0"/><UN n0="%70%68%65%6E%6F%6D%65" n1="%E3%81%8B%E3%82%8F%E3%81%A1%E3%82%83%E3%82%93%35%38" n2="%E3%80%93%E3%81%97%E3%83%BC%E3%82%89%E3%80%93" n3="%E3%83%A9%E3%83%BC%E3%83%A1%E3%83%B3%E4%BA%94%E9%83%8E" dan="16,16,16,16" rate="2141.25,2177.79,2204.02,2094.94" sx="M,M,M,M"/><TAIKYOKU oya="0"/><INIT seed="0,0,0,5,0,50" ten="250,250,250,250" oya="0" hai0="39,132,45,107,101,92,49,110,3,135,7,102,90" hai1="120,121,131,6,99,51,88,82,22,78,53,41,69" hai2="47,60,67,123,116,74,31,21,72,105,115,40,114" hai3="97,52,55,63,83,119,33,13,11,65,70,124,57"/><T106/><D39/><U126/><E69/><V103/><F123/><W24/><G119/><T93/><D7/><U104/><E131/><V134/><F116/><W0/><G0/><T85/><D3/><U100/><E126/><V95/><F105/><N who="0" m="39946" /><D49/><U86/><E6/><V75/><F134/><N who="0" m="51242" /><D45/><U68/><E68/><V14/><F95/><N who="0" m="36426" /><D110/><U127/><E127/><V94/><F94/><AGARI ba="0,0" hai="85,90,94,101,102" m="36426,51242,39946" machi="94" ten="30,5800,0" yaku="20,1,34,2" doraHai="50" who="0" fromWho="2" sc="250,58,250,0,250,-58,250,0" /><INIT seed="0,1,0,5,1,73" ten="308,250,192,250" oya="0" hai0="60,77,102,18,131,37,28,129,83,81,85,20,104" hai1="27,111,80,48,118,24,44,76,64,51,105,121,1" hai2="15,98,91,33,89,32,52,71,10,107,9,120,115" hai3="3,66,50,23,113,108,53,94,47,123,21,103,17"/><T25/><D37/><U34/><E118/><V61/><F115/><W5/><G113/><T116/><D116/><U14/><E121/><V86/><F120/><W109/><G123/><T130/><D60/><U65/><E1/><V96/><F71/><W67/><G5/><T125/><D125/><U35/><E105/><V132/><F107/><W62/><G3/><T74/><D104/><U122/><E122/><V88/><F86/><W13/><G23/><T100/><REACH who="0" step="1"/><D28/><REACH who="0" ten="298,250,192,250" step="2"/><U114/><E114/><V22/><F132/><W43/><G62/><T127/><D127/><U119/><E119/><V92/><F33/><W69/><G109/><T0/><D0/><U135/><E111/><V70/><F32/><W79/><G108/><T16/><D16/><U93/><E34/><V75/><F70/><W26/><G69/><T12/><D12/><U46/><E35/><V29/><F96/><N who="3" m="59799" /><G13/><T124/><D124/><U40/><E14/><V42/><F10/><W78/><G43/><T95/><D95/><U39/><E39/><V56/><F42/><W82/><G82/><T133/><D133/><U38/><E38/><V55/><F55/><W49/><G50/><T128/><N who="0" m="32768" /><DORA hai="72" /><T2/><D2/><U30/><E135/><V59/><F29/><W11/><G17/><T117/><D117/><U68/><E68/><V90/><F9/><W84/><G11/><T106/><D106/><U58/><E30/><V31/><F31/><W45/><G53/><T36/><D36/><U101/><E40/><V134/><F134/><W126/><G126/><T99/><D99/><N who="1" m="59631" /><E80/><V87/><F15/><RYUUKYOKU ba="1,1" sc="298,30,250,-10,192,-10,250,-10" hai0="18,20,25,74,77,81,83,85,100,102" /><INIT seed="0,2,1,4,3,67" ten="328,240,182,240" oya="0" hai0="123,90,64,129,38,78,126,118,98,2,81,121,30" hai1="6,101,105,47,28,104,108,87,73,4,51,13,37" hai2="3,103,72,83,86,94,77,29,18,42,130,15,11" hai3="79,114,35,69,24,133,111,85,116,52,12,93,63"/><T1/><D118/><U57/><E73/><V44/><F130/><W107/><G114/><T113/><D38/><U60/><E37/><V134/><F134/><W21/><G116/><T99/><D113/><U40/><E108/><V53/><F29/><W55/><G107/><T97/><D129/><U22/><E104/><V75/><F3/><W16/><G111/><T61/><D126/><U132/><E132/><V33/><F33/><W39/><G39/><T74/><D30/><U58/><E105/><V127/><F127/><W128/><G128/><T112/><D90/><U7/><E101/><V48/><F103/><W46/><G133/><T135/><D112/><U65/><E87/><V84/><F94/><W122/><G122/><T88/><D88/><U14/><REACH who="1" step="1"/><E57/><REACH who="1" ten="328,230,182,240" step="2"/><V9/><F75/><W89/><G85/><T76/><D135/><U54/><E54/><V49/><REACH who="2" step="1"/><F9/><REACH who="2" ten="328,230,172,240" step="2"/><W131/><G131/><T31/><D74/><U109/><E109/><V50/><F50/><W71/><G63/><T43/><D121/><U25/><AGARI ba="2,3" hai="4,6,7,13,14,22,25,28,40,47,51,58,60,65" machi="25" ten="30,8000,1" yaku="1,1,0,1,8,1,53,2" doraHai="67" doraHaiUra="8" who="1" fromWho="1" sc="328,-42,230,116,172,-22,240,-22" /><INIT seed="1,0,0,5,3,57" ten="286,346,150,218" oya="1" hai0="40,34,105,64,51,120,102,97,9,124,48,66,27" hai1="6,47,112,41,12,93,33,4,56,38,92,1,98" hai2="44,90,14,58,94,31,67,133,129,29,91,0,8" hai3="15,73,26,88,10,11,119,75,17,55,65,35,125"/><U89/><E112/><V110/><F0/><W127/><G119/><T22/><D124/><N who="3" m="47689" /><G65/><T21/><D120/><U132/><E132/><V107/><F107/><W42/><G42/><T52/><D34/><U79/><E33/><V3/><F3/><W114/><G114/><T46/><D9/><U19/><E1/><V117/><F133/><W134/><G134/><T108/><D21/><U81/><E92/><V71/><F71/><W36/><G36/><T122/><D108/><U49/><E38/><V96/><F117/><W68/><G68/><T59/><REACH who="0" step="1"/><D122/><REACH who="0" ten="276,346,150,218" step="2"/><U76/><E4/><V135/><F135/><W77/><G10/><T99/><D99/><U113/><E6/><V7/><F110/><W23/><G35/><T101/><D101/><U43/><E113/><V39/><F129/><W45/><G11/><T103/><D103/><U116/><E116/><V16/><F7/><W131/><G131/><T25/><D25/><U32/><E32/><V106/><F106/><W24/><G24/><T30/><AGARI ba="0,1" hai="22,27,30,40,46,48,51,52,59,64,66,97,102,105" machi="30" ten="20,5200,0" yaku="1,1,0,1,7,1,54,1,53,0" doraHai="57" doraHaiUra="109" who="0" fromWho="0" sc="276,62,346,-26,150,-13,218,-13" /><INIT seed="2,0,0,2,0,118" ten="338,320,137,205" oya="2" hai0="4,70,101,63,2,6,47,59,106,30,46,85,60" hai1="97,15,57,130,128,117,36,33,100,56,122,3,114" hai2="35,66,78,27,21,17,11,94,120,55,93,28,96" hai3="51,129,91,50,131,54,62,71,9,80,45,53,12"/><V82/><F66/><N who="3" m="41431" /><G80/><T89/><D70/><U16/><E117/><V64/><F64/><W124/><G91/><T31/><D106/><N who="1" m="63759" /><E114/><V73/><F55/><N who="3" m="30159" /><G12/><T104/><D104/><U102/><E36/><V133/><F133/><W95/><G95/><T52/><D101/><U19/><E3/><V134/><F134/><W32/><G9/><T123/><D63/><U99/><E33/><V49/><F49/><W14/><G14/><T25/><D2/><U39/><E39/><V18/><F120/><W112/><G32/><T81/><D123/><U109/><E122/><V132/><F132/><W1/><G1/><T75/><D75/><U77/><E77/><V79/><F79/><W108/><G112/><T116/><D31/><U127/><E109/><V76/><F76/><W41/><G108/><T7/><REACH who="0" step="1"/><D116/><REACH who="0" ten="328,320,137,205" step="2"/><U88/><E102/><V105/><F105/><W26/><G124/><T90/><D90/><U65/><E127/><V68/><F68/><W67/><G131/><N who="1" m="50218" /><E65/><V58/><F96/><W34/><G67/><T119/><D119/><U84/><E99/><V110/><F110/><W121/><G129/><T126/><D126/><U8/><E19/><V107/><F107/><W115/><G121/><T38/><D38/><U10/><E10/><V43/><F11/><W61/><G115/><T5/><N who="0" m="1024" /><DORA hai="42" /><T87/><D87/><U0/><E0/><V69/><F17/><W83/><G61/><T113/><D113/><U125/><E125/><V40/><F69/><W72/><G72/><T44/><D44/><U86/><E86/><V92/><F58/><W48/><G48/><RYUUKYOKU ba="0,1" sc="328,10,320,10,137,10,205,-30" hai0="25,30,46,47,52,59,60,81,85,89" hai1="8,15,16,56,57,84,88" hai2="18,21,27,28,35,40,43,73,78,82,92,93,94" /><INIT seed="2,1,1,0,3,78" ten="338,330,147,175" oya="2" hai0="22,88,33,114,7,43,95,62,94,6,130,42,80" hai1="15,27,125,103,85,97,120,134,132,14,60,50,126" hai2="18,72,21,128,76,9,20,53,32,83,104,36,121" hai3="48,86,123,51,41,49,69,12,55,16,81,35,93"/><V11/><F32/><W135/><G123/><T91/><D33/><U116/><E116/><V67/><F121/><W46/><G35/><T40/><D114/><U117/><E117/><V10/><F128/><W131/><G69/><T66/><D130/><U87/><E27/><V98/><F36/><W17/><G131/><T90/><D22/><U3/><E3/><V23/><F67/><W109/><G109/><T31/><D31/><U84/><E50/><N who="3" m="19562" /><G135/><N who="1" m="51754" /><E60/><V45/><F45/><W79/><G93/><N who="0" m="35339" /><D80/><U37/><E37/><V110/><F53/><W58/><G12/><N who="1" m="4650" /><E120/><V92/><F110/><W122/><G122/><T115/><D115/><U101/><E97/><V111/><F111/><W13/><G13/><T99/><D99/><U113/><E113/><V71/><F71/><W119/><G119/><T1/><D1/><U96/><E96/><V38/><F38/><W61/><AGARI ba="1,1" hai="16,17,41,46,51,55,58,61,79,81,86" m="19562" machi="61" ten="30,4000,0" yaku="8,1,52,1,54,1" doraHai="78" who="3" fromWho="3" sc="338,-11,330,-11,147,-21,175,53" /><INIT seed="3,0,0,0,5,36" ten="327,319,126,228" oya="3" hai0="28,56,100,113,40,87,84,117,12,23,25,13,135" hai1="99,60,112,108,81,79,52,42,7,26,37,124,29" hai2="103,92,118,20,21,30,70,68,120,133,96,74,82" hai3="94,11,44,129,3,65,123,53,88,45,105,97,32"/><W15/><G123/><T47/><D117/><U119/><E112/><V76/><F118/><W107/><G32/><T16/><D113/><U90/><E119/><V5/><F120/><W63/><G3/><T50/><D135/><U51/><E37/><V98/><F133/><W24/><G129/><T33/><D100/><U109/><E124/><V17/><F5/><W80/><G24/><T1/><D1/><U125/><E125/><V61/><F30/><W64/><G80/><T34/><D33/><U69/><E7/><V127/><F127/><W48/><G44/><T49/><D13/><U57/><E99/><V102/><F61/><W46/><G46/><T2/><D2/><U41/><E90/><V115/><F115/><W126/><G126/><T67/><D67/><N who="1" m="41191" /><E26/><V116/><F116/><W114/><G114/><T10/><D34/><U78/><E29/><V14/><REACH who="2" step="1"/><F21/><REACH who="2" ten="327,319,116,228" step="2"/><W85/><G63/><T38/><D28/><U77/><E81/><V18/><F18/><N who="3" m="8575" /><G107/><AGARI ba="0,1" hai="14,17,20,68,70,74,76,82,92,96,98,102,103,107" machi="107" ten="30,2000,0" yaku="1,1,7,1,53,0" doraHai="36" doraHaiUra="83" who="2" fromWho="3" sc="327,0,319,0,116,30,228,-20" owari="327,42.7,319,11.9,146,-35.4,208,-19.2" /></mjloggm>