<mjloggm ver="2.3"><GO type="225" lobby="0"/><UN n0="%E5%BA%84%E5%8F%B8%E5%81%A5%E5%A4%AA%E6%9C%97" n1="%E6%9D%B1%E9%A2%A8%E3%81%AE%E3%81%8D%E3%82%83%E3%81%B7%E3%81%95%E3%82%93" n2="%E5%B0%8F%E9%B3%A5%E9%81%8A%E7%B7%B4%E7%84%A1%32%31%E6%AD%B3" n3="%E3%81%A1%E3%82%83%E3%81%93%E3%81%93" dan="16,16,17,16" rate="2114.67,2185.53,2166.37,2153.07" sx="M,M,F,F"/><TAIKYOKU oya="0"/><INIT seed="0,0,0,5,3,66" ten="250,250,250,250" oya="0" hai0="76,131,13,62,33,86,113,69,75,106,60,6,116" hai1="15,54,74,53,121,129,28,89,47,122,81,93,45" hai2="38,118,11,128,94,91,125,87,117,29,96,126,108" hai3="27,56,37,88,34,41,31,73,115,105,21,36,77"/><T23/><D113/><U30/><E129/><V39/><F29/><W102/><G115/><T9/><D116/><N who="2" m="44650" /><F11/><W42/><G37/><T26/><D106/><U18/><E74/><V5/><F5/><W134/><G134/><T17/><D75/><U12/><E81/><N who="2" m="49647" /><F38/><W123/><G123/><T16/><D131/><U72/><E72/><V110/><F39/><W97/><G36/><T80/><D69/><U59/><E89/><N who="2" m="55375" /><F128/><W8/><G8/><T0/><D17/><U98/><E18/><V14/><F14/><W3/><G3/><T46/><D46/><U10/><E10/><V78/><F78/><W70/><G56/><T68/><D68/><U57/><REACH who="1" step="1"/><E98/><REACH who="1" ten="250,240,250,250" step="2"/><V130/><F130/><W24/><G77/><T84/><D86/><U100/><E100/><V114/><F114/><W104/><G73/><T107/><D107/><U63/><E63/><V79/><F79/><W7/><G105/><T83/><D80/><U103/><E103/><V20/><F20/><W65/><G88/><T51/><D51/><U101/><E101/><V124/><AGARI ba="0,1" hai="108,110,124,125,126" m="55375,49647,44650" machi="124" ten="40,8000,1" yaku="18,1,12,1,34,2" doraHai="66" who="2" fromWho="2" sc="250,-40,240,-20,250,90,250,-20" /><INIT seed="1,0,0,1,3,52" ten="210,220,340,230" oya="1" hai0="2,16,78,58,106,6,88,135,115,112,121,134,9" hai1="81,46,54,118,86,131,108,83,126,129,90,111,122" hai2="60,53,45,27,33,120,96,94,123,85,23,25,82" hai3="130,133,119,84,101,30,55,75,5,114,11,35,102"/><U67/><E67/><V116/><F33/><W65/><G75/><T43/><D121/><U80/><E122/><V113/><F116/><W49/><G114/><N who="0" m="43563" /><D106/><U68/><E68/><V1/><F1/><W109/><G109/><N who="1" m="42058" /><E118/><V87/><F113/><W3/><G119/><T70/><D70/><U51/><E126/><V77/><F87/><W36/><G36/><T57/><D78/><U48/><E48/><V40/><F40/><W95/><G65/><T12/><D43/><U72/><E72/><V104/><F104/><W47/><G130/><AGARI ba="0,0" hai="46,51,54,80,81,83,86,90,129,130,131" m="42058" machi="130" ten="30,5800,0" yaku="19,1,14,1,10,1" doraHai="52" who="1" fromWho="3" sc="210,0,220,58,340,0,230,-58" /><INIT seed="1,1,0,1,2,63" ten="210,278,340,172" oya="1" hai0="103,131,107,132,100,101,21,35,77,82,36,116,42" hai1="99,104,17,56,134,44,74,5,59,18,80,34,126" hai2="75,16,65,50,88,46,102,12,117,76,72,13,114" hai3="25,11,48,54,31,24,39,22,73,64,68,26,8"/><U91/><E34/><V20/><F117/><W7/><G73/><T27/><D116/><U111/><E5/><V133/><F133/><W125/><G39/><T52/><D131/><U106/><E134/><V30/><F30/><W33/><G125/><T113/><D113/><U57/><E126/><V115/><F102/><W78/><G78/><T86/><D35/><U93/><E111/><V37/><F37/><W4/><G25/><T112/><D112/><N who="2" m="43050" /><F12/><W122/><G122/><T49/><D132/><U32/><E44/><V97/><F65/><W85/><G85/><T130/><D130/><U1/><E1/><V41/><F76/><W110/><G110/><T92/><D107/><U120/><E32/><V38/><F38/><W129/><G129/><T0/><D0/><U83/><E120/><V121/><F121/><W23/><G33/><T84/><D42/><U124/><E124/><V119/><F119/><W15/><G68/><T45/><D36/><U89/><E74/><V69/><F69/><W71/><G71/><T123/><D123/><U95/><REACH who="1" step="1"/><E57/><REACH who="1" ten="210,268,340,172" step="2"/><V135/><F135/><W40/><G4/><T96/><REACH who="0" step="1"/><D86/><REACH who="0" ten="200,268,340,172" step="2"/><U109/><E109/><V105/><F75/><W87/><G87/><T81/><D81/><U55/><E55/><V90/><F72/><W60/><G54/><T3/><D3/><U6/><E6/><V29/><F41/><W47/><G7/><T14/><D14/><U67/><E67/><V62/><F105/><W128/><G15/><T98/><D98/><AGARI ba="1,2" hai="17,18,56,59,80,83,89,91,93,95,98,99,104,106" machi="98" ten="25,4800,0" yaku="1,1,22,2,53,0" doraHai="63" doraHaiUra="58" who="1" fromWho="0" sc="200,-51,268,71,340,0,172,0" /><INIT seed="1,2,0,3,3,80" ten="149,339,340,172" oya="1" hai0="12,6,75,95,5,41,106,73,3,60,7,22,25" hai1="110,69,122,55,38,87,79,10,74,77,124,135,33" hai2="83,103,101,59,58,54,120,111,45,50,100,134,117" hai3="118,98,113,85,76,88,23,15,132,133,30,2,70"/><U49/><E69/><V119/><F120/><W72/><G113/><T108/><D106/><U17/><E38/><V107/><F107/><W71/><G2/><T39/><D3/><U67/><E33/><V16/><F134/><N who="3" m="51819" /><G118/><T35/><D35/><U128/><E67/><V104/><F104/><W102/><G72/><T93/><D12/><U90/><E74/><V121/><F121/><W32/><G76/><T109/><D60/><U127/><E122/><V42/><F111/><N who="0" m="42570" /><D41/><U123/><E110/><V64/><F64/><W31/><G102/><T8/><D8/><U53/><E135/><V19/><F59/><W29/><G98/><T36/><D75/><U21/><E10/><V99/><F99/><W24/><G15/><T37/><D73/><U89/><E128/><V26/><F26/><N who="3" m="16607" /><G31/><AGARI ba="2,0" hai="5,6,7,22,25,31,36,37,39,93,95" m="42570" machi="31" ten="40,1300,0" yaku="14,1" doraHai="80" who="0" fromWho="3" sc="149,19,339,0,340,0,172,-19" /><INIT seed="2,0,0,0,3,12" ten="168,339,340,153" oya="2" hai0="130,95,107,53,81,89,56,0,15,118,55,8,119" hai1="102,22,40,59,29,65,63,87,19,111,50,52,85" hai2="30,103,125,106,62,5,79,134,128,73,9,108,23" hai3="46,78,83,93,35,25,97,11,32,36,104,4,26"/><V60/><F128/><W66/><G104/><T54/><D107/><U17/><E111/><V120/><F120/><W114/><G114/><T45/><D130/><U7/><E7/><V68/><F134/><W75/><G66/><T96/><D0/><U113/><E102/><V110/><F125/><W10/><G10/><T37/><D81/><U122/><E113/><V123/><F123/><W91/><G32/><T94/><D94/><U84/><E40/><V39/><F39/><W16/><G35/><T133/><D133/><U38/><E38/><V48/><F68/><W131/><G131/><T101/><D101/><U99/><E99/><N who="2" m="61823" /><F48/><W1/><REACH who="3" step="1"/><G16/><REACH who="3" ten="168,339,340,143" step="2"/><N who="0" m="8295" /><D37/><U112/><E112/><V57/><F30/><W127/><G127/><T43/><D45/><N who="1" m="27727" /><E122/><V28/><F28/><W33/><G33/><T24/><D24/><AGARI ba="0,1" hai="17,19,22,24,29,59,63,65,84,85,87" m="27727" machi="24" ten="30,7700,0" yaku="8,1,52,2,54,1" doraHai="12" who="1" fromWho="0" sc="168,-77,339,87,340,0,143,0" /><INIT seed="3,0,0,3,2,47" ten="91,426,340,143" oya="3" hai0="132,80,44,14,98,40,25,104,130,5,31,84,97" hai1="124,46,23,127,3,70,82,113,19,8,120,103,22" hai2="45,107,89,56,7,38,91,4,102,28,29,59,39" hai3="61,95,10,106,128,60,11,62,0,86,110,134,77"/><W6/><G128/><T58/><D132/><U126/><E70/><V83/><F107/><W51/><G106/><T30/><D130/><U76/><E103/><V24/><F83/><N who="3" m="47471" /><G0/><T100/><D98/><U53/><E113/><V16/><F24/><W99/><G134/><T81/><D58/><U94/><E94/><V18/><F45/><W122/><G122/><T88/><D80/><U43/><E53/><V41/><F102/><N who="3" m="60799" /><G110/><T21/><D31/><U42/><E120/><V52/><F41/><N who="1" m="15369" /><E46/><V9/><F9/><N who="3" m="3083" /><G6/><T13/><REACH who="0" step="1"/><D5/><REACH who="0" ten="81,426,340,143" step="2"/><N who="1" m="1087" /><E19/><V69/><F69/><W65/><G65/><T20/><D20/><U72/><AGARI ba="0,1" hai="22,23,72,76,82,124,126,127" m="1087,15369" machi="72" ten="40,1500,0" yaku="18,1" doraHai="47" who="1" fromWho="1" sc="81,-4,426,25,340,-4,143,-7" owari="77,-42.3,451,55.1,336,13.6,136,-26.4" /></mjloggm>