<mjloggm ver="2.3"><GO type="225" lobby="0"/><UN n0="%E3%82%A4%E3%83%BC%E3%82%B1%E3%83%97%E3%83%A9" n1="%E5%B6%BA%E4%B8%8A%E5%92%B2" n2="%E9%87%8E%E3%80%85%E5%AE%AE%E8%97%8D" n3="%E3%83%8F%E3%83%B3%E3%83%89%E3%83%A9%E3%83%BC%E3%83%BB%E3%83%AF%E3%83%B3" dan="17,16,16,17" rate="2215.79,2095.53,2165.05,2270.29" sx="M,F,F,M"/><TAIKYOKU oya="0"/><INIT seed="0,0,0,2,1,113" ten="250,250,250,250" oya="0" hai0="80,97,13,56,84,0,83,124,67,34,119,2,61" hai1="32,133,117,44,25,89,21,50,114,40,81,94,103" hai2="64,79,118,54,27,77,11,70,41,135,105,18,123" hai3="35,102,8,75,16,76,68,93,62,26,10,23,128"/><T46/><D34/><U127/><E32/><V65/><F123/><W49/><G128/><T125/><D97/><U53/><E133/><V92/><F105/><W42/><G35/><T122/><D122/><U59/><E127/><N who="0" m="48713" /><D46/><U4/><E4/><V95/><F135/><W29/><G75/><T87/><D13/><U58/><E114/><V1/><F1/><N who="0" m="618" /><D119/><U86/><E117/><V126/><F41/><W106/><G42/><T3/><N who="0" m="626" /><T6/><DORA hai="74" /><D6/><U43/><E43/><V91/><F70/><W130/><G68/><T131/><D131/><U37/><E37/><V60/><F118/><W48/><G130/><T120/><D120/><U30/><E40/><V134/><F134/><W57/><G106/><T73/><D83/><U104/><E104/><V28/><F126/><W31/><G8/><T78/><AGARI ba="0,0" hai="56,61,67,73,78,80,84,87" m="626,48713" machi="78" ten="50,4800,0" yaku="18,1,52,1" doraHai="113,74" who="0" fromWho="0" sc="250,48,250,-16,250,-16,250,-16" /><INIT seed="0,1,0,1,5,81" ten="298,234,234,234" oya="0" hai0="113,130,123,119,131,108,61,0,134,28,36,43,97" hai1="23,48,18,100,116,11,84,95,117,94,12,46,78" hai2="135,38,57,9,129,62,54,14,32,39,77,118,5" hai3="72,21,1,120,35,122,80,102,53,83,106,111,42"/><T70/><RYUUKYOKU type="yao9" ba="1,0" sc="298,0,234,0,234,0,234,0" hai0="0,28,36,43,61,70,97,108,113,119,123,130,131,134" /><INIT seed="0,2,0,2,0,117" ten="298,234,234,234" oya="0" hai0="29,75,88,70,61,128,80,76,31,74,118,56,2" hai1="57,0,12,67,23,5,27,71,24,120,49,33,134" hai2="87,68,44,40,37,52,32,135,42,105,130,132,19" hai3="89,55,62,39,86,60,59,13,11,30,53,15,103"/><T47/><D118/><U95/><E134/><N who="2" m="51243" /><F130/><W125/><G39/><T69/><D2/><U58/><E71/><V92/><F105/><W21/><G125/><T17/><D75/><U133/><E133/><V96/><F68/><W35/><G35/><T79/><D79/><U18/><E67/><V107/><F32/><W123/><G103/><T94/><D128/><U10/><E120/><V109/><F107/><W64/><G123/><T73/><D74/><U77/><E77/><V9/><F87/><W98/><G98/><T48/><D69/><U26/><E95/><V81/><F81/><W54/><G62/><T16/><D31/><U122/><E122/><V46/><F109/><W36/><G36/><T112/><D29/><U34/><E49/><N who="2" m="28711" /><F42/><W8/><G30/><T50/><D70/><U85/><E85/><V41/><F41/><W100/><G100/><T99/><D112/><U51/><E58/><V90/><F19/><N who="3" m="10479" /><G15/><T4/><D4/><U115/><E115/><V63/><F63/><W124/><G124/><T14/><D47/><U93/><E93/><AGARI ba="2,0" hai="8,11,53,54,55,59,60,64,86,89,93" m="10479" machi="93" ten="30,1000,0" yaku="8,1" doraHai="117" who="3" fromWho="1" sc="298,0,234,-16,234,0,234,16" /><INIT seed="1,0,0,3,5,87" ten="298,218,234,250" oya="1" hai0="2,29,105,33,113,133,98,60,90,127,47,16,30" hai1="27,42,23,19,28,56,124,134,22,110,6,1,96" hai2="63,31,95,77,125,57,100,68,104,88,10,129,61" hai3="32,128,48,49,108,132,93,94,114,80,38,9,135"/><U0/><E42/><V15/><F125/><W64/><G38/><T7/><D113/><U106/><E124/><V115/><F115/><W20/><G32/><T40/><D127/><U39/><E39/><V111/><F111/><W25/><G114/><T50/><D133/><N who="3" m="51273" /><G108/><T12/><D33/><U55/><E134/><V41/><F129/><W86/><G64/><T75/><D75/><U78/><E78/><V74/><F41/><W43/><G9/><T26/><D26/><U3/><E110/><V79/><F31/><N who="3" m="17831" /><G128/><T130/><D130/><U85/><E85/><N who="2" m="52623" /><F68/><W18/><G18/><T119/><D119/><U112/><E112/><V102/><F104/><W5/><G5/><T67/><D7/><U117/><E117/><V107/><F107/><W97/><G43/><T59/><D2/><U89/><E6/><N who="2" m="3543" /><F63/><W69/><G69/><T11/><D105/><U54/><E106/><V34/><F34/><W101/><G94/><AGARI ba="0,0" hai="11,12,16,29,30,40,47,50,59,60,67,90,94,98" machi="94" ten="40,5200,0" yaku="8,1,52,1,54,1" doraHai="87" who="0" fromWho="3" sc="298,52,218,0,234,0,250,-52" /><INIT seed="2,0,0,0,0,88" ten="350,218,234,198" oya="2" hai0="99,9,36,31,3,91,93,56,109,132,46,87,23" hai1="104,86,26,106,100,52,75,22,54,134,33,28,131" hai2="73,61,66,115,10,65,107,119,110,45,121,71,129" hai3="96,27,117,78,20,51,135,68,42,62,14,123,102"/><V57/><F73/><W64/><G117/><T112/><D112/><U39/><E75/><V38/><F107/><W13/><G123/><T90/><D109/><U12/><E39/><V44/><F10/><W59/><G78/><T94/><D132/><U81/><E134/><V32/><F32/><W77/><G77/><T0/><D9/><U48/><E131/><V17/><F17/><W80/><G80/><T60/><D36/><U89/><E100/><V85/><F85/><W120/><G120/><T63/><D46/><N who="2" m="18026" /><F115/><W15/><G135/><T55/><REACH who="0" step="1"/><D63/><REACH who="0" ten="340,218,234,198" step="2"/><U18/><E54/><V19/><F38/><W1/><G42/><T126/><D126/><U29/><E29/><V79/><F121/><W103/><G1/><T105/><D105/><U82/><E106/><V70/><F110/><W72/><G51/><T114/><D114/><U128/><E104/><V35/><F61/><W113/><G113/><T97/><D97/><U130/><E130/><V34/><F129/><W7/><G96/><T76/><D76/><U4/><E128/><V6/><F79/><W8/><G72/><T53/><D53/><U16/><E52/><V101/><F66/><W41/><G41/><T47/><D47/><U67/><E67/><V92/><F65/><W43/><G43/><T125/><D125/><U37/><E48/><V49/><F49/><W108/><G108/><T74/><D74/><U40/><E40/><V122/><F122/><W30/><G59/><T25/><AGARI ba="0,1" hai="0,3,23,25,31,55,56,60,87,90,91,93,94,99" machi="25" ten="30,8000,1" yaku="1,1,0,1,52,2,53,1" doraHai="88" doraHaiUra="21" who="0" fromWho="0" sc="340,90,218,-20,234,-40,198,-20" /><INIT seed="3,0,0,5,2,32" ten="430,198,194,178" oya="3" hai0="99,67,76,100,57,27,124,78,25,69,13,22,109" hai1="36,79,86,30,2,33,82,52,75,20,120,111,85" hai2="68,34,0,14,135,130,127,53,103,35,29,5,108" hai3="47,96,28,37,87,119,129,1,104,132,118,98,110"/><W50/><G37/><T102/><D69/><U8/><E36/><V61/><F103/><W94/><G129/><T122/><D109/><U45/><E120/><V43/><F43/><W26/><G132/><T56/><D122/><U112/><E112/><V51/><F0/><W54/><G110/><T80/><D124/><U39/><E111/><V134/><F108/><W128/><G128/><T73/><D78/><U72/><E72/><V15/><F127/><W44/><G1/><T23/><D102/><U92/><E33/><N who="2" m="12299" /><F29/><W114/><G114/><T81/><D81/><U17/><E30/><V91/><F91/><N who="3" m="53631" /><G104/><T10/><D23/><U55/><E92/><V106/><F5/><W74/><G74/><T93/><D67/><U9/><E9/><V88/><F88/><W58/><G119/><T38/><D27/><N who="1" m="14735" /><E86/><V77/><F77/><W24/><G118/><T83/><D83/><U40/><E85/><V116/><F106/><W19/><G28/><T131/><D38/><U4/><AGARI ba="0,0" hai="2,4,8,39,40,45,52,55,75,79,82" m="14735" machi="4" ten="30,4000,0" yaku="25,1,52,1,54,1" doraHai="32" who="1" fromWho="1" sc="430,-10,198,40,194,-10,178,-20" owari="420,52.0,238,3.8,184,-21.6,158,-34.2" /></mjloggm>