<mjloggm ver="2.3"><GO type="225" lobby="0"/><UN n0="%E3%83%81%E3%83%83%E3%82%BF%E3%82%BD%E3%83%BC" n1="%E6%98%93%E5%88%A9%E8%96%A9%E4%BC%AF" n2="%E3%81%A4%E3%81%A3%E3%81%B1%E3%82%8A%E3%83%9D%E3%83%BC%E3%83%AB" n3="%E6%9C%88%E5%B3%B6%E5%9F%BA" dan="16,17,17,17" rate="2203.46,2122.03,2211.18,2194.50" sx="F,F,M,M"/><TAIKYOKU oya="0"/><INIT seed="0,0,0,2,4,2" ten="250,250,250,250" oya="0" hai0="129,3,25,98,39,22,122,85,126,112,44,29,124" hai1="24,133,130,23,7,118,78,38,74,45,61,14,79" hai2="26,31,69,120,71,111,60,125,57,116,51,13,28" hai3="119,123,87,102,52,64,15,92,113,63,91,21,54"/><T104/><D122/><U11/><E118/><V1/><F1/><W4/><G119/><T30/><D112/><U67/><E130/><V83/><F116/><W80/><G113/><T93/><D129/><U62/><E133/><V19/><F120/><W81/><G123/><T27/><D3/><U108/><E108/><V8/><F111/><W76/><G102/><T35/><D85/><U73/><E74/><V37/><F37/><W12/><G81/><T134/><D134/><U20/><E20/><V33/><F125/><W65/><G15/><T41/><REACH who="0" step="1"/><D104/><REACH who="0" ten="240,250,250,250" step="2"/><U84/><E73/><V17/><F83/><W70/><G80/><T82/><D82/><U127/><E84/><V131/><F131/><W99/><G87/><T34/><D34/><U18/><E127/><V59/><F33/><W75/><G75/><T32/><D32/><U10/><E79/><V128/><F128/><W101/><G76/><T0/><D0/><U110/><E78/><V114/><F114/><W66/><G92/><T49/><D49/><U90/><E110/><V42/><F51/><W68/><G63/><T43/><D43/><U40/><E62/><V95/><F42/><W100/><G70/><T56/><D56/><N who="2" m="21578" /><F95/><N who="3" m="56831" /><G68/><T88/><AGARI ba="0,1" hai="22,25,27,29,30,35,39,41,44,88,93,98,124,126" machi="88" ten="30,6000,0" yaku="1,1,0,1,54,1,53,0" doraHai="2" doraHaiUra="121" who="0" fromWho="0" sc="240,70,250,-20,250,-20,250,-20" /><INIT seed="0,1,0,2,5,61" ten="310,230,230,230" oya="0" hai0="39,116,100,71,52,3,20,77,27,15,45,83,75" hai1="6,14,73,127,66,11,120,79,51,28,35,2,97" hai2="70,63,0,25,80,119,131,50,132,26,5,36,34" hai3="86,62,128,9,82,76,33,24,130,123,113,125,124"/><T126/><D126/><N who="3" m="48745" /><G113/><T135/><D116/><U88/><E127/><V121/><F121/><W1/><G123/><T115/><D135/><U4/><E120/><V21/><F132/><W109/><G109/><T57/><D115/><U108/><E108/><V104/><F36/><W40/><G40/><T117/><D117/><U53/><E79/><V22/><F104/><W60/><G33/><T18/><D3/><U67/><E73/><V106/><F106/><W112/><G24/><T13/><D71/><U12/><E35/><V68/><F26/><W133/><G112/><T111/><D111/><U72/><E72/><V99/><F25/><W84/><G84/><T17/><D100/><U91/><E28/><V44/><F34/><W32/><G32/><T69/><D69/><U65/><E97/><V56/><F99/><W102/><G102/><T30/><D30/><U55/><E2/><V81/><F119/><W58/><G133/><T48/><REACH who="0" step="1"/><D17/><REACH who="0" ten="300,230,230,230" step="2"/><U95/><E6/><V74/><F5/><W98/><G1/><T59/><D59/><U93/><E12/><V43/><F68/><W110/><G58/><T31/><D31/><U85/><E51/><V78/><F70/><W118/><G110/><T101/><D101/><U37/><E37/><V94/><F0/><W7/><G118/><T49/><D49/><U122/><E122/><V90/><F56/><W41/><G7/><T129/><D129/><U46/><E46/><V54/><F131/><W47/><G128/><T96/><D96/><U105/><E105/><V64/><F50/><N who="3" m="26991" /><G130/><T16/><D16/><U19/><E19/><RYUUKYOKU ba="1,1" sc="300,15,230,15,230,-15,230,-15" hai0="13,15,18,20,27,39,45,48,52,57,75,77,83" hai1="4,11,14,53,55,65,66,67,85,88,91,93,95" /><INIT seed="0,2,1,3,5,28" ten="315,245,215,215" oya="0" hai0="5,99,101,110,103,115,50,21,59,45,82,77,35" hai1="97,130,113,74,125,11,64,37,108,120,49,83,24" hai2="44,36,51,104,69,32,129,67,39,57,47,84,80" hai3="63,124,40,128,31,119,81,112,133,55,61,33,76"/><T27/><D115/><U8/><E37/><N who="2" m="14411" /><F104/><W4/><G112/><T88/><D35/><U9/><E120/><V10/><F10/><W17/><G119/><T118/><D118/><U100/><E113/><V23/><F23/><W86/><G128/><T48/><D5/><U121/><E121/><V111/><F84/><W16/><G124/><T34/><D34/><U12/><E108/><V92/><F92/><W102/><G40/><T117/><D117/><U70/><E125/><V106/><F80/><W68/><G133/><T38/><D38/><U62/><E130/><V13/><F13/><W65/><G4/><T0/><D0/><U29/><E49/><V107/><F32/><W54/><G102/><T135/><D135/><U41/><E41/><N who="2" m="24975" /><F129/><W131/><G131/><T116/><D116/><U18/><E83/><V73/><F73/><W85/><G85/><N who="0" m="48335" /><D110/><U109/><E74/><V22/><F111/><W78/><G78/><T46/><D88/><U42/><E42/><V58/><F69/><W93/><G93/><N who="0" m="58607" /><D103/><U53/><E109/><V19/><F106/><W72/><G72/><T94/><D94/><U105/><E53/><V56/><F107/><W90/><G55/><N who="0" m="32231" /><D50/><U7/><E7/><V25/><F67/><W79/><G79/><T132/><D132/><U6/><E6/><V20/><F47/><W52/><G76/><T14/><D14/><U114/><E114/><V91/><F91/><W75/><G75/><T1/><D1/><U127/><E127/><V3/><F3/><W2/><G2/><T134/><D134/><U95/><E95/><V123/><F123/><RYUUKYOKU ba="2,1" sc="315,10,245,10,215,10,215,-30" hai0="21,27,45,46" hai1="8,9,11,12,18,24,29,62,64,70,97,100,105" hai2="19,20,22,25,56,57,58" /><INIT seed="0,3,1,2,4,130" ten="325,255,225,185" oya="0" hai0="23,38,7,56,94,47,97,20,112,114,62,73,30" hai1="31,24,58,78,37,55,111,27,134,127,41,65,82" hai2="32,15,63,68,107,8,45,49,124,61,135,93,96" hai3="14,57,109,35,28,33,110,67,113,3,25,13,52"/><T46/><D73/><U74/><E111/><N who="3" m="42506" /><G113/><T44/><D38/><U19/><E127/><V95/><F124/><W9/><G67/><T1/><D1/><U118/><E118/><V104/><F68/><W89/><G89/><T12/><D112/><U121/><E121/><V115/><F115/><W77/><G77/><T48/><D114/><U86/><E65/><V72/><F72/><W90/><G90/><T116/><D48/><U99/><E99/><V39/><F96/><W51/><G35/><T18/><D116/><U10/><E74/><V119/><F32/><W106/><G106/><T131/><D131/><U132/><E41/><V100/><F104/><W26/><G26/><N who="0" m="16711" /><D7/><AGARI ba="3,1" hai="3,7,9,13,14,25,28,33,51,52,57" m="42506" machi="7" ten="30,2000,0" yaku="14,1,54,1" doraHai="130" who="3" fromWho="0" sc="325,-29,255,0,225,0,185,39" /><INIT seed="1,0,0,2,1,86" ten="296,255,225,224" oya="1" hai0="58,44,23,133,4,117,76,71,106,135,88,56,37" hai1="41,112,102,69,50,14,116,45,61,51,108,2,126" hai2="131,104,107,55,19,80,6,78,134,63,123,105,10" hai3="115,47,98,48,118,130,26,24,94,27,125,129,83"/><U91/><E112/><V52/><F123/><W60/><G115/><T87/><D117/><U120/><E2/><V9/><F134/><N who="0" m="51210" /><D71/><U65/><E116/><V53/><F131/><N who="3" m="50187" /><G118/><T36/><D106/><U3/><E3/><V49/><F63/><W82/><G60/><T42/><D76/><U100/><E120/><V128/><F128/><W15/><G15/><T57/><D4/><U38/><E126/><V81/><F49/><W85/><G85/><T103/><D103/><U110/><E14/><V54/><N who="2" m="13312" /><DORA hai="12" /><V30/><F30/><W29/><G125/><T74/><D74/><U90/><E100/><V70/><F70/><W16/><G29/><T109/><D109/><N who="1" m="42091" /><E102/><V32/><F32/><W1/><G1/><T132/><D132/><U21/><E21/><V31/><F31/><W111/><G111/><T124/><D23/><U13/><E13/><V40/><F10/><W95/><G95/><N who="0" m="54687" /><D124/><U92/><E92/><V75/><F81/><N who="3" m="30731" /><G94/><T67/><D67/><U59/><E69/><V33/><F33/><W68/><G68/><T62/><D62/><U66/><E66/><V22/><F9/><W5/><G98/><T20/><D20/><U39/><E51/><AGARI ba="0,0" hai="36,37,42,44,51,56,57,58" m="54687,51210" machi="51" ten="30,3900,0" yaku="20,1,52,1,54,1" doraHai="86,12" who="0" fromWho="1" sc="296,39,255,-39,225,0,224,0" /><INIT seed="2,0,0,4,4,110" ten="335,216,225,224" oya="2" hai0="111,7,124,118,25,66,19,49,93,126,79,102,131" hai1="57,20,84,59,14,56,28,101,135,54,87,104,31" hai2="43,64,89,68,40,41,92,50,90,133,132,24,58" hai3="113,35,45,62,3,15,39,123,53,71,129,81,95"/><V9/><F68/><W38/><G3/><T74/><D111/><U36/><E36/><N who="3" m="13866" /><G95/><T130/><D7/><U4/><E135/><N who="2" m="51787" /><F9/><W86/><G15/><T26/><D118/><U1/><E1/><V55/><F64/><N who="3" m="41367" /><G86/><T51/><D66/><U30/><E104/><V37/><F37/><W91/><G91/><N who="2" m="34825" /><F92/><W11/><G81/><N who="0" m="45303" /><D93/><U122/><E101/><V6/><F24/><N who="0" m="9322" /><D19/><N who="1" m="10359" /><E122/><V69/><F69/><W23/><G11/><T77/><D102/><U65/><E65/><V42/><N who="2" m="10240" /><DORA hai="21" /><V29/><F6/><W34/><G123/><T80/><D80/><U18/><E4/><V75/><F75/><W0/><G0/><T120/><D120/><U46/><E18/><V88/><N who="2" m="34833" /><V13/><DORA hai="33" /><F13/><W52/><G23/><T32/><D32/><U109/><E109/><V127/><F29/><W119/><G35/><T76/><D77/><U114/><E87/><V16/><F16/><W48/><G34/><T5/><D76/><U78/><E84/><V98/><F98/><W103/><G103/><T85/><D85/><U134/><E78/><V61/><F61/><W60/><G60/><T100/><D100/><U17/><E134/><V99/><F99/><W97/><G97/><T47/><D5/><U116/><E17/><V63/><F63/><W107/><G107/><T106/><D106/><U125/><E28/><V83/><F83/><W8/><G8/><T67/><D67/><U72/><E30/><V105/><F105/><W22/><G22/><T44/><D51/><U73/><E31/><V96/><F96/><W94/><G48/><T128/><D49/><RYUUKYOKU ba="0,0" sc="335,15,216,-15,225,15,224,-15" hai0="44,47,124,126,128,130,131" hai2="50,55,58,127" /><INIT seed="2,1,0,4,0,115" ten="350,201,240,209" oya="2" hai0="76,64,6,120,87,29,9,51,27,63,113,94,54" hai1="19,92,14,108,107,35,32,20,93,85,123,83,72" hai2="8,103,110,59,80,57,67,101,117,98,126,61,104" hai3="31,24,39,96,2,48,131,74,127,114,100,21,116"/><V79/><F117/><W134/><G114/><T52/><D113/><U0/><E0/><V119/><F119/><W132/><G39/><T33/><D120/><U78/><E108/><V111/><F126/><W135/><G74/><T60/><D64/><U70/><E70/><V37/><F37/><W90/><G116/><T45/><D54/><U17/><E107/><V82/><F103/><W71/><G71/><T23/><D33/><U66/><E66/><V7/><F59/><W4/><G90/><T12/><REACH who="0" step="1"/><D94/><REACH who="0" ten="340,201,240,209" step="2"/><U30/><E123/><V109/><F79/><W99/><G134/><T25/><D25/><U62/><E93/><V77/><F77/><W18/><G132/><T34/><D34/><U68/><E92/><V53/><F67/><W112/><G135/><T65/><D65/><U46/><E35/><V106/><F106/><W84/><G112/><T86/><D86/><U44/><E32/><V50/><F109/><W13/><G84/><T88/><D88/><U43/><E85/><V3/><F111/><W42/><G24/><T89/><D89/><U55/><E55/><V129/><F110/><W75/><G75/><T122/><D122/><U15/><E43/><V91/><F91/><W36/><G42/><T47/><D47/><U102/><E102/><V22/><F101/><W5/><G100/><T11/><D11/><N who="1" m="6367" /><E44/><V105/><F105/><W95/><G95/><T10/><D10/><N who="1" m="6647" /><E46/><V73/><F104/><W121/><G121/><T38/><D38/><U56/><E72/><V97/><F73/><W125/><G36/><T28/><D28/><U16/><E30/><RYUUKYOKU ba="1,1" sc="340,30,201,-10,240,-10,209,-10" hai0="6,9,12,23,27,29,45,51,52,60,63,76,87" /><INIT seed="3,2,1,1,5,25" ten="370,191,230,199" oya="3" hai0="118,126,45,1,28,90,120,79,51,5,3,74,38" hai1="14,87,13,82,10,68,134,95,0,35,92,20,83" hai2="119,57,96,54,21,103,8,18,58,53,122,101,9" hai3="60,91,12,133,73,32,24,131,89,61,27,117,65"/><W33/><G117/><T22/><D120/><U36/><E35/><V31/><F31/><W108/><G73/><T72/><D118/><U41/><E68/><V48/><F122/><W46/><G133/><T85/><D126/><U29/><E134/><V40/><F40/><W100/><G131/><T30/><D38/><U6/><E36/><V99/><F119/><W121/><G121/><T78/><D22/><U130/><E130/><V80/><F80/><W111/><G100/><N who="2" m="38473" /><F99/><W16/><G33/><T4/><D51/><U67/><E41/><V109/><F96/><W110/><G32/><T116/><D116/><U135/><E135/><V34/><F109/><W39/><G39/><T70/><D45/><U127/><E127/><V50/><F34/><W19/><G46/><T59/><D70/><U77/><E83/><V98/><F98/><W7/><G91/><T115/><D115/><U75/><E75/><V132/><F132/><W2/><G89/><T69/><D69/><U102/><E102/><V47/><F47/><W84/><G84/><T112/><D59/><U52/><E67/><V125/><F125/><W124/><G124/><T11/><D112/><U37/><E37/><V26/><AGARI ba="2,1" hai="8,9,18,21,26,48,50,53,54,57,58" m="38473" machi="26" ten="30,1100,0" yaku="8,1" doraHai="25" who="2" fromWho="2" sc="370,-5,191,-5,230,27,199,-7" owari="365,46.5,186,-31.4,257,5.7,192,-20.8" /></mjloggm>