<mjloggm ver="2.3"><GO type="225" lobby="0"/><UN n0="%4C%4F%4C%49%54%41" n1="%E3%81%8B%E3%82%8F%E3%81%A1%E3%82%83%E3%82%93%35%38" n2="%E6%98%BC%E4%B8%8B%E3%81%8C%E3%82%8A%E3%81%AE%E5%9B%A3%E5%9C%B0%E5%A6%BB" n3="%70%68%65%6E%6F%6D%65" dan="16,16,16,16" rate="2147.38,2177.56,2157.53,2141.36" sx="F,M,F,M"/><TAIKYOKU oya="0"/><INIT seed="0,0,0,5,1,66" ten="250,250,250,250" oya="0" hai0="98,94,30,36,76,33,110,48,81,46,112,80,96" hai1="2,122,88,43,77,70,100,116,120,25,118,38,40" hai2="102,64,109,135,41,129,49,113,57,45,90,21,63" hai3="65,35,132,130,44,71,14,42,9,6,54,108,58"/><T126/><D112/><U119/><E2/><V134/><F134/><W23/><G132/><T131/><D36/><U91/><E25/><V123/><F123/><N who="1" m="47145" /><E38/><V111/><F111/><W10/><G108/><T3/><D3/><U105/><E100/><V78/><F78/><W47/><G130/><T31/><D110/><U37/><E37/><V95/><F95/><W93/><G35/><T82/><D126/><U39/><E39/><V73/><F73/><W74/><G74/><T103/><D131/><U11/><E11/><V106/><F106/><W27/><G10/><T84/><D33/><U12/><E12/><V56/><F56/><W13/><G14/><T28/><REACH who="0" step="1"/><D96/><REACH who="0" ten="240,250,250,250" step="2"/><U4/><E118/><V32/><F32/><W29/><G42/><AGARI ba="0,1" hai="28,30,31,42,46,48,76,80,81,82,84,94,98,103" machi="42" ten="40,12000,1" yaku="1,1,2,1,8,1,53,1" doraHai="66" doraHaiUra="72" who="0" fromWho="3" sc="240,130,250,0,250,0,250,-120" /><INIT seed="0,1,0,3,5,42" ten="370,250,250,130" oya="0" hai0="16,1,92,40,61,101,35,9,27,58,44,79,41" hai1="13,32,3,70,55,60,67,38,4,98,12,121,104" hai2="131,95,114,128,110,26,130,30,62,33,71,59,118" hai3="122,96,15,125,39,113,7,111,22,48,88,49,80"/><T23/><D79/><U124/><E121/><V18/><F18/><W68/><G113/><T65/><D35/><U91/><E124/><V134/><F134/><W47/><G125/><T100/><D41/><U64/><E64/><V25/><F25/><W123/><G68/><T31/><D92/><U52/><E38/><V77/><F77/><W117/><G117/><T102/><D1/><U29/><E3/><V87/><F87/><N who="3" m="50279" /><G96/><T24/><D9/><N who="1" m="4135" /><E91/><V81/><F81/><W11/><G22/><T103/><D101/><N who="1" m="62519" /><E13/><V63/><F63/><W54/><G48/><N who="0" m="26631" /><D24/><AGARI ba="1,0" hai="24,29,32,52,55,60,67,70" m="62519,4135" machi="24" ten="30,2000,0" yaku="25,1,54,1" doraHai="42" who="1" fromWho="0" sc="370,-23,250,23,250,0,130,0" /><INIT seed="1,0,0,2,3,90" ten="347,273,250,130" oya="1" hai0="103,125,66,13,123,105,119,100,124,11,88,8,18" hai1="19,82,135,33,42,5,128,69,52,95,74,10,55" hai2="113,34,48,111,47,83,81,101,106,110,20,75,60" hai3="87,132,120,114,23,112,76,115,9,73,131,102,32"/><U116/><E116/><V7/><F7/><W57/><G32/><T65/><D119/><U63/><E33/><V40/><F40/><W29/><G120/><T24/><D123/><U44/><E128/><V122/><F122/><W27/><G131/><T133/><D133/><U85/><E74/><V22/><F22/><W129/><G129/><T54/><D54/><U127/><E127/><N who="0" m="48713" /><D24/><U97/><E19/><V59/><F59/><W36/><G132/><T25/><D25/><U121/><E121/><V84/><F84/><W77/><G36/><T70/><D8/><U38/><E63/><V21/><F21/><W61/><G9/><T31/><D31/><U107/><E107/><V50/><F50/><W79/><G73/><T130/><D130/><U64/><E64/><N who="0" m="24681" /><D70/><U62/><E62/><V86/><F86/><W58/><G102/><T46/><D105/><U1/><E135/><V53/><F53/><W4/><G4/><T126/><D126/><U134/><E69/><V78/><F78/><W118/><G118/><T14/><D46/><U0/><E134/><V15/><F15/><W56/><REACH who="3" step="1"/><G61/><REACH who="3" ten="347,273,250,120" step="2"/><T16/><D103/><N who="1" m="60863" /><E0/><V104/><F104/><W12/><G12/><T30/><D13/><U93/><E1/><V89/><F106/><W91/><G91/><T94/><D100/><U51/><E38/><V68/><F101/><W72/><G72/><T17/><D30/><U108/><E5/><V3/><F75/><W39/><G39/><T49/><D49/><U80/><E10/><V117/><F117/><W96/><G96/><AGARI ba="0,1" hai="11,14,16,17,18,88,94,96" m="24681,48713" machi="96" ten="30,7700,0" yaku="18,1,52,1,54,2" doraHai="90" who="0" fromWho="3" sc="347,87,273,0,250,0,120,-77" /><INIT seed="2,0,0,1,1,2" ten="434,273,250,43" oya="2" hai0="123,129,7,8,6,55,127,75,102,42,81,119,94" hai1="126,5,3,36,99,22,26,18,106,135,69,130,108" hai2="13,62,35,63,97,11,34,90,83,79,93,76,115" hai3="59,29,48,133,51,91,12,98,95,19,117,14,105"/><V67/><F115/><W74/><G133/><T60/><D123/><U32/><E99/><V9/><F76/><W92/><G117/><T10/><D42/><U61/><E61/><V104/><F104/><W116/><G116/><T88/><D119/><U71/><E22/><V122/><F122/><W0/><G0/><T110/><D110/><U39/><E26/><V89/><F89/><W134/><G134/><T103/><D129/><U56/><E56/><V87/><F63/><W17/><G105/><T65/><D55/><U100/><E100/><V20/><F20/><W73/><G59/><N who="0" m="37023" /><D75/><U107/><E18/><V66/><F66/><W114/><G114/><T72/><D72/><U41/><E41/><V57/><REACH who="2" step="1"/><F11/><REACH who="2" ten="434,273,240,43" step="2"/><W16/><G29/><T50/><D10/><U24/><E130/><V120/><F120/><W70/><G70/><T28/><D8/><U78/><E135/><V30/><F30/><W4/><G74/><T45/><D28/><U80/><E106/><V23/><F23/><W82/><G73/><T77/><D88/><U68/><E107/><V46/><F46/><W86/><G95/><T132/><D94/><U58/><E78/><V1/><F1/><W124/><G124/><T96/><D45/><U84/><E3/><V47/><F47/><W85/><G14/><T43/><D77/><U40/><E126/><V27/><F27/><W111/><G111/><T109/><D109/><U15/><E108/><V121/><F121/><W38/><G12/><T101/><D127/><U31/><E24/><V21/><F21/><W49/><G91/><T118/><D132/><RYUUKYOKU ba="0,1" sc="434,-10,273,-10,240,30,43,-10" hai2="9,13,34,35,57,62,67,79,83,87,90,93,97" /><INIT seed="2,1,1,4,4,32" ten="424,263,270,33" oya="2" hai0="98,17,53,15,10,115,135,90,55,47,33,59,30" hai1="100,6,42,74,25,37,35,36,28,132,46,48,72" hai2="41,78,19,102,1,106,134,80,2,52,111,68,114" hai3="105,63,86,126,123,61,43,26,62,77,89,75,133"/><V23/><F114/><W87/><G126/><T40/><D115/><U60/><E132/><V49/><F68/><W131/><G131/><T12/><D135/><U39/><E100/><V93/><F106/><W34/><G123/><T69/><D69/><U5/><REACH who="1" step="1"/><E60/><REACH who="1" ten="424,253,270,33" step="2"/><V71/><F134/><W104/><G133/><T122/><D122/><U8/><E8/><V110/><F41/><W108/><G108/><N who="2" m="41513" /><F71/><W121/><G121/><T50/><D10/><U101/><E101/><V81/><F102/><W125/><G125/><T117/><D40/><U118/><E118/><V21/><F93/><W7/><G43/><T119/><D117/><U113/><E113/><V130/><F130/><W31/><G104/><T16/><D119/><U83/><E83/><N who="2" m="31819" /><F78/><W97/><G77/><T76/><D76/><U66/><E66/><V96/><F96/><W0/><G105/><T22/><D98/><U58/><E58/><N who="2" m="33039" /><F23/><W129/><G129/><T92/><D92/><U109/><E109/><V44/><F44/><W91/><G97/><T116/><D116/><U88/><E88/><V18/><F18/><W3/><G91/><T27/><D90/><U67/><E67/><V84/><F84/><W112/><G112/><T56/><D47/><U38/><N who="1" m="9216" /><DORA hai="29" /><U64/><E64/><V54/><F54/><W14/><G87/><T9/><D53/><U79/><E79/><V70/><F70/><W57/><G57/><T24/><D56/><U13/><E13/><AGARI ba="1,2" hai="1,2,13,19,21" m="33039,31819,41513" machi="13" ten="30,12000,1" yaku="14,1,10,1,52,2,54,1" doraHai="32,29" who="2" fromWho="1" sc="424,0,253,-123,270,143,33,0" /><INIT seed="2,2,0,0,1,123" ten="424,130,413,33" oya="2" hai0="96,125,83,122,44,9,124,57,79,52,7,132,11" hai1="38,75,105,46,36,17,53,63,82,16,27,71,91" hai2="0,19,15,116,5,78,84,103,88,2,60,89,26" hai3="126,119,128,30,48,110,51,64,107,35,104,131,90"/><V121/><F116/><W10/><G119/><T80/><D122/><U114/><E114/><V39/><F121/><W94/><G64/><T99/><D132/><U73/><E105/><V87/><F39/><W85/><G126/><N who="0" m="48747" /><D44/><U129/><E129/><N who="3" m="49738" /><G10/><N who="0" m="3595" /><D7/><U24/><E46/><V130/><F103/><W77/><G77/><T21/><D21/><U3/><E91/><V56/><F130/><W22/><G22/><T65/><D65/><U118/><E53/><V29/><F5/><W18/><G18/><T54/><D54/><U133/><E118/><V92/><F78/><W43/><G43/><T108/><D108/><U62/><E82/><N who="0" m="31273" /><D79/><U135/><E71/><V100/><F19/><W28/><G110/><T37/><D37/><U111/><E3/><V117/><F117/><W42/><G42/><T74/><D74/><U14/><E14/><V113/><F15/><W45/><G45/><T66/><D66/><U76/><E76/><V34/><F113/><W55/><G55/><T58/><D58/><U81/><E81/><V41/><F41/><W1/><G1/><T106/><D106/><N who="3" m="40489" /><G28/><T31/><D31/><U4/><E4/><V8/><F8/><W97/><G30/><T70/><D70/><U102/><E111/><V47/><F47/><W49/><G35/><T95/><D95/><U101/><AGARI ba="2,0" hai="16,17,24,27,36,38,62,63,73,75,101,102,133,135" machi="101" ten="25,6400,0" yaku="0,1,22,2,54,1" doraHai="123" who="1" fromWho="1" sc="424,-18,130,70,413,-34,33,-18" /><INIT seed="3,0,0,1,0,113" ten="406,200,379,15" oya="3" hai0="25,132,12,7,61,88,66,82,99,94,43,1,84" hai1="56,108,90,85,73,130,126,48,20,112,32,6,74" hai2="18,127,11,83,97,111,100,122,24,51,79,60,62" hai3="71,103,107,16,134,81,92,105,69,26,75,0,86"/><W115/><G115/><T8/><D132/><U59/><E32/><V67/><F111/><W40/><G134/><T106/><D43/><U68/><E68/><V15/><F127/><W129/><G0/><T133/><D133/><U28/><E112/><V13/><F122/><W116/><G40/><T53/><D25/><U27/><E6/><V135/><F135/><W64/><G129/><T41/><D41/><U38/><E38/><V63/><F51/><W125/><G125/><T23/><D106/><U33/><E126/><V119/><F24/><W104/><G116/><T47/><D47/><U89/><E59/><V57/><F15/><W54/><G54/><T124/><D124/><U42/><E90/><V39/><F119/><W58/><G75/><T118/><D118/><U45/><E108/><V44/><F44/><W72/><G72/><T87/><D53/><U22/><E130/><V77/><F39/><W93/><G58/><N who="0" m="37175" /><D1/><U96/><E96/><V70/><F70/><N who="3" m="26635" /><G64/><T123/><D123/><U17/><E20/><V4/><F4/><W30/><G103/><T3/><D3/><U52/><E56/><V114/><F114/><W10/><G30/><T37/><D37/><U19/><E19/><V31/><F31/><W21/><G10/><T128/><D128/><U29/><E29/><V131/><F131/><W5/><G5/><T95/><D23/><U98/><E98/><V55/><F67/><W34/><G34/><T36/><D36/><U46/><E46/><V117/><F117/><W110/><G110/><T14/><D7/><U65/><E65/><V2/><F2/><RYUUKYOKU ba="0,0" sc="406,-10,200,-10,379,-10,15,30" hai3="16,21,26,81,86,92,93,104,105,107" /><INIT seed="3,1,0,5,2,19" ten="396,190,369,45" oya="3" hai0="41,68,75,67,133,12,31,45,110,114,82,13,52" hai1="77,25,50,58,95,132,16,113,74,11,99,6,71" hai2="28,47,35,108,92,8,21,56,48,1,23,125,10" hai3="131,49,34,43,63,121,119,79,94,128,115,103,62"/><W87/><G115/><T3/><D3/><U59/><E71/><V22/><F108/><W81/><G119/><T64/><D110/><U55/><E113/><V117/><F117/><W130/><G121/><T91/><D133/><U100/><E132/><V89/><F125/><W15/><G34/><T134/><D134/><U4/><E74/><V112/><F112/><W84/><G15/><T54/><D31/><U124/><E124/><V53/><F1/><W17/><G17/><T102/><D102/><U46/><E77/><V60/><F28/><W0/><G0/><T116/><D116/><U135/><E135/><V107/><F107/><W122/><G122/><T57/><D75/><U39/><E39/><V30/><F30/><W18/><G18/><T90/><D57/><N who="1" m="21515" /><E25/><V98/><F35/><W66/><G66/><AGARI ba="1,0" hai="8,10,21,22,23,47,48,53,56,60,66,89,92,98" machi="66" ten="40,8000,1" yaku="8,1,52,3" doraHai="19" who="2" fromWho="3" sc="396,0,190,0,369,83,45,-83" owari="396,19.6,190,-21.0,452,55.2,-38,-53.8" /></mjloggm>