<mjloggm ver="2.3"><GO type="225" lobby="0"/><UN n0="%E6%97%A5%E6%9B%9C%E6%97%A5%E3%82%88%E3%82%8A%E3%81%AE%E4%BD%BF%E8%80%85" n1="%E6%81%A5%E6%99%92%E3%81%97" n2="%E3%81%A4%E3%81%A3%E3%81%B1%E3%82%8A%E3%83%9D%E3%83%BC%E3%83%AB" n3="%E6%98%93%E5%88%A9%E8%96%A9%E4%BC%AF" dan="16,17,17,17" rate="2143.90,2164.20,2140.21,2147.18" sx="M,M,M,F"/><TAIKYOKU oya="0"/><INIT seed="0,0,0,2,2,11" ten="250,250,250,250" oya="0" hai0="52,116,96,111,117,115,56,22,58,72,112,121,125" hai1="38,129,29,7,114,74,43,47,131,83,8,81,28" hai2="105,69,88,4,109,57,124,122,75,39,42,126,68" hai3="92,85,35,49,13,118,84,30,94,95,60,55,19"/><T119/><D72/><U16/><E114/><N who="0" m="43561" /><D96/><U101/><E101/><V32/><F122/><W79/><G118/><T104/><D104/><U31/><E7/><V48/><F32/><W77/><G60/><N who="0" m="35847" /><D22/><U135/><E135/><V17/><F105/><W34/><G30/><T123/><D125/><U107/><E107/><V134/><F75/><W98/><G98/><T100/><D100/><U103/><E103/><V0/><F134/><W41/><G41/><T93/><D93/><U26/><E26/><V53/><F42/><W80/><G79/><T37/><D37/><U113/><E113/><V108/><F39/><W9/><REACH who="3" step="1"/><G85/><REACH who="3" ten="250,250,250,240" step="2"/><T78/><D78/><U67/><E74/><V61/><F126/><W89/><G89/><T120/><D58/><AGARI ba="0,1" hai="9,13,19,34,35,49,55,58,77,80,84,92,94,95" machi="58" ten="40,2600,0" yaku="1,1,52,1,53,0" doraHai="11" doraHaiUra="59" who="3" fromWho="0" sc="250,-26,250,0,250,0,240,36" /><INIT seed="1,0,0,1,3,27" ten="224,250,250,276" oya="1" hai0="40,101,118,116,57,11,54,24,79,121,21,56,134" hai1="9,132,110,119,55,86,26,37,105,120,84,82,80" hai2="34,108,69,13,100,66,103,115,72,46,19,5,51" hai3="127,16,10,88,111,73,62,128,64,7,65,52,95"/><U0/><E119/><V2/><F34/><W58/><G73/><T96/><D134/><U49/><E120/><V98/><F108/><W106/><G106/><T3/><D121/><U94/><E105/><V15/><F72/><W124/><G111/><T90/><D79/><U23/><E110/><V4/><F115/><W107/><G107/><T130/><D40/><U129/><E37/><V99/><F2/><W48/><G128/><T81/><D130/><U61/><E129/><V8/><F66/><W114/><G114/><T131/><D131/><U12/><E0/><V83/><F69/><W59/><G65/><T18/><D81/><N who="1" m="31339" /><E61/><V41/><F83/><W68/><G68/><T89/><D118/><U135/><E94/><V45/><F45/><W133/><G133/><N who="1" m="51274" /><E12/><V126/><F126/><W67/><G67/><T47/><D116/><U104/><E9/><V97/><REACH who="2" step="1"/><F15/><REACH who="2" ten="224,250,240,276" step="2"/><W53/><G127/><T14/><D3/><U91/><E86/><V75/><F75/><W63/><G124/><T38/><D14/><U112/><E84/><V123/><F123/><W93/><G64/><T28/><D47/><U117/><E112/><V76/><F76/><W42/><G59/><T60/><D57/><U22/><E117/><V70/><F70/><W109/><G58/><T113/><D113/><U43/><E43/><V78/><F78/><W32/><G42/><T31/><D56/><U92/><E55/><V36/><F36/><W39/><G53/><T74/><D54/><U6/><E49/><V77/><F77/><W44/><G39/><T50/><D38/><U1/><E1/><RYUUKYOKU ba="0,1" sc="224,-10,250,-10,240,30,276,-10" hai2="4,5,8,13,19,41,46,51,97,98,99,100,103" /><INIT seed="2,1,1,5,0,16" ten="214,240,270,266" oya="2" hai0="112,132,110,50,51,107,17,25,11,32,46,24,90" hai1="82,129,116,105,65,41,47,62,86,68,131,96,14" hai2="88,85,15,9,5,75,54,64,84,2,87,45,7" hai3="73,52,12,79,78,30,63,48,22,23,103,44,55"/><V43/><F75/><W72/><G103/><T128/><D112/><U3/><E116/><V18/><F64/><W21/><G30/><T92/><D107/><U126/><E3/><V99/><F54/><W42/><G72/><T134/><D110/><U39/><E126/><V123/><F123/><W119/><G119/><T58/><D58/><U59/><E105/><V19/><F2/><W77/><G73/><T37/><D37/><U94/><E14/><V89/><F19/><N who="3" m="10471" /><G55/><T69/><D69/><U76/><REACH who="1" step="1"/><E68/><REACH who="1" ten="214,230,270,266" step="2"/><V115/><F115/><W81/><G81/><T117/><D117/><U57/><E57/><AGARI ba="1,2" hai="22,23,42,44,48,52,57,63,77,78,79" m="10471" machi="57" ten="30,8000,1" yaku="8,1,52,3,54,1" doraHai="16" who="3" fromWho="1" sc="214,0,230,-83,270,0,266,103" /><INIT seed="3,0,0,3,2,86" ten="214,147,270,369" oya="3" hai0="55,62,71,32,101,30,34,102,1,125,132,107,130" hai1="53,118,128,122,58,92,95,41,74,9,54,56,96" hai2="94,51,38,110,70,81,25,104,14,49,108,135,27" hai3="66,20,117,48,134,63,18,46,89,52,80,119,76"/><W2/><G2/><T73/><D73/><U87/><E128/><V105/><F70/><W114/><G89/><T31/><D1/><U40/><E122/><V72/><F38/><W4/><G4/><T129/><D125/><U15/><E74/><V127/><F72/><W75/><G114/><T37/><D37/><U33/><E33/><V68/><F68/><W111/><G134/><T57/><D71/><U82/><E118/><V84/><F94/><W45/><G45/><T39/><D39/><U116/><E116/><V60/><F60/><W43/><G43/><T65/><D55/><U115/><E115/><V93/><F93/><W88/><G88/><T17/><D17/><U83/><E15/><V29/><F14/><W124/><G111/><T50/><D50/><U69/><E69/><V103/><F51/><W112/><G124/><T19/><D19/><U123/><E123/><V59/><F49/><W106/><G106/><T61/><D107/><U85/><REACH who="1" step="1"/><E9/><REACH who="1" ten="214,137,270,369" step="2"/><V6/><F127/><W28/><G112/><T26/><D130/><U67/><E67/><V79/><F110/><W133/><G75/><T91/><D129/><U22/><E22/><V16/><F108/><W24/><G117/><T78/><D65/><U7/><E7/><V5/><F5/><W13/><G66/><T0/><D34/><U98/><AGARI ba="0,1" hai="40,41,53,54,56,58,82,83,85,87,92,95,96,98" machi="98" ten="25,8000,1" yaku="1,1,0,1,22,2,8,1,53,0" doraHai="86" doraHaiUra="131" who="1" fromWho="1" sc="214,-20,137,90,270,-20,369,-40" owari="194,-30.6,227,-17.3,250,5.0,329,42.9" /></mjloggm>