<mjloggm ver="2.3"><GO type="225" lobby="0"/><UN n0="%E6%98%93%E5%88%A9%E8%96%A9%E4%BC%AF" n1="%72%69%6F%75%63%68%61%6E" n2="%E6%81%A5%E6%99%92%E3%81%97" n3="%E7%AC%B9%E9%A4%85" dan="17,16,17,18" rate="2194.23,2129.17,2198.68,2255.08" sx="F,M,M,M"/><TAIKYOKU oya="0"/><INIT seed="0,0,0,2,3,112" ten="250,250,250,250" oya="0" hai0="70,116,53,108,121,118,81,77,34,135,96,9,104" hai1="80,56,88,13,14,101,97,55,86,20,106,123,69" hai2="94,73,8,127,11,12,15,21,2,129,98,117,44" hai3="47,114,58,50,32,74,134,45,17,91,35,52,54"/><T83/><D121/><U41/><E123/><V64/><F2/><W43/><G114/><T124/><D34/><U67/><E41/><V95/><F73/><W90/><G74/><T37/><D124/><U5/><E5/><V36/><F127/><W125/><G125/><T84/><D70/><U87/><E20/><V31/><F64/><W28/><G134/><T40/><D135/><U57/><E69/><V89/><F129/><W49/><G17/><T33/><D33/><U46/><E46/><V102/><F44/><W126/><G126/><T109/><D40/><U100/><E100/><V72/><F72/><W18/><G18/><T22/><D37/><U131/><E131/><V119/><F36/><W1/><G1/><T30/><D9/><U63/><REACH who="1" step="1"/><E86/><REACH who="1" ten="250,240,250,250" step="2"/><N who="2" m="52535" /><F11/><W71/><G71/><T39/><D22/><U79/><E79/><V0/><F8/><W111/><G111/><N who="0" m="42571" /><D30/><U42/><E42/><V6/><F6/><W38/><REACH who="3" step="1"/><G35/><REACH who="3" ten="250,240,250,240" step="2"/><T7/><D7/><U107/><E107/><V27/><F0/><W65/><G65/><T75/><D39/><U78/><E78/><V66/><F66/><W62/><G62/><AGARI ba="0,2" hai="13,14,55,56,57,62,63,67,80,87,88,97,101,106" machi="62" ten="30,7700,0" yaku="1,1,7,1,54,1,53,1" doraHai="112" doraHaiUra="82" who="1" fromWho="3" sc="250,0,240,97,250,0,240,-77" /><INIT seed="1,0,0,4,3,118" ten="250,337,250,163" oya="1" hai0="33,32,63,59,2,86,80,16,127,74,43,100,29" hai1="71,121,57,27,93,81,129,23,109,18,90,83,70" hai2="5,25,73,135,61,102,31,131,1,9,132,36,103" hai3="60,21,28,4,49,40,8,7,35,95,78,34,14"/><U107/><E121/><V67/><F73/><W101/><G78/><T56/><D2/><U68/><E129/><V47/><F131/><W120/><G120/><T92/><D127/><U65/><E107/><V94/><F36/><W85/><G4/><T98/><D74/><U22/><E109/><V13/><F13/><W99/><G85/><T50/><D29/><U46/><E46/><V11/><F11/><W97/><G97/><T20/><D43/><U44/><E44/><V77/><F77/><W3/><G60/><T51/><D33/><U128/><E128/><V133/><F47/><W19/><G40/><T15/><D32/><U123/><E123/><V104/><F94/><W58/><REACH who="3" step="1"/><G28/><REACH who="3" ten="250,337,250,153" step="2"/><T96/><D96/><U114/><E114/><V126/><F104/><W72/><G72/><T119/><D119/><U53/><E65/><V111/><F111/><W66/><G66/><T6/><D6/><U75/><E75/><V88/><F61/><W37/><G37/><T54/><REACH who="0" step="1"/><D59/><REACH who="0" ten="240,337,250,153" step="2"/><U134/><E57/><V48/><F5/><W112/><G112/><T116/><D116/><U12/><E71/><V79/><F132/><W24/><G24/><T110/><D110/><U108/><E108/><V91/><F133/><W106/><G106/><T113/><D113/><U55/><E134/><V52/><F135/><W45/><G45/><T84/><D84/><N who="1" m="52423" /><E68/><V76/><F25/><W69/><G69/><T122/><D122/><U130/><E70/><V87/><F67/><W42/><G42/><T124/><D124/><U64/><E64/><V125/><F126/><W41/><G41/><RYUUKYOKU ba="0,2" sc="240,15,337,-15,250,-15,153,15" hai0="15,16,20,50,51,54,56,63,80,86,92,98,100" hai3="3,7,8,14,19,21,34,35,49,58,95,99,101" /><INIT seed="2,1,2,1,0,22" ten="255,322,235,168" oya="2" hai0="89,116,125,21,84,51,8,30,74,98,78,115,69" hai1="55,101,11,33,17,6,28,26,10,128,91,110,64" hai2="16,79,39,127,47,112,111,53,56,32,102,0,31" hai3="70,57,60,13,58,131,9,35,94,90,88,5,85"/><V81/><F112/><W41/><G131/><T87/><D115/><U1/><E128/><V114/><F114/><W42/><G35/><T105/><D69/><U83/><E110/><V12/><F0/><W121/><G121/><T117/><D8/><U118/><E118/><N who="0" m="45673" /><D125/><U66/><E101/><V107/><F127/><W52/><G70/><T18/><D30/><U14/><REACH who="1" step="1"/><E55/><REACH who="1" ten="255,312,235,168" step="2"/><V23/><F111/><W120/><G120/><T20/><D105/><U68/><E68/><V104/><F107/><W95/><G58/><T7/><D74/><U133/><E133/><V76/><F56/><W103/><G103/><T24/><D98/><AGARI ba="1,3" hai="5,9,13,41,42,52,57,60,85,88,90,94,95,98" machi="98" ten="30,7700,0" yaku="7,1,8,1,54,2" doraHai="22" who="3" fromWho="0" sc="255,-80,312,0,235,0,168,110" /><INIT seed="3,0,0,2,1,34" ten="175,312,235,278" oya="3" hai0="99,31,80,48,40,67,85,117,68,2,53,7,11" hai1="130,50,108,10,12,126,118,14,133,30,127,106,20" hai2="120,69,74,38,44,134,82,121,119,104,56,36,13" hai3="116,63,129,81,98,0,32,60,115,22,110,64,54"/><W51/><G32/><T78/><D117/><U72/><E108/><V25/><F119/><W18/><G115/><T88/><D31/><U135/><E130/><V26/><F69/><W39/><G39/><T52/><D40/><U84/><E72/><V91/><F104/><W90/><G116/><T65/><D53/><U96/><E118/><V83/><F13/><W27/><G129/><T114/><D114/><U128/><E128/><V79/><F56/><W73/><G73/><T123/><D123/><N who="2" m="47178" /><F134/><N who="1" m="51209" /><E84/><N who="2" m="50583" /><F44/><W125/><G110/><T4/><D4/><N who="1" m="3143" /><E50/><V70/><F70/><W9/><G64/><T59/><REACH who="0" step="1"/><D68/><REACH who="0" ten="165,312,235,278" step="2"/><U132/><E132/><V113/><F113/><W86/><G54/><T57/><D57/><U61/><E30/><V101/><F101/><W23/><G18/><T94/><AGARI ba="0,1" hai="2,7,11,48,52,59,65,67,78,80,85,88,94,99" machi="94" ten="30,12000,2" yaku="1,1,0,1,52,1,54,2,53,1" doraHai="34" doraHaiUra="75" who="0" fromWho="0" sc="165,130,312,-30,235,-30,278,-60" /><INIT seed="4,0,0,4,1,93" ten="295,282,205,218" oya="0" hai0="101,22,110,100,118,96,75,24,26,119,73,35,76" hai1="15,123,127,85,107,25,114,132,23,67,2,108,7" hai2="30,49,71,135,38,28,39,52,87,65,91,51,122" hai3="62,82,105,4,10,112,80,18,104,20,125,47,54"/><T131/><D131/><U95/><E123/><V45/><F122/><W84/><G112/><T92/><D110/><U79/><E108/><V124/><F124/><W57/><G125/><T50/><D101/><U66/><E127/><V56/><F135/><W29/><G29/><T27/><D35/><U1/><E107/><V83/><F71/><W78/><G82/><T14/><D50/><U40/><E132/><V37/><REACH who="2" step="1"/><F65/><REACH who="2" ten="295,282,195,218" step="2"/><W21/><G105/><T86/><D119/><U111/><E66/><V46/><F46/><W74/><G104/><T117/><D118/><U97/><E67/><V41/><AGARI ba="0,1" hai="28,30,37,38,39,41,45,49,51,52,56,83,87,91" machi="41" ten="30,4000,0" yaku="1,1,0,1,54,1,53,0" doraHai="93" doraHaiUra="58" who="2" fromWho="2" sc="295,-20,282,-10,195,50,218,-10" /><INIT seed="5,0,0,1,2,14" ten="275,272,245,208" oya="1" hai0="22,129,128,0,90,43,115,1,94,41,91,26,88" hai1="135,38,4,123,63,61,57,11,69,82,25,75,58" hai2="8,34,31,40,56,33,72,23,5,30,77,93,95" hai3="49,45,109,44,21,15,132,110,47,7,89,130,16"/><U27/><E123/><V124/><F72/><W59/><G130/><N who="0" m="50283" /><D94/><U122/><E122/><V35/><F77/><W50/><G132/><T98/><D98/><U114/><E135/><V24/><F40/><N who="0" m="15434" /><D115/><U48/><E38/><V134/><F134/><W10/><G110/><T71/><D71/><U118/><E118/><V100/><F124/><W103/><G109/><T55/><D55/><U99/><E114/><V133/><F133/><W19/><G103/><T28/><AGARI ba="0,0" hai="0,1,22,26,28,88,90,91" m="15434,50283" machi="28" ten="40,2700,0" yaku="19,1,54,1" doraHai="14" who="0" fromWho="0" sc="275,27,272,-13,245,-7,208,-7" owari="302,40.2,259,5.9,238,-16.2,201,-29.9" /></mjloggm>