<mjloggm ver="2.3"><GO type="225" lobby="0"/><UN n0="%E6%97%A5%E6%9B%9C%E6%97%A5%E3%82%88%E3%82%8A%E3%81%AE%E4%BD%BF%E8%80%85" n1="%E3%83%A9%E3%83%BC%E3%83%A1%E3%83%B3%E4%BA%94%E9%83%8E" n2="%E5%84%AA%40%41%42%43" n3="%E6%98%93%E5%88%A9%E8%96%A9%E4%BC%AF" dan="17,16,16,17" rate="2194.64,2062.88,2130.26,2220.95" sx="M,M,M,F"/><TAIKYOKU oya="0"/><INIT seed="0,0,0,5,3,51" ten="250,250,250,250" oya="0" hai0="120,67,78,81,33,66,87,59,29,131,68,15,57" hai1="18,111,84,22,91,132,93,123,17,54,7,99,49" hai2="43,37,105,16,116,52,9,56,38,80,98,63,46" hai3="102,27,10,83,135,128,77,106,62,64,65,24,35"/><T127/><D120/><U96/><E111/><V95/><F105/><W108/><G108/><T134/><D68/><U82/><E132/><V69/><F116/><W119/><G119/><T121/><D121/><U21/><E123/><V6/><F69/><W129/><G65/><T41/><D33/><U12/><E82/><V61/><F80/><W79/><G10/><T92/><D134/><U76/><E7/><V110/><F110/><W8/><G8/><T94/><D127/><U60/><E60/><V31/><F31/><N who="3" m="19943" /><G27/><T45/><D29/><U74/><E76/><N who="3" m="29258" /><G83/><T114/><D114/><U97/><E74/><V104/><F104/><W2/><G2/><T70/><D70/><U115/><E115/><V26/><F63/><W124/><G124/><T34/><D34/><U85/><E85/><V0/><F38/><W101/><G106/><T3/><D3/><U88/><E91/><V53/><F26/><W20/><G20/><T72/><D72/><U126/><E126/><V1/><F1/><W103/><G135/><T90/><D90/><U125/><E125/><V117/><F16/><W100/><G103/><T122/><D122/><U89/><E89/><V47/><F117/><W36/><G36/><T133/><D81/><U107/><E107/><V130/><F47/><W42/><G42/><T19/><D78/><U73/><E73/><V71/><F71/><W112/><G112/><T30/><D41/><U113/><E113/><V50/><F95/><W55/><G64/><T23/><D67/><U109/><E109/><V75/><F43/><W28/><G28/><T32/><D133/><RYUUKYOKU ba="0,0" sc="250,-10,250,-10,250,-10,250,30" hai3="55,62,100,101,102,128,129" /><INIT seed="1,1,0,5,2,82" ten="240,240,240,280" oya="1" hai0="88,93,54,64,29,50,103,94,51,71,73,35,45" hai1="100,9,97,90,16,22,24,83,63,5,32,98,68" hai2="56,67,120,44,85,13,113,66,117,43,60,0,104" hai3="74,1,124,128,108,109,23,107,77,7,34,42,134"/><U18/><E32/><V2/><F117/><W55/><G107/><T89/><D73/><U17/><E68/><V126/><F120/><W112/><G34/><T33/><D71/><U6/><E63/><V115/><F104/><W99/><G112/><N who="2" m="43081" /><F126/><W15/><G42/><T133/><D64/><U79/><E90/><V37/><F67/><W40/><G40/><T41/><D103/><U20/><E9/><V96/><F96/><N who="1" m="36969" /><E100/><V131/><F131/><W14/><G99/><T31/><D41/><U87/><E18/><V101/><F101/><W36/><G128/><T116/><D45/><U39/><E39/><V135/><F135/><W127/><G36/><T125/><D133/><U53/><E53/><V65/><F65/><W86/><G55/><T111/><D54/><U10/><E10/><V75/><F75/><W58/><G74/><T4/><D125/><U92/><E92/><V118/><F118/><W30/><G134/><T70/><D70/><U106/><E106/><V28/><F28/><W11/><G127/><T76/><D116/><U102/><E102/><V78/><F0/><W129/><G129/><T62/><D31/><U49/><E49/><V8/><F2/><W59/><G124/><T119/><D29/><U25/><AGARI ba="1,0" hai="5,6,16,17,20,22,24,25,79,83,87" m="36969" machi="25" ten="30,6000,0" yaku="8,1,52,1,54,1" doraHai="82" who="1" fromWho="1" sc="240,-21,240,63,240,-21,280,-21" /><INIT seed="1,2,0,1,2,15" ten="219,303,219,259" oya="1" hai0="13,28,4,85,32,64,94,117,56,72,108,30,16" hai1="114,23,55,90,27,10,131,86,21,3,80,11,29" hai2="63,75,17,134,46,54,31,40,133,101,26,25,98" hai3="118,24,82,7,129,36,42,84,52,123,67,97,128"/><U100/><E114/><V38/><F75/><W103/><G123/><T119/><D72/><U58/><E131/><V44/><F26/><W79/><G67/><T48/><D32/><U14/><E3/><V74/><F74/><W39/><G118/><T37/><D37/><U33/><E100/><V53/><F46/><W22/><G7/><T99/><D4/><U135/><E135/><N who="2" m="51723" /><F63/><W127/><G127/><T20/><D108/><U130/><E130/><N who="3" m="50282" /><G52/><N who="2" m="20073" /><F17/><N who="3" m="12367" /><G42/><T105/><D119/><U41/><E41/><V87/><F87/><W89/><G79/><T47/><D117/><U125/><E125/><V34/><F98/><W73/><G73/><T0/><D85/><U122/><E122/><V65/><F65/><W50/><G50/><T60/><D48/><N who="1" m="31079" /><E33/><V1/><F101/><W111/><G111/><T116/><D116/><U120/><E120/><V76/><F76/><W45/><G45/><T12/><D47/><U5/><E5/><V70/><F70/><W106/><AGARI ba="2,0" hai="36,39,82,84,89,97,103,106" m="12367,50282" machi="106" ten="30,2000,0" yaku="19,1,52,1" doraHai="15" who="3" fromWho="3" sc="219,-7,303,-12,219,-7,259,26" /><INIT seed="2,0,0,2,1,26" ten="212,291,212,285" oya="2" hai0="52,46,65,4,37,84,118,14,94,70,55,105,33" hai1="125,31,93,103,56,69,116,66,62,50,110,106,25" hai2="8,68,6,73,74,96,58,126,88,30,132,3,75" hai3="123,79,59,127,10,57,117,101,89,9,64,71,120"/><V135/><F68/><W24/><G117/><T2/><D105/><U36/><E116/><V90/><F126/><W97/><G71/><T102/><D2/><U43/><E125/><V121/><F121/><W130/><G130/><T129/><D33/><N who="1" m="20719" /><E36/><V5/><F5/><W1/><G79/><T19/><D70/><U111/><E93/><V77/><F77/><W81/><G127/><T100/><D118/><U11/><E11/><V95/><F30/><W42/><G42/><T51/><D37/><U0/><E0/><V124/><F124/><W87/><G24/><T34/><D34/><U115/><E115/><V29/><F29/><W63/><G59/><T54/><D4/><U108/><E43/><V40/><F40/><W133/><G133/><N who="2" m="51273" /><F58/><W23/><G1/><T16/><D129/><U39/><E39/><V18/><F18/><W49/><G123/><T134/><D19/><U48/><E69/><V80/><F80/><W72/><G81/><T114/><D114/><U60/><E60/><V45/><F45/><W107/><G63/><T98/><D134/><U92/><E106/><V83/><F83/><W86/><G107/><T35/><D35/><U119/><E119/><V131/><F131/><W13/><G57/><T12/><D46/><U112/><E112/><V22/><F22/><W91/><G23/><T32/><D32/><U21/><E21/><V7/><F6/><W53/><G120/><T99/><D16/><U28/><E28/><V104/><F104/><W44/><G44/><T61/><D61/><U38/><E38/><V82/><F82/><W78/><G9/><RYUUKYOKU ba="0,0" sc="212,-15,291,15,212,15,285,-15" hai1="48,50,56,62,66,92,103,108,110,111" hai2="3,7,8,73,74,75,88,90,95,96" /><INIT seed="2,1,0,2,2,131" ten="197,306,227,270" oya="2" hai0="18,20,19,103,128,5,6,99,114,116,134,42,63" hai1="74,50,7,100,26,34,64,72,71,118,109,115,37" hai2="14,4,52,88,104,96,83,78,117,65,22,75,132" hai3="41,62,110,35,80,51,86,44,66,70,69,101,102"/><V81/><F117/><W21/><G35/><T124/><D114/><U105/><E37/><V0/><F0/><W2/><G2/><T67/><D42/><U43/><E115/><V135/><F65/><W97/><G110/><T77/><D77/><U12/><E118/><V29/><F104/><W68/><G21/><T76/><D76/><U10/><E109/><V8/><F52/><W108/><G102/><T87/><D87/><U84/><E84/><V98/><F83/><W93/><G108/><T48/><D48/><U130/><E130/><V73/><F75/><W16/><G16/><N who="0" m="6187" /><D20/><U89/><E89/><AGARI ba="1,0" hai="41,44,51,62,66,68,69,70,80,86,89,93,97,101" machi="89" ten="30,1000,0" yaku="7,1" doraHai="131" who="3" fromWho="1" sc="197,0,306,-13,227,0,270,13" /><INIT seed="3,0,0,4,5,104" ten="197,293,227,283" oya="3" hai0="32,79,63,1,14,56,10,114,24,11,128,88,92" hai1="96,77,30,7,18,38,106,17,61,15,84,41,86" hai2="3,20,58,121,90,85,94,46,57,130,12,13,124" hai3="134,59,49,47,97,78,72,119,21,83,25,44,16"/><W31/><G119/><T27/><D32/><U110/><E38/><V111/><F3/><W50/><G134/><T115/><D79/><U75/><E75/><V45/><F111/><W135/><G135/><T125/><D1/><U91/><E106/><V39/><F130/><W109/><G109/><T100/><D100/><U42/><E30/><V93/><F124/><W69/><G69/><T81/><D81/><N who="1" m="47151" /><E96/><V99/><F121/><W133/><G59/><N who="2" m="22537" /><F39/><W108/><G108/><T131/><D125/><U127/><E61/><V55/><F20/><W34/><G97/><N who="0" m="57479" /><D27/><U8/><E127/><V113/><F113/><N who="0" m="43018" /><D24/><U2/><E2/><V60/><F60/><W132/><G34/><T0/><D0/><U80/><E110/><V35/><F35/><W37/><G31/><T53/><D10/><U28/><E28/><V95/><F99/><W54/><REACH who="3" step="1"/><G37/><REACH who="3" ten="197,293,227,273" step="2"/><T33/><D33/><U40/><AGARI ba="0,1" hai="7,8,15,17,18,40,41,42,80,86,91" m="47151" machi="40" ten="30,1100,0" yaku="8,1" doraHai="104" who="1" fromWho="1" sc="197,-3,293,21,227,-3,273,-5" owari="194,-30.6,314,41.4,224,-17.6,268,6.8" /></mjloggm>