<mjloggm ver="2.3"><GO type="225" lobby="0"/><UN n0="%E3%82%A2%E3%82%A4%E3%82%B9%E3%83%86%E3%82%A3%E3%83%BC%E3%81%82%E3%81%B9" n1="%E5%8D%A0%E3%81%84%E5%B8%AB%E8%A3%8F%E3%81%AA%E3%81%84%E3%81%97" n2="%43%68%65" n3="%E3%83%A9%E3%82%A4%E3%83%B3%E3%81%AE%E8%99%8E" dan="16,17,16,16" rate="2077.22,2238.43,2174.73,2158.52" sx="M,M,M,M"/><TAIKYOKU oya="0"/><INIT seed="0,0,0,5,5,123" ten="250,250,250,250" oya="0" hai0="70,86,57,131,14,83,26,25,81,18,77,61,72" hai1="5,17,106,67,96,38,114,122,125,40,113,85,64" hai2="36,45,31,7,34,66,104,82,102,62,129,73,32" hai3="49,8,42,101,59,28,134,10,110,23,133,37,98"/><T63/><D131/><U29/><E122/><V43/><F129/><W108/><G37/><T127/><D127/><U58/><E125/><V4/><F4/><W124/><G124/><T50/><D50/><U16/><E29/><V6/><F6/><W107/><G28/><T111/><D70/><U78/><E5/><V80/><F80/><W115/><G23/><T103/><D103/><U54/><E106/><V27/><F7/><W89/><G89/><T71/><D71/><U53/><E96/><N who="2" m="61511" /><F82/><W33/><G33/><T41/><D41/><U100/><E100/><V13/><F13/><W46/><G59/><T90/><D63/><U91/><E78/><V44/><F44/><W1/><G1/><T15/><D15/><U128/><E128/><V135/><F34/><W130/><G115/><T51/><D51/><U48/><E40/><V79/><F79/><W119/><G130/><T3/><D3/><U20/><E38/><V22/><F22/><W118/><G8/><T132/><D132/><N who="3" m="50793" /><G10/><T74/><D72/><U87/><E20/><V11/><F11/><W93/><G107/><T9/><REACH who="0" step="1"/><D111/><AGARI ba="0,0" hai="42,46,49,93,98,101,108,110,111,118,119" m="50793" machi="111" ten="30,8000,1" yaku="14,1,20,1,52,3" doraHai="123" who="3" fromWho="0" sc="250,-80,250,0,250,0,250,80" /><INIT seed="1,0,0,3,2,17" ten="170,250,250,330" oya="1" hai0="1,46,89,115,134,23,124,98,94,131,73,15,81" hai1="95,52,50,59,114,66,85,100,4,121,48,129,25" hai2="31,36,87,77,125,102,128,61,71,43,7,60,76" hai3="78,3,10,40,51,34,111,118,135,62,67,63,21"/><U22/><E114/><V37/><F125/><W91/><G34/><T11/><D124/><U79/><E121/><V64/><F128/><W126/><G111/><T116/><D131/><U6/><E129/><V49/><F102/><W133/><G126/><T65/><D115/><U110/><E110/><V104/><F104/><W99/><G78/><T16/><D134/><U72/><E72/><V8/><F61/><W26/><G118/><T74/><D116/><U2/><E2/><V106/><F106/><W86/><G99/><T84/><D65/><U39/><E39/><V58/><F77/><W80/><G51/><T82/><D82/><N who="1" m="47327" /><E66/><V19/><F19/><W28/><G40/><T96/><D96/><N who="1" m="59423" /><E48/><V109/><F109/><W68/><REACH who="3" step="1"/><G63/><REACH who="3" ten="170,250,250,320" step="2"/><T113/><D113/><U29/><AGARI ba="0,1" hai="4,6,22,25,29,50,52,59" m="59423,47327" machi="29" ten="30,6000,0" yaku="8,1,52,1,54,1" doraHai="17" who="1" fromWho="1" sc="170,-20,250,70,250,-20,320,-20" /><INIT seed="1,1,0,4,1,122" ten="150,320,230,300" oya="1" hai0="59,13,74,107,1,41,22,20,27,12,81,126,10" hai1="106,73,135,55,89,77,130,28,24,101,78,133,34" hai2="99,57,39,47,82,112,124,93,129,113,102,69,98" hai3="83,75,134,17,48,37,8,97,9,91,56,79,128"/><U84/><E130/><V92/><F69/><W85/><G37/><T45/><D107/><U46/><E73/><V3/><F3/><W31/><G128/><T15/><D126/><U63/><E101/><V21/><F129/><W53/><G134/><N who="1" m="51210" /><E106/><V2/><F2/><W68/><G68/><T71/><D71/><U54/><E63/><V132/><F132/><W111/><G31/><T117/><D117/><U125/><E125/><V36/><F124/><W11/><G97/><T14/><D59/><U33/><E33/><V110/><F57/><W4/><G17/><T32/><D32/><U43/><E77/><V127/><F127/><W35/><G35/><T67/><D67/><U116/><E78/><V18/><F82/><W120/><G120/><T87/><D74/><U109/><E109/><V50/><F110/><W58/><G111/><T108/><D1/><U114/><E114/><V51/><F102/><W19/><G19/><T65/><D65/><U90/><E90/><V66/><F18/><W61/><G75/><T26/><D108/><U52/><E116/><V121/><F121/><W88/><REACH who="3" step="1"/><G4/><REACH who="3" ten="150,320,230,290" step="2"/><N who="0" m="3143" /><D22/><U70/><E70/><V104/><F21/><W95/><G95/><T119/><D20/><U62/><E62/><V40/><F104/><W72/><G72/><T123/><D123/><U80/><E43/><V16/><F40/><W6/><G6/><T5/><D5/><U94/><E94/><V38/><F113/><W7/><G7/><T25/><D119/><U105/><E105/><V100/><F112/><W118/><G118/><T44/><D41/><U115/><E115/><RYUUKYOKU ba="1,1" sc="150,10,320,10,230,-30,290,10" hai0="13,14,15,25,26,27,44,45,81,87" hai1="24,28,34,46,52,54,55,80,84,89" hai3="8,9,11,48,53,56,58,61,79,83,85,88,91" /><INIT seed="1,2,1,3,5,114" ten="160,330,200,300" oya="1" hai0="97,133,18,17,56,81,49,27,117,41,8,101,40" hai1="69,53,108,135,37,89,34,132,130,102,23,80,0" hai2="50,24,94,59,110,73,116,28,99,123,4,95,54" hai3="16,120,84,52,43,103,47,6,42,68,5,67,14"/><U70/><E34/><V19/><F123/><W7/><G120/><T96/><D117/><U58/><E130/><V30/><F110/><W91/><G103/><T111/><D111/><U10/><E108/><V98/><F73/><W39/><G68/><T64/><D133/><N who="1" m="51275" /><E37/><V118/><F4/><W107/><G107/><T22/><D81/><U55/><E102/><V112/><F112/><W38/><G67/><T9/><D101/><U106/><E106/><V57/><F19/><W44/><G52/><N who="1" m="20042" /><E58/><V83/><F54/><W33/><G33/><T76/><D76/><U32/><E32/><V66/><F83/><W134/><G134/><T119/><D119/><U100/><E23/><V93/><F50/><W48/><G48/><T72/><D72/><U121/><E100/><V75/><F75/><W79/><G79/><T60/><D49/><U46/><E46/><V87/><F66/><W35/><G35/><T61/><D60/><U122/><E122/><V71/><F71/><W105/><G105/><T85/><D9/><U86/><E121/><V1/><F1/><W25/><G25/><T36/><D36/><U127/><E127/><V21/><F30/><W82/><G5/><AGARI ba="2,1" hai="0,5,10,69,70,80,86,89" m="20042,51275" machi="5" ten="30,2900,0" yaku="20,1,54,1" doraHai="114" who="1" fromWho="3" sc="160,0,330,45,200,0,300,-35" /><INIT seed="1,3,0,5,5,5" ten="160,375,200,265" oya="1" hai0="52,20,78,33,63,100,64,112,132,9,134,24,34" hai1="122,45,57,56,14,4,50,130,60,93,120,131,28" hai2="38,108,46,16,58,117,61,91,97,8,116,110,42" hai3="2,23,115,102,125,40,44,89,74,26,48,92,101"/><U129/><E28/><V80/><F80/><W123/><G123/><N who="1" m="47146" /><E93/><N who="2" m="56511" /><F58/><N who="1" m="22633" /><E14/><N who="2" m="7239" /><F61/><W118/><G125/><T15/><D112/><U124/><E4/><V72/><F72/><W21/><G115/><T59/><D100/><U27/><E27/><V32/><F32/><W76/><G2/><T12/><D78/><U43/><E60/><V109/><AGARI ba="3,0" hai="38,42,46,108,109,110,116,117" m="7239,56511" machi="109" ten="30,4000,0" yaku="14,1,52,1,54,1" doraHai="5" who="2" fromWho="2" sc="160,-13,375,-23,200,49,265,-13" /><INIT seed="2,0,0,4,3,30" ten="147,352,249,252" oya="2" hai0="54,113,96,116,73,133,35,103,92,31,10,67,53" hai1="91,105,83,89,101,27,47,110,22,19,7,100,32" hai2="37,72,80,114,132,68,38,28,61,77,6,131,1" hai3="107,112,36,43,16,12,33,106,0,49,128,56,75"/><V120/><F120/><W84/><G75/><T4/><D113/><U18/><E32/><V8/><F114/><W97/><G112/><T2/><D133/><U85/><E110/><V130/><F132/><W41/><G0/><T123/><D123/><U126/><E126/><V76/><F76/><W48/><G36/><N who="2" m="13929" /><F28/><W58/><G84/><T42/><D116/><U23/><E7/><V52/><F52/><W94/><G128/><N who="2" m="49193" /><F61/><W135/><G135/><T74/><D42/><U109/><E109/><V79/><F79/><W87/><G87/><T59/><D67/><U13/><E105/><V57/><F57/><W3/><G3/><T69/><D69/><AGARI ba="0,0" hai="1,6,8,68,69,72,77,80" m="49193,13929" machi="69" ten="30,2900,0" yaku="19,1,23,1" doraHai="30" who="2" fromWho="0" sc="147,-29,352,0,249,29,252,0" /><INIT seed="2,1,0,2,4,90" ten="118,352,278,252" oya="2" hai0="42,73,24,67,110,83,76,27,54,75,60,108,125" hai1="35,63,31,96,48,15,86,105,78,0,129,4,111" hai2="7,121,81,98,85,79,117,34,87,103,25,6,47" hai3="28,99,119,126,13,132,92,55,41,51,22,84,123"/><V53/><F117/><W122/><G119/><T77/><D54/><U8/><E111/><V109/><F121/><W71/><G71/><T124/><D42/><U62/><E129/><V107/><F109/><W70/><G70/><T131/><D60/><U21/><E105/><V102/><F102/><W118/><G118/><T89/><D67/><U91/><E96/><V30/><REACH who="2" step="1"/><F87/><REACH who="2" ten="118,352,268,252" step="2"/><W26/><G84/><N who="0" m="50335" /><D27/><U68/><E86/><V44/><F44/><W135/><G122/><T65/><D24/><U100/><E100/><V88/><F88/><W74/><G26/><T127/><D110/><U50/><E91/><V3/><F3/><W112/><G123/><T10/><D108/><U95/><E0/><V16/><F16/><W72/><G72/><N who="0" m="27723" /><D65/><U49/><E31/><V29/><F29/><W114/><G114/><T66/><BYE who="3" /><D66/><U58/><E15/><V134/><F134/><W17/><G17/><T97/><D131/><U5/><E5/><V116/><F116/><W101/><G101/><T113/><D113/><UN n3="%E3%83%A9%E3%82%A4%E3%83%B3%E3%81%AE%E8%99%8E" /><U45/><E4/><V128/><F128/><W93/><G112/><T43/><D43/><U12/><E45/><V133/><F133/><W23/><G41/><T14/><D97/><U130/><E130/><V61/><F61/><W18/><G99/><T9/><D14/><U104/><E12/><V39/><F39/><W46/><G132/><T115/><D115/><U37/><E62/><V56/><F56/><W120/><G135/><T64/><D64/><U59/><E59/><V11/><F11/><AGARI ba="1,1" hai="9,10,11,76,77,124,125,127" m="27723,50335" machi="11" ten="40,1300,0" yaku="18,1" doraHai="90" who="0" fromWho="2" sc="118,26,352,0,268,-16,252,0" /><INIT seed="3,0,0,2,1,105" ten="144,352,252,252" oya="3" hai0="107,117,0,47,6,103,33,22,24,122,101,106,27" hai1="36,57,65,51,23,48,129,2,50,111,82,64,135" hai2="68,88,69,114,87,9,76,26,61,35,93,92,34" hai3="32,70,98,72,110,10,83,15,84,119,13,17,95"/><W134/><G119/><T81/><D122/><U8/><E36/><V28/><F114/><W104/><G70/><T118/><D6/><U1/><E111/><V29/><F76/><W78/><G32/><T86/><D0/><U19/><E129/><V14/><F61/><W85/><G134/><T112/><D33/><U75/><E135/><V20/><F93/><W49/><G104/><T128/><D128/><U99/><E75/><V91/><F91/><W71/><G71/><T94/><D94/><U4/><E82/><V66/><F66/><W21/><G49/><T40/><D112/><U41/><E1/><V56/><F56/><W130/><G110/><T133/><D133/><U131/><E131/><V12/><F20/><W100/><REACH who="3" step="1"/><G130/><REACH who="3" ten="144,352,252,242" step="2"/><T74/><D107/><U58/><E50/><V80/><F69/><W102/><G102/><T59/><D103/><U53/><E48/><V90/><F68/><W42/><G42/><T16/><D101/><U126/><E41/><V123/><F123/><W60/><G60/><T31/><D106/><U121/><E51/><V73/><F35/><W116/><G116/><T7/><D59/><U39/><E58/><V113/><F113/><W77/><G77/><T120/><D120/><U43/><E57/><V124/><F34/><W5/><AGARI ba="0,1" hai="5,10,13,15,17,21,72,78,83,84,85,95,98,100" machi="5" ten="20,7800,0" yaku="1,1,0,1,7,1,52,1,53,0" doraHai="105" doraHaiUra="25" who="3" fromWho="3" sc="144,-26,352,-26,252,-26,242,88" owari="118,-38.2,326,12.6,226,-17.4,330,43.0" /></mjloggm>