<mjloggm ver="2.3"><GO type="225" lobby="0"/><UN n0="%E4%BF%BA%E3%81%A8%E5%A6%96%E5%A4%A2" n1="%E6%9C%88%E5%B3%B6%E5%9F%BA" n2="%E3%83%96%E3%83%83%E3%83%91%E3%82%AA%E3%83%96%E3%83%81%E3%82%AD%E3%83%B3" n3="%E3%81%8B%E3%82%8F%E3%81%A1%E3%82%83%E3%82%93%35%38" dan="16,17,16,16" rate="2093.28,2188.19,2171.34,2126.92" sx="F,M,M,M"/><TAIKYOKU oya="0"/><INIT seed="0,0,0,1,2,3" ten="250,250,250,250" oya="0" hai0="2,36,32,121,78,109,47,108,58,131,11,128,54" hai1="63,35,76,97,73,125,99,94,67,133,57,48,52" hai2="31,22,8,111,37,39,77,107,83,18,92,27,33" hai3="60,114,12,34,26,135,75,85,21,130,122,46,4"/><T9/><D121/><U14/><E125/><V45/><F107/><W28/><G75/><T66/><D32/><U80/><E133/><V101/><F111/><N who="0" m="42570" /><D78/><U6/><E35/><V1/><F45/><W30/><G114/><T0/><D66/><U29/><E29/><V42/><F42/><W134/><G122/><T61/><D0/><U55/><E55/><V87/><F101/><W91/><G130/><N who="0" m="49707" /><D2/><U20/><E94/><V116/><F92/><W84/><G34/><T102/><D102/><U113/><E113/><V72/><F116/><W112/><G112/><T105/><D105/><U81/><E81/><V93/><F93/><W68/><G91/><T17/><D17/><U86/><E73/><V44/><F44/><W23/><G46/><T96/><D96/><U123/><E123/><V88/><F72/><W64/><G30/><T118/><D118/><U119/><E119/><V56/><F77/><W110/><G110/><T59/><D59/><U124/><E124/><V25/><REACH who="2" step="1"/><F56/><REACH who="2" ten="250,250,240,250" step="2"/><W106/><G106/><T126/><D126/><U104/><E104/><V90/><F90/><W43/><G135/><T132/><D132/><U115/><E115/><V103/><F103/><W7/><G134/><T5/><D5/><AGARI ba="0,1" hai="1,5,8,18,22,25,27,31,33,37,39,83,87,88" machi="5" ten="40,5200,0" yaku="1,1,52,1,54,1,53,0" doraHai="3" doraHaiUra="50" who="2" fromWho="0" sc="250,-52,250,0,240,62,250,0" /><INIT seed="1,0,0,3,0,83" ten="198,250,302,250" oya="1" hai0="89,9,25,52,98,24,40,42,106,33,86,32,100" hai1="90,14,27,117,63,125,44,21,48,124,10,20,120" hai2="96,36,81,7,104,73,68,108,23,59,69,85,116" hai3="118,88,76,18,97,11,56,6,74,127,75,50,49"/><U114/><E117/><V71/><F116/><W43/><G118/><T22/><D9/><U3/><E114/><V60/><F36/><W95/><G127/><N who="1" m="48714" /><E120/><V35/><F35/><W5/><G75/><T53/><D33/><U15/><E63/><V115/><F115/><W77/><G74/><T67/><D32/><U66/><E66/><V121/><F121/><W39/><G39/><T92/><D67/><U80/><E80/><V38/><F38/><W130/><G130/><T128/><D128/><U107/><E107/><V126/><F126/><W111/><G111/><T57/><D25/><U87/><E3/><V103/><F108/><W55/><G18/><T16/><REACH who="0" step="1"/><D53/><REACH who="0" ten="188,250,302,250" step="2"/><N who="1" m="29831" /><E27/><V102/><F71/><W0/><G0/><T28/><D28/><U26/><E26/><V131/><F69/><W101/><G55/><T134/><D134/><U4/><E15/><V112/><F68/><W105/><G6/><T47/><D47/><U70/><E70/><V12/><F131/><W129/><G5/><T31/><D31/><U34/><E34/><V41/><F112/><W113/><G129/><T64/><D64/><U82/><AGARI ba="0,1" hai="4,10,14,20,21,82,87,90" m="29831,48714" machi="82" ten="30,3000,0" yaku="18,1,52,1" doraHai="83" who="1" fromWho="1" sc="188,-10,250,40,302,-10,250,-10" /><INIT seed="1,1,0,3,4,13" ten="178,290,292,240" oya="1" hai0="123,109,81,15,132,22,114,92,90,121,71,36,104" hai1="31,103,4,10,115,40,62,43,77,78,29,3,19" hai2="83,134,120,67,14,26,128,73,85,96,102,112,2" hai3="116,69,86,118,53,87,0,93,52,45,42,63,98"/><U100/><E115/><V106/><F120/><N who="0" m="46154" /><D114/><U55/><E3/><V16/><F112/><W82/><G0/><T30/><D71/><U124/><E124/><V105/><F134/><W33/><G33/><T95/><D104/><U122/><E122/><V57/><F128/><W108/><G108/><T99/><D36/><U28/><E62/><V6/><F73/><W113/><G113/><T126/><D109/><U94/><E55/><N who="3" m="21066" /><G63/><T21/><D132/><U75/><E75/><V111/><F111/><W135/><G69/><T56/><D56/><U84/><E4/><V76/><F26/><W74/><G82/><T133/><D30/><U11/><E94/><V70/><F70/><W60/><G74/><T18/><D81/><N who="1" m="47151" /><E78/><V48/><F2/><W20/><G60/><T34/><D34/><U89/><E89/><V8/><F106/><W12/><G135/><T61/><D61/><U80/><E80/><V72/><F72/><W1/><G1/><T37/><D37/><U5/><E5/><V25/><F67/><W117/><G93/><T41/><D126/><U58/><E58/><V50/><REACH who="2" step="1"/><F57/><REACH who="2" ten="178,290,282,240" step="2"/><W119/><G119/><T44/><D133/><U51/><E51/><V125/><F125/><W127/><G127/><T64/><D64/><U65/><E65/><V27/><F27/><W24/><G117/><T59/><D59/><U129/><E129/><V39/><F39/><W23/><G118/><T131/><D131/><U54/><E31/><V7/><F7/><W32/><G116/><T97/><D97/><U66/><E66/><V101/><F101/><W91/><G98/><RYUUKYOKU ba="1,1" sc="178,-10,290,-10,282,30,240,-10" hai2="6,8,14,16,25,48,50,76,83,85,96,102,105" /><INIT seed="2,2,1,2,3,86" ten="168,280,312,230" oya="2" hai0="28,96,22,114,27,100,121,47,43,61,103,64,4" hai1="93,69,76,60,35,5,62,15,72,99,56,11,65" hai2="63,49,46,91,88,105,48,17,104,40,133,39,24" hai3="77,45,54,71,29,129,42,89,30,115,37,59,41"/><V126/><F126/><W58/><G129/><T116/><D121/><U16/><E35/><V92/><F133/><W119/><G119/><T94/><D114/><U32/><E32/><V70/><F91/><W90/><G71/><T0/><D116/><U102/><E72/><V81/><F81/><W79/><G37/><T134/><D134/><U80/><E76/><N who="3" m="29258" /><G115/><T52/><D4/><U107/><E80/><V124/><F124/><W36/><G36/><T33/><D0/><U57/><E69/><V44/><F39/><W101/><G101/><T10/><D10/><U110/><E110/><V66/><F17/><W3/><G3/><T50/><D33/><U82/><E82/><V38/><F24/><W13/><G58/><N who="0" m="36919" /><D103/><U21/><E107/><V95/><F95/><W53/><G53/><AGARI ba="2,1" hai="22,27,28,43,47,50,52,53,94,96,100" m="36919" machi="53" ten="30,3900,0" yaku="25,1,8,1,54,1" doraHai="86" who="0" fromWho="3" sc="168,55,280,0,312,0,230,-45" /><INIT seed="3,0,0,0,4,58" ten="223,280,312,185" oya="3" hai0="92,53,31,114,51,66,22,6,47,89,48,78,45" hai1="4,20,63,42,57,37,49,107,13,121,71,70,73" hai2="65,125,119,39,116,5,88,9,7,30,46,52,132" hai3="69,80,82,43,126,102,41,56,16,83,93,113,106"/><W90/><G113/><T112/><D78/><U21/><E73/><V87/><F125/><W123/><G69/><T19/><D31/><U26/><E121/><V85/><F65/><W23/><G102/><T62/><D6/><U104/><E37/><V38/><F30/><W68/><G68/><T95/><D112/><U75/><E75/><V64/><F64/><W133/><G123/><T97/><D95/><U54/><E107/><V94/><F132/><W128/><G106/><T27/><D114/><U1/><E1/><V81/><F5/><W130/><G133/><T3/><D3/><U111/><E111/><V109/><F109/><W99/><G126/><T79/><D79/><U34/><E34/><V60/><F39/><W103/><G103/><T44/><REACH who="0" step="1"/><D48/><REACH who="0" ten="213,280,312,185" step="2"/><U122/><E104/><V67/><F38/><W100/><G100/><T24/><D24/><U33/><E122/><V129/><F7/><W74/><G74/><T55/><D55/><U134/><E134/><V10/><F52/><W76/><G76/><T29/><D29/><U28/><E71/><AGARI ba="0,1" hai="19,22,27,44,45,47,51,53,62,66,71,89,92,97" machi="71" ten="30,3900,0" yaku="1,1,7,1,52,1,53,0" doraHai="58" doraHaiUra="105" who="0" fromWho="1" sc="213,49,280,-39,312,0,185,0" owari="262,6.2,241,-15.9,312,41.2,185,-31.5" /></mjloggm>