<mjloggm ver="2.3"><GO type="225" lobby="0"/><UN n0="%E3%81%BD%E3%81%A1%E3%81%9F%E3%81%93%E3%82%84" n1="%E3%83%81%E3%83%83%E3%82%BF%E3%82%BD%E3%83%BC" n2="%E7%B4%94%E6%BD%94%E3%83%94%E3%83%A9%E3%83%8B%E3%82%A2" n3="%E6%9C%88%E5%B3%B6%E5%9F%BA" dan="16,16,17,17" rate="2183.86,2188.04,2185.08,2178.98" sx="M,F,M,M"/><TAIKYOKU oya="0"/><INIT seed="0,0,0,1,4,45" ten="250,250,250,250" oya="0" hai0="42,65,59,79,105,21,31,96,126,95,0,10,30" hai1="62,80,85,50,7,69,29,120,111,100,86,43,78" hai2="89,76,108,75,101,66,48,112,87,41,33,107,104" hai3="35,77,5,130,72,46,93,18,9,123,90,94,58"/><T13/><D105/><U99/><E111/><V74/><F66/><W88/><G35/><T57/><D0/><U54/><E120/><V122/><F41/><W82/><G130/><T97/><D79/><U134/><E134/><V24/><F48/><W28/><G123/><T1/><D1/><U23/><E43/><V2/><F24/><W16/><G28/><T63/><D126/><U22/><E7/><V19/><F19/><W26/><G26/><N who="0" m="16719" /><D31/><U49/><E29/><V114/><F33/><W14/><G58/><N who="0" m="37111" /><D42/><U68/><E69/><V115/><F2/><W6/><G18/><N who="0" m="8503" /><D97/><U127/><E127/><V73/><F122/><W102/><G46/><T121/><D121/><U37/><E37/><V39/><F39/><W84/><G102/><AGARI ba="0,0" hai="57,59,95,96,102" m="8503,37111,16719" machi="102" ten="30,2900,0" yaku="25,1,8,1" doraHai="45" who="0" fromWho="3" sc="250,29,250,0,250,0,250,-29" /><INIT seed="0,1,0,1,0,75" ten="279,250,250,221" oya="0" hai0="25,110,130,11,15,48,17,37,2,87,74,8,45" hai1="65,115,34,73,32,101,13,47,70,132,14,49,111" hai2="24,56,68,94,127,27,121,3,122,116,53,93,62" hai3="113,97,100,66,99,83,71,78,112,126,91,98,40"/><T22/><D74/><U77/><E132/><V9/><F127/><W31/><G40/><T103/><D37/><U85/><E73/><V90/><F94/><N who="3" m="56543" /><G31/><T76/><D130/><U135/><E135/><V92/><F93/><N who="3" m="58447" /><G66/><T105/><D105/><U21/><E115/><N who="3" m="44106" /><G71/><T84/><D103/><U96/><E65/><V57/><F68/><W29/><G29/><T108/><D2/><U67/><E70/><V119/><F56/><W120/><G126/><T58/><D58/><U39/><E67/><V123/><F9/><W0/><G0/><T51/><D8/><U88/><E39/><V43/><F43/><W44/><G44/><T18/><D51/><U124/><E124/><V125/><F3/><W104/><G120/><T117/><D117/><N who="2" m="45130" /><F125/><W95/><G104/><T50/><D50/><U35/><E49/><V16/><F16/><W38/><G38/><T26/><D26/><U134/><E47/><V89/><F89/><N who="3" m="55791" /><G83/><T4/><D18/><U6/><E134/><V131/><F131/><W12/><G12/><T81/><REACH who="0" step="1"/><D87/><AGARI ba="1,0" hai="24,27,53,57,62,87,90,92,121,122,123" m="45130" machi="87" ten="40,1300,0" yaku="12,1" doraHai="75" who="2" fromWho="0" sc="279,-16,250,0,250,16,221,0" /><INIT seed="1,0,0,1,2,81" ten="263,250,266,221" oya="1" hai0="48,17,66,90,116,132,7,82,76,103,50,96,87" hai1="6,4,19,92,107,61,134,23,37,108,114,110,58" hai2="122,129,25,89,53,3,97,69,38,47,28,32,26" hai3="85,29,40,41,133,109,15,43,93,21,64,56,57"/><U59/><E114/><V36/><F122/><W128/><G109/><N who="1" m="42090" /><E107/><V16/><F3/><W13/><G133/><T79/><D116/><U95/><E134/><V34/><F69/><W127/><G127/><T135/><D135/><U68/><E37/><V20/><F129/><W30/><G128/><T2/><D66/><N who="1" m="39223" /><E59/><N who="3" m="22602" /><G64/><T119/><D119/><U126/><E68/><V77/><F77/><W72/><G72/><T67/><D67/><U31/><E31/><N who="3" m="11786" /><G21/><T52/><D132/><U9/><E126/><V71/><F71/><W12/><G85/><T51/><D52/><U125/><E125/><V80/><F32/><W101/><G93/><N who="1" m="35914" /><E9/><V14/><F38/><W62/><G101/><T131/><D131/><U11/><E11/><V39/><F36/><W113/><G113/><T24/><D103/><U5/><E5/><V88/><F39/><W83/><G83/><T42/><D7/><U99/><E99/><V118/><F118/><W63/><AGARI ba="0,0" hai="12,13,15,40,41,43,62,63" m="11786,22602" machi="63" ten="40,5200,0" yaku="28,2,8,1" doraHai="81" who="3" fromWho="3" sc="263,-13,250,-26,266,-13,221,52" /><INIT seed="2,0,0,1,5,10" ten="250,224,253,273" oya="2" hai0="0,25,107,80,117,134,30,44,121,73,67,77,112" hai1="15,97,96,135,120,91,9,2,113,110,92,49,79" hai2="43,114,130,131,100,89,1,86,5,63,66,21,35" hai3="70,129,50,132,55,38,28,14,33,31,41,27,60"/><V84/><F35/><W37/><G129/><N who="2" m="49161" /><F114/><W105/><G132/><T34/><D121/><U108/><E113/><V29/><F100/><W48/><G31/><T87/><D112/><U78/><E2/><V57/><F43/><W76/><G76/><T47/><D134/><U94/><E135/><V56/><F1/><W127/><G127/><T62/><D117/><U90/><E49/><V53/><F5/><W51/><G105/><T118/><D118/><U7/><REACH who="1" step="1"/><E120/><REACH who="1" ten="250,214,253,273" step="2"/><V111/><F111/><AGARI ba="0,1" hai="7,9,15,78,79,90,91,92,94,96,97,108,110,111" machi="111" ten="40,8000,1" yaku="1,1,2,1,9,1,14,1,52,1,53,0" doraHai="10" doraHaiUra="12" who="1" fromWho="2" sc="250,0,214,90,253,-80,273,0" /><INIT seed="3,0,0,2,1,94" ten="250,304,173,273" oya="3" hai0="102,121,93,73,32,118,4,124,36,46,45,108,31" hai1="132,28,54,64,58,127,115,113,119,30,65,1,13" hai2="17,83,47,41,61,34,62,90,84,89,8,125,92" hai3="112,5,130,135,48,42,106,116,101,0,81,109,133"/><W77/><G112/><T96/><D118/><U57/><E1/><V51/><F34/><W21/><G116/><T78/><D121/><U128/><E119/><V38/><F38/><W20/><G130/><T15/><D108/><U55/><E13/><V111/><F125/><W50/><G109/><T100/><D124/><U123/><E127/><V79/><F111/><W59/><G0/><T82/><D36/><U39/><E39/><V72/><F8/><W114/><G5/><T18/><D4/><U56/><E56/><V134/><F134/><N who="3" m="51211" /><G114/><T63/><D102/><U97/><E132/><V33/><F33/><W91/><G91/><T35/><D63/><U88/><E128/><V7/><F7/><W70/><G70/><T95/><D95/><U122/><E88/><V105/><F17/><W86/><G42/><T85/><D73/><U126/><E126/><V131/><F131/><W22/><G59/><T120/><D120/><U12/><E12/><V6/><F6/><W52/><G52/><T76/><D76/><U66/><E64/><V67/><F67/><W99/><AGARI ba="0,0" hai="20,21,22,48,50,77,81,86,99,101,106" m="51211" machi="99" ten="40,3900,0" yaku="20,1,52,1" doraHai="94" who="3" fromWho="3" sc="250,-13,304,-13,173,-13,273,39" owari="237,-16.3,291,9.1,160,-34.0,312,41.2" /></mjloggm>