<mjloggm ver="2.3"><GO type="225" lobby="0"/><UN n0="%E7%99%BD%E5%80%89%E5%AF%9B%E4%B9%8B" n1="%E9%BB%99%E8%81%B4%E3%81%AE%E3%81%99%E3%82%9D%E3%82%81" n2="%E7%89%B9%E6%9D%B1%E5%96%B0%E8%B5%A4%E9%80%9F" n3="%E9%A6%AC%E5%BC%95%E7%81%AB%33" dan="16,16,16,16" rate="2188.12,2052.69,2041.16,2115.56" sx="M,M,M,M"/><TAIKYOKU oya="0"/><INIT seed="0,0,0,0,1,25" ten="250,250,250,250" oya="0" hai0="45,90,117,79,85,115,39,82,5,26,48,2,84" hai1="44,61,40,70,12,93,55,92,131,63,36,13,134" hai2="72,31,27,80,109,95,76,107,66,32,69,24,75" hai3="16,125,103,132,23,49,101,67,88,133,42,11,116"/><T71/><D71/><U74/><E74/><V110/><F95/><W120/><G116/><T60/><D117/><U128/><E134/><N who="3" m="51818" /><G125/><T105/><D105/><U59/><E93/><V114/><F114/><W77/><G77/><T121/><D115/><U87/><E87/><V94/><F94/><W57/><G120/><T91/><D121/><U119/><E92/><V99/><F24/><N who="3" m="14439" /><G11/><T19/><D39/><U47/><E119/><V9/><F9/><W7/><G7/><T21/><D2/><U124/><E124/><V89/><F72/><W54/><G42/><T38/><D38/><U46/><E13/><V111/><F89/><W106/><G67/><T118/><D5/><U68/><E12/><V43/><F43/><W112/><G112/><T62/><D118/><U64/><E70/><V30/><F27/><W20/><G20/><T123/><D123/><U83/><E83/><V86/><F32/><W96/><G103/><T78/><D78/><U10/><E10/><V135/><F75/><W53/><G53/><T28/><D19/><U18/><E18/><V29/><F135/><W65/><G65/><T51/><D51/><U97/><E97/><V113/><F113/><W15/><G15/><T0/><D0/><U3/><E3/><V129/><F129/><AGARI ba="0,0" hai="36,40,44,46,47,55,59,61,63,64,68,128,129,131" machi="129" ten="40,8000,1" yaku="19,1,34,3" doraHai="25" who="1" fromWho="2" sc="250,0,250,80,250,-80,250,0" /><INIT seed="1,0,0,2,0,1" ten="250,330,170,250" oya="1" hai0="23,49,6,63,38,5,13,65,94,124,72,30,35" hai1="39,80,58,60,92,28,99,27,102,42,104,120,59" hai2="103,11,91,0,33,98,74,7,68,82,54,17,107" hai3="2,77,8,97,3,100,55,48,67,62,89,121,4"/><U83/><E120/><V117/><F117/><W52/><G121/><T114/><D38/><U110/><E110/><V41/><F41/><W20/><G2/><T29/><D72/><U118/><E118/><V96/><F68/><W69/><G77/><T135/><D114/><U101/><E39/><V88/><F33/><W24/><G48/><T64/><D35/><U112/><E42/><V66/><F66/><N who="0" m="25706" /><D124/><U31/><E112/><V131/><F131/><W81/><G81/><T85/><D63/><U84/><E104/><V51/><F96/><W37/><G89/><N who="0" m="53551" /><D49/><U132/><E132/><V113/><F113/><W111/><G111/><T86/><D86/><U12/><E102/><V9/><F82/><W10/><G10/><T75/><D75/><U122/><E122/><V34/><F74/><W32/><G32/><T14/><D135/><U119/><E119/><V36/><F34/><W134/><G134/><T78/><D78/><U57/><E60/><V115/><F36/><W70/><G70/><T44/><D44/><U56/><E56/><V19/><F115/><W45/><G45/><T25/><D30/><U76/><E83/><V40/><F40/><W46/><G46/><T26/><D26/><U127/><E127/><V71/><F71/><W73/><G73/><T53/><D53/><U47/><E47/><N who="2" m="28031" /><F9/><W129/><G129/><T15/><AGARI ba="0,0" hai="5,6,13,14,15,23,25,29" m="53551,25706" machi="15" ten="30,4000,0" yaku="8,1,52,2" doraHai="1" who="0" fromWho="0" sc="250,40,330,-20,170,-10,250,-10" /><INIT seed="2,0,0,1,3,8" ten="290,310,160,240" oya="2" hai0="62,0,135,14,126,87,118,22,35,72,91,92,30" hai1="28,20,81,9,117,123,27,110,130,18,127,53,124" hai2="52,68,121,33,46,40,122,89,26,6,100,56,61" hai3="120,24,97,64,23,101,3,112,44,7,32,1,50"/><V41/><F100/><W48/><G120/><T4/><D72/><U83/><E117/><V16/><F6/><W63/><G112/><T13/><D118/><U51/><E123/><V128/><F128/><W77/><G77/><T37/><D37/><U125/><E110/><V43/><F68/><W47/><G47/><T45/><D45/><N who="1" m="27887" /><E130/><V31/><F46/><W73/><G50/><T116/><D116/><U80/><E9/><V70/><F70/><N who="3" m="42271" /><G23/><T75/><D75/><U58/><E58/><V131/><F131/><W34/><G34/><T79/><D35/><U78/><E28/><V94/><REACH who="2" step="1"/><F16/><REACH who="2" ten="290,310,150,240" step="2"/><W54/><G7/><T38/><D4/><U11/><E11/><V71/><F71/><W66/><G101/><T82/><D0/><U60/><E18/><V133/><F133/><W67/><G44/><T111/><D135/><U2/><E2/><V55/><F55/><W49/><G54/><T113/><D113/><U36/><E125/><V95/><F95/><W15/><G3/><T134/><D126/><U42/><E127/><V19/><F19/><W108/><G1/><T39/><D134/><U88/><E124/><V114/><F114/><W69/><G69/><T29/><D39/><U102/><E36/><V109/><F109/><W25/><G108/><T106/><D38/><U132/><E102/><V21/><F21/><W115/><G32/><T103/><D111/><U57/><E132/><V17/><F17/><W10/><G115/><T74/><D22/><U90/><E20/><V96/><AGARI ba="0,1" hai="26,31,33,40,41,43,52,56,61,89,94,96,121,122" machi="96" ten="30,6000,0" yaku="1,1,0,1,54,1,53,0" doraHai="8" doraHaiUra="104" who="2" fromWho="2" sc="290,-20,310,-20,150,70,240,-20" /><INIT seed="2,1,0,0,5,81" ten="270,290,220,220" oya="2" hai0="92,61,64,109,122,132,126,128,45,56,24,14,25" hai1="50,22,135,103,83,89,88,26,0,95,110,90,124" hai2="102,133,78,5,86,62,44,74,20,54,68,129,120" hai3="41,17,93,4,49,8,112,28,107,37,108,21,91"/><V57/><F120/><W70/><G107/><T82/><D122/><U67/><E0/><V7/><F129/><W121/><G121/><T58/><D128/><U106/><E110/><V94/><F133/><W52/><G108/><T127/><D109/><U29/><E135/><V97/><F74/><W23/><G70/><T30/><D132/><U130/><E130/><V16/><F44/><W2/><G112/><T100/><D45/><U104/><E124/><V72/><F72/><W96/><G41/><T125/><D14/><U27/><E67/><V66/><F68/><W32/><G37/><T55/><D82/><U119/><E119/><V34/><F34/><W31/><G32/><T12/><D12/><U71/><E71/><V39/><F39/><W19/><G21/><T6/><D6/><U77/><E50/><V105/><F66/><W59/><REACH who="3" step="1"/><G17/><REACH who="3" ten="270,290,220,210" step="2"/><T123/><D123/><U15/><E106/><V98/><F105/><W48/><G48/><N who="0" m="30823" /><D30/><U116/><E104/><V117/><F117/><W33/><G33/><T115/><D115/><U65/><E29/><V1/><F20/><W18/><G18/><T46/><D127/><U76/><E116/><V101/><F16/><W79/><G79/><T47/><D126/><U84/><E77/><V113/><F113/><W87/><G87/><T40/><D125/><U114/><E114/><V3/><F78/><W38/><G38/><T111/><D111/><U75/><E76/><V118/><F118/><W60/><G60/><T69/><D69/><U10/><E22/><V11/><F86/><W13/><AGARI ba="1,1" hai="2,4,8,13,19,23,28,31,49,52,59,91,93,96" machi="13" ten="20,5200,0" yaku="1,1,0,1,7,1,54,1,53,0" doraHai="81" doraHaiUra="131" who="3" fromWho="3" sc="270,-14,290,-14,220,-27,210,65" /><INIT seed="3,0,0,0,0,59" ten="256,276,193,275" oya="3" hai0="20,5,110,94,112,91,42,37,96,17,30,38,15" hai1="108,93,106,67,134,131,66,65,41,84,25,95,79" hai2="76,127,24,51,77,82,60,16,78,32,23,105,86" hai3="58,132,44,39,119,9,27,13,19,61,62,40,71"/><W33/><G119/><T81/><D110/><U90/><E106/><V10/><F105/><W92/><G132/><T120/><D120/><U68/><E108/><V107/><F107/><W7/><G92/><T0/><D112/><U28/><E131/><V111/><F111/><W124/><G124/><T129/><D129/><U102/><E134/><V21/><F32/><W64/><G33/><T99/><D42/><U2/><E2/><V80/><F127/><W116/><G116/><T49/><D49/><U118/><E41/><V87/><F10/><W8/><G27/><T126/><D126/><U117/><E79/><V29/><F51/><W72/><G72/><T133/><D133/><U128/><E128/><V50/><F50/><W101/><G101/><T103/><D30/><U45/><E45/><V73/><F73/><W135/><G135/><T69/><D69/><U1/><E1/><V56/><F77/><W53/><G7/><T74/><D74/><U125/><E125/><V89/><F89/><W57/><G71/><T109/><D109/><U3/><E3/><V85/><F85/><W18/><G18/><T121/><D121/><U63/><E118/><V6/><F6/><W98/><G98/><T113/><D113/><U122/><E122/><V11/><F11/><AGARI ba="0,0" hai="8,9,11,13,19,39,40,44,53,57,58,61,62,64" machi="11" ten="30,5800,0" yaku="7,1,52,2" doraHai="59" who="3" fromWho="2" sc="256,0,276,0,193,-58,275,58" owari="256,-14.4,276,7.6,135,-36.5,333,43.3" /></mjloggm>