<mjloggm ver="2.3"><GO type="225" lobby="0"/><UN n0="%E9%A6%AC%E5%BC%95%E7%81%AB%33" n1="%70%68%65%6E%6F%6D%65" n2="%E3%83%96%E3%83%83%E3%83%91%E3%82%AA%E3%83%96%E3%83%81%E3%82%AD%E3%83%B3" n3="%E3%81%AD%E3%82%80%E3%81%84%40%E9%9B%80%E9%B3%B4%E4%BC%9A" dan="16,16,16,16" rate="2080.29,2195.76,2139.39,2166.19" sx="M,M,M,F"/><TAIKYOKU oya="0"/><INIT seed="0,0,0,3,3,91" ten="250,250,250,250" oya="0" hai0="32,29,70,50,56,1,101,100,3,107,40,74,57" hai1="135,113,60,6,114,64,23,16,71,42,17,66,78" hai2="119,79,67,130,48,19,28,83,65,77,80,98,43" hai3="20,33,44,127,89,27,53,84,123,54,52,81,4"/><T46/><D74/><U118/><E118/><V128/><F119/><W116/><G116/><T105/><D70/><U41/><E135/><V8/><F28/><W31/><G127/><T30/><D50/><U13/><E6/><V126/><F126/><W38/><G123/><T75/><D75/><U90/><E78/><N who="2" m="29707" /><F98/><W0/><G0/><T63/><D63/><U51/><E64/><N who="2" m="24651" /><F43/><W104/><G104/><T49/><D49/><U109/><E109/><V7/><F48/><W22/><G38/><T26/><D40/><U93/><E17/><V85/><F19/><W124/><G124/><T21/><D46/><U133/><E133/><V86/><F8/><W111/><G111/><T96/><D96/><N who="1" m="57399" /><E51/><V47/><F47/><W55/><N who="3" m="13312" /><DORA hai="68" /><W25/><G44/><T102/><D102/><U110/><E110/><V115/><F7/><W76/><G4/><T35/><REACH who="0" step="1"/><D21/><REACH who="0" ten="240,250,250,250" step="2"/><U15/><E42/><V122/><F122/><W134/><G134/><T9/><D9/><U62/><E41/><V69/><F69/><W87/><REACH who="3" step="1"/><G27/><AGARI ba="0,1" hai="1,3,26,27,29,30,32,35,56,57,100,101,105,107" machi="27" ten="25,4800,0" yaku="1,1,22,2,53,0" doraHai="91,68" doraHaiUra="73,92" who="0" fromWho="3" sc="240,58,250,0,250,0,250,-48" /><INIT seed="0,1,0,2,5,112" ten="298,250,250,202" oya="0" hai0="81,27,134,98,12,33,61,5,82,16,58,42,23" hai1="85,62,45,36,43,39,132,102,25,53,83,127,68" hai2="95,51,80,0,57,59,19,20,104,106,89,24,71" hai3="21,2,54,119,121,50,66,133,35,4,55,103,17"/><T15/><D134/><U101/><E127/><V8/><F71/><W34/><G66/><T77/><D42/><U117/><E132/><V60/><F80/><W135/><G103/><T78/><D98/><U99/><E39/><V110/><F110/><W105/><G105/><T9/><D33/><U6/><E6/><V63/><F51/><W109/><G50/><T73/><D27/><U87/><E87/><V124/><F124/><W94/><G94/><T40/><D40/><U41/><E43/><V107/><F0/><W79/><G79/><N who="0" m="30219" /><D73/><U48/><E25/><V18/><F8/><N who="3" m="2071" /><G54/><AGARI ba="1,0" hai="5,9,12,15,16,23,54,58,61,81,82" m="30219" machi="54" ten="30,2900,0" yaku="8,1,54,1" doraHai="112" who="0" fromWho="3" sc="298,32,250,0,250,0,202,-32" /><INIT seed="0,2,0,2,5,66" ten="330,250,250,170" oya="0" hai0="77,115,135,15,110,98,62,128,26,103,42,14,64" hai1="48,28,84,47,35,109,96,18,33,4,90,79,32" hai2="19,78,58,37,40,60,56,88,10,99,27,82,25" hai3="80,104,92,57,21,121,2,69,119,71,120,51,116"/><T7/><D115/><U76/><E109/><V129/><F129/><W22/><G104/><T133/><D128/><U107/><E28/><V112/><F112/><W83/><G92/><T1/><D42/><U118/><E118/><N who="3" m="45098" /><G2/><T100/><D77/><U122/><E122/><N who="3" m="47210" /><G57/><T105/><D103/><U30/><E30/><V0/><F0/><W59/><G59/><T68/><D26/><U131/><E4/><V108/><F58/><W126/><G51/><T16/><D110/><U102/><E18/><V74/><F108/><W61/><G61/><T85/><D85/><U106/><E106/><V81/><F37/><W49/><G49/><T125/><D125/><U93/><REACH who="1" step="1"/><E131/><REACH who="1" ten="330,240,250,170" step="2"/><V95/><F19/><W29/><G126/><T113/><D113/><U134/><E134/><N who="0" m="51209" /><D16/><U11/><E11/><AGARI ba="2,1" hai="1,7,11,14,15,62,64,68,98,100,105" m="51209" machi="11" ten="30,2900,0" yaku="20,1,52,1" doraHai="66" who="0" fromWho="1" sc="330,45,240,-35,250,0,170,0" /><INIT seed="0,3,0,4,0,67" ten="375,205,250,170" oya="0" hai0="18,22,98,108,69,47,130,10,40,8,39,62,28" hai1="66,109,53,80,61,70,29,117,100,102,96,129,9" hai2="82,94,124,113,43,33,128,118,21,27,68,64,116" hai3="122,36,99,107,85,95,71,58,49,41,65,4,44"/><T46/><D28/><U63/><E117/><N who="2" m="45163" /><F113/><W20/><G122/><T38/><D130/><U104/><E129/><V25/><F128/><W87/><G107/><T57/><D108/><U55/><E109/><V7/><F124/><W89/><G4/><T106/><D69/><U6/><E102/><V90/><F7/><W30/><G30/><T126/><D126/><U15/><E63/><N who="2" m="39967" /><F33/><W0/><G0/><T127/><D127/><U133/><E133/><V84/><F43/><W32/><G32/><T73/><D73/><U37/><E37/><V134/><F134/><W135/><G135/><T45/><D106/><U81/><REACH who="1" step="1"/><E29/><REACH who="1" ten="375,195,250,170" step="2"/><N who="2" m="17583" /><F27/><W35/><G36/><T54/><D38/><U97/><E97/><V83/><AGARI ba="3,1" hai="82,83,84,90,94" m="17583,39967,45163" machi="83" ten="30,2000,0" yaku="12,1,52,1" doraHai="67" who="2" fromWho="2" sc="375,-13,195,-8,250,39,170,-8" /><INIT seed="1,0,0,1,2,12" ten="362,187,289,162" oya="1" hai0="117,112,132,124,82,114,58,94,123,43,24,79,45" hai1="107,44,64,8,75,121,41,18,74,47,85,100,68" hai2="88,23,6,103,99,90,5,52,92,120,108,128,89" hai3="56,40,67,129,109,80,127,59,78,20,22,1,28"/><U49/><E121/><V93/><F108/><W15/><G109/><T122/><D117/><U106/><E68/><V77/><F120/><N who="0" m="46122" /><D124/><U42/><E64/><V3/><F128/><W126/><G1/><T134/><D94/><U39/><E85/><V32/><F32/><W29/><G40/><T133/><D24/><U96/><REACH who="1" step="1"/><E106/><REACH who="1" ten="362,177,289,162" step="2"/><V53/><F77/><W25/><G67/><T72/><D58/><U125/><E125/><N who="3" m="47626" /><G129/><T105/><D105/><U27/><E27/><V57/><F57/><W51/><G59/><T110/><D110/><U35/><E35/><V131/><F131/><W101/><G56/><T84/><D84/><U70/><E70/><V36/><F93/><W97/><G25/><T0/><D134/><U113/><E113/><V38/><F92/><W130/><G130/><T86/><D86/><U95/><E95/><V87/><F87/><W4/><G80/><T46/><D133/><U111/><E111/><V60/><F60/><W61/><G61/><T91/><D82/><U33/><E33/><V16/><F38/><W21/><G78/><T118/><D79/><U104/><E104/><V11/><F36/><W13/><G51/><T69/><D132/><U65/><E65/><V30/><F90/><W115/><G115/><T55/><D114/><U10/><E10/><V116/><F88/><W54/><G28/><T14/><D69/><U102/><E102/><V31/><F30/><W9/><G29/><T76/><D112/><U17/><E17/><V2/><F16/><N who="3" m="10255" /><G54/><T62/><D55/><U7/><E7/><N who="2" m="2571" /><F53/><W34/><G34/><T83/><D76/><RYUUKYOKU ba="0,1" sc="362,-15,177,15,289,-15,162,15" hai1="8,18,39,41,42,44,47,49,74,75,96,100,107" hai3="4,9,15,21,22,97,101" /><INIT seed="1,1,1,2,2,0" ten="347,192,274,177" oya="1" hai0="17,79,135,40,93,102,114,14,63,89,77,5,84" hai1="113,56,38,120,7,107,117,33,134,100,110,42,57" hai2="61,59,43,1,92,133,116,69,103,34,122,62,129" hai3="32,73,47,44,70,22,118,26,109,60,76,31,11"/><U28/><E117/><V3/><F116/><W80/><G118/><T65/><D114/><U27/><E113/><V51/><F122/><W66/><G109/><T112/><D112/><U99/><E120/><V35/><F129/><W21/><G47/><T72/><D72/><U20/><E134/><V52/><F133/><W16/><G44/><T108/><D108/><U19/><E110/><V53/><F43/><W85/><G11/><T36/><D102/><U123/><E123/><V41/><F41/><W2/><G2/><T75/><D75/><U15/><E42/><V115/><F115/><W111/><G111/><T71/><D135/><U48/><E38/><V121/><F121/><W49/><G49/><T67/><D67/><U106/><E106/><V105/><F105/><W12/><REACH who="3" step="1"/><G32/><REACH who="3" ten="347,192,274,167" step="2"/><T91/><D36/><U78/><E48/><V68/><F51/><W8/><G8/><T94/><D40/><U124/><E124/><V128/><F1/><W86/><AGARI ba="1,2" hai="12,16,21,22,26,31,60,66,70,73,76,80,85,86" machi="86" ten="30,4000,0" yaku="1,1,0,1,54,1,53,0" doraHai="0" doraHaiUra="96" who="3" fromWho="3" sc="347,-11,192,-21,274,-11,167,63" /><INIT seed="2,0,0,1,3,88" ten="336,171,263,230" oya="2" hai0="57,72,31,92,90,27,70,109,33,81,94,60,66" hai1="106,14,54,42,44,15,34,119,2,127,80,40,126" hai2="69,59,125,82,131,103,135,78,102,85,43,121,133" hai3="7,41,49,74,83,113,5,52,30,45,101,18,4"/><V26/><F121/><W22/><G113/><T68/><D109/><U77/><E2/><V8/><F69/><W9/><G101/><N who="2" m="38409" /><F43/><W96/><G96/><T116/><D116/><U25/><E106/><V37/><F37/><W38/><G30/><T12/><D70/><U120/><E119/><V51/><F51/><W35/><G35/><T84/><D72/><U97/><E120/><V13/><F59/><W48/><G74/><T17/><D68/><U134/><E134/><N who="2" m="51211" /><F26/><W124/><G83/><T130/><D130/><U111/><E111/><V16/><F131/><W110/><G124/><AGARI ba="0,0" hai="8,13,16,78,82,85,124,125" m="51211,38409" machi="124" ten="30,2900,0" yaku="20,1,54,1" doraHai="88" who="2" fromWho="3" sc="336,0,171,0,263,29,230,-29" /><INIT seed="2,1,0,5,1,104" ten="336,171,292,201" oya="2" hai0="48,10,26,9,86,33,5,51,56,60,130,78,92" hai1="112,42,69,135,75,88,23,109,58,41,108,117,6" hai2="74,31,73,64,76,93,80,45,90,3,82,14,125" hai3="29,113,55,21,62,67,52,37,77,123,43,12,126"/><V25/><F125/><W39/><G123/><T128/><D33/><U17/><E69/><V85/><F3/><W46/><G126/><T83/><D26/><U107/><E112/><V8/><F64/><W53/><G113/><T102/><D102/><U61/><E117/><V132/><F132/><W87/><G77/><T0/><D92/><U32/><E32/><V106/><F106/><W2/><G2/><T114/><D9/><U47/><E107/><V110/><F110/><N who="1" m="42601" /><E135/><V115/><F45/><W70/><G87/><T38/><D38/><U121/><E6/><V116/><F115/><W27/><REACH who="3" step="1"/><G12/><REACH who="3" ten="336,171,292,191" step="2"/><T89/><D78/><U44/><E121/><V99/><F116/><W50/><AGARI ba="1,1" hai="21,27,29,37,39,43,46,50,52,53,55,62,67,70" machi="50" ten="30,8000,1" yaku="1,1,2,1,0,1,54,1,53,1" doraHai="104" doraHaiUra="63" who="3" fromWho="3" sc="336,-21,171,-21,292,-41,191,93" /><INIT seed="3,0,0,5,1,82" ten="315,150,251,284" oya="3" hai0="73,115,119,75,87,92,102,95,39,116,65,117,134" hai1="41,6,91,85,53,125,67,20,51,49,80,135,131" hai2="113,25,101,21,70,64,68,55,61,37,127,17,94" hai3="33,42,86,13,59,98,34,4,27,126,3,118,52"/><W107/><G118/><T90/><D39/><U19/><E125/><V111/><F127/><W96/><G126/><T72/><D65/><U106/><E131/><V7/><F113/><W54/><G3/><T105/><D115/><U60/><E135/><V71/><F111/><W26/><G42/><T28/><D28/><U124/><E124/><V103/><F37/><W31/><G107/><T50/><D50/><U8/><E106/><V114/><F114/><W63/><G54/><T44/><D44/><U130/><E130/><V66/><F7/><W32/><G86/><T57/><D57/><U9/><E41/><V11/><F11/><W89/><G89/><T36/><D36/><U5/><E8/><V10/><F10/><W76/><G76/><T129/><D129/><U30/><E30/><V0/><F0/><W56/><G56/><T12/><D12/><U23/><E23/><V69/><F94/><W40/><G40/><T22/><D22/><U1/><E6/><V15/><F15/><W14/><G27/><T79/><D105/><U100/><E100/><V2/><F2/><W132/><G132/><T62/><D134/><U46/><E51/><V29/><F66/><W121/><G121/><T88/><D62/><U24/><E60/><V58/><F29/><W43/><G43/><T45/><D45/><U47/><E67/><V99/><F99/><N who="3" m="37931" /><G4/><T104/><D104/><U48/><E48/><V16/><F17/><W112/><G112/><T122/><D122/><U35/><E35/><N who="3" m="13386" /><G14/><T74/><N who="0" m="18432" /><DORA hai="109" /><T81/><D102/><N who="2" m="38922" /><F71/><W77/><G13/><T123/><D123/><RYUUKYOKU ba="0,0" sc="315,0,150,0,251,0,284,0" hai0="79,81,87,88,90,92,95,116,117,119" hai1="1,5,9,19,20,24,46,47,49,53,80,85,91" hai2="16,21,25,55,58,61,64,68,69,70" hai3="26,31,34,52,59,63,77" /><INIT seed="3,1,0,2,1,67" ten="315,150,251,284" oya="3" hai0="85,32,14,6,55,104,102,133,31,5,99,83,130" hai1="10,69,88,24,86,19,63,75,123,16,84,9,7" hai2="51,134,135,118,46,112,37,127,79,109,34,77,93" hai3="4,82,117,8,132,114,131,12,33,125,66,97,36"/><W42/><G117/><T43/><D43/><U65/><E123/><V56/><F112/><W106/><G114/><T110/><D110/><U126/><E126/><V115/><F115/><W119/><G119/><T59/><D130/><U3/><E75/><V58/><F118/><W124/><G33/><T105/><D105/><U107/><E107/><V129/><F34/><W91/><G132/><N who="2" m="50729" /><F109/><W2/><G66/><T103/><D103/><U62/><E62/><V101/><F129/><W38/><G131/><T108/><D108/><U74/><E74/><V53/><F127/><N who="3" m="48715" /><G2/><T78/><D133/><U57/><E57/><N who="2" m="22123" /><F37/><N who="3" m="14443" /><G42/><T68/><D68/><U95/><E24/><V52/><F53/><W13/><G13/><T54/><D54/><U27/><E27/><V111/><F111/><W28/><G28/><T120/><D120/><U71/><E71/><V20/><F20/><W113/><G113/><T48/><D14/><U94/><REACH who="1" step="1"/><E10/><REACH who="1" ten="315,140,251,284" step="2"/><V96/><AGARI ba="1,1" hai="46,51,52,77,79,93,96,101" m="22123,50729" machi="96" ten="30,2000,0" yaku="20,1,54,1" doraHai="67" who="2" fromWho="2" sc="315,-6,140,-6,251,33,284,-11" owari="309,40.9,134,-36.6,284,8.4,273,-12.7" /></mjloggm>