<mjloggm ver="2.3"><GO type="225" lobby="0"/><UN n0="%E6%A1%9C%E8%8A%B1%E9%96%83%E3%80%85" n1="%E3%81%BF%E3%81%BF%E3%81%9A" n2="%70%68%65%6E%6F%6D%65" n3="%E3%83%B4%E3%83%A0%EF%BC%99%E3%81%A6" dan="16,18,16,16" rate="2165.56,2200.89,2166.79,2176.27" sx="M,M,M,M"/><TAIKYOKU oya="0"/><INIT seed="0,0,0,5,1,122" ten="250,250,250,250" oya="0" hai0="50,31,77,42,16,35,123,39,4,10,17,94,0" hai1="96,84,82,119,44,9,63,73,85,38,2,29,117" hai2="57,65,66,5,49,12,80,41,25,91,11,71,74" hai3="53,36,64,105,109,110,21,131,19,116,103,76,118"/><T104/><D123/><U95/><E29/><V62/><F25/><W99/><G36/><T28/><D104/><U51/><E63/><V22/><F22/><W111/><G131/><T46/><D50/><U90/><E85/><N who="2" m="50599" /><F74/><W59/><G76/><T67/><D67/><U130/><E130/><V7/><F71/><W27/><G64/><T87/><D94/><U68/><E68/><V23/><F23/><W125/><G125/><T58/><D58/><U45/><E73/><V97/><F97/><W6/><G6/><T54/><D54/><U56/><E38/><V134/><F134/><W34/><G34/><T69/><D69/><U133/><E133/><V24/><F24/><W47/><G47/><T126/><D126/><U93/><E93/><V132/><F132/><W92/><G92/><T127/><D127/><U70/><E70/><V15/><F15/><W40/><G40/><T115/><D115/><U121/><E121/><V61/><F62/><AGARI ba="0,0" hai="19,21,27,53,59,62,99,103,105,109,110,111,116,118" machi="62" ten="40,8000,1" yaku="14,1,52,3" doraHai="122" who="3" fromWho="2" sc="250,0,250,0,250,-80,250,80" /><INIT seed="1,0,0,0,4,4" ten="250,250,170,330" oya="1" hai0="134,110,24,80,117,29,23,25,98,121,41,10,22" hai1="38,109,51,64,7,45,106,16,39,13,90,2,27" hai2="115,53,78,132,63,36,119,65,19,20,123,46,43" hai3="82,89,58,95,60,79,74,118,50,37,130,71,97"/><U75/><E106/><V105/><F119/><W129/><G37/><T32/><D117/><U131/><E75/><V70/><F123/><W17/><G118/><T21/><D121/><U108/><E131/><N who="3" m="50186" /><G17/><T81/><D110/><N who="1" m="42603" /><E64/><V1/><F132/><W107/><G50/><T34/><D41/><N who="1" m="25007" /><E27/><V35/><F115/><W87/><G71/><T9/><D134/><U94/><E7/><V99/><F35/><W84/><G107/><T61/><D61/><U48/><E2/><V62/><F1/><W33/><G33/><T77/><D98/><N who="1" m="57687" /><E48/><V112/><F112/><W0/><G0/><T76/><D76/><U127/><E127/><V11/><F78/><W56/><G56/><T86/><D80/><U111/><N who="1" m="42611" /><U102/><DORA hai="113" /><E102/><V93/><F105/><W124/><G124/><T125/><D125/><U3/><E3/><V12/><F63/><W73/><G74/><T88/><D77/><U15/><E15/><V126/><F126/><W47/><G47/><T52/><D52/><AGARI ba="0,0" hai="52,58,60,73,79,82,84,87,89,95,97" m="50186" machi="52" ten="30,2000,0" yaku="19,1,54,1" doraHai="4,113" who="3" fromWho="0" sc="250,-20,250,0,170,0,330,20" /><INIT seed="2,0,0,5,1,25" ten="230,250,170,350" oya="2" hai0="89,116,103,111,11,121,2,106,49,59,31,75,78" hai1="133,81,43,1,24,23,14,53,109,51,50,20,93" hai2="54,82,77,60,87,94,123,38,85,107,76,33,96" hai3="32,128,68,105,91,18,80,108,74,70,8,69,62"/><V6/><F33/><W45/><G105/><T114/><D121/><U100/><E1/><V19/><F38/><W13/><G32/><T39/><D114/><U122/><E122/><V9/><F123/><W118/><G118/><T5/><D116/><U3/><E3/><V113/><F113/><W124/><G108/><T99/><D111/><U104/><E104/><V34/><F34/><W134/><G134/><T127/><D127/><U95/><E109/><V35/><F35/><W12/><G124/><T58/><D31/><N who="1" m="17799" /><E133/><V48/><F107/><W29/><G29/><T92/><D39/><U61/><E81/><V36/><F36/><W90/><G128/><T64/><D49/><U4/><E100/><V115/><F60/><W110/><G62/><T63/><D78/><U98/><E98/><V55/><F19/><W102/><G102/><T84/><REACH who="0" step="1"/><D75/><REACH who="0" ten="220,250,170,350" step="2"/><U119/><E119/><V71/><F115/><W135/><G135/><T97/><D97/><U10/><E50/><V65/><F48/><W130/><G74/><T67/><D67/><U120/><E120/><V129/><F129/><W126/><G130/><T117/><D117/><U15/><E43/><V7/><F77/><W132/><G126/><T86/><D86/><U37/><E37/><V88/><F87/><W131/><G131/><T44/><D44/><N who="1" m="27879" /><E61/><N who="2" m="40367" /><F6/><W16/><G132/><T30/><D30/><U79/><E79/><V66/><F66/><W27/><G110/><T40/><D40/><U0/><E0/><N who="2" m="231" /><F54/><W56/><G45/><T17/><D17/><AGARI ba="0,1" hai="4,10,14,15,17,23,93,95" m="27879,17799" machi="17" ten="30,2000,0" yaku="8,1,52,1" doraHai="25" who="1" fromWho="0" sc="220,-20,250,30,170,0,350,0" /><INIT seed="3,0,0,4,2,25" ten="200,280,170,350" oya="3" hai0="66,62,38,39,123,113,71,50,15,117,33,1,124" hai1="133,81,78,82,72,43,84,85,17,77,54,131,7" hai2="61,111,19,49,125,21,93,76,35,65,103,8,126" hai3="69,11,56,36,41,86,53,64,26,24,48,128,97"/><W68/><G68/><T114/><D1/><U52/><E131/><V90/><F35/><W5/><G128/><T57/><D33/><U89/><E133/><V73/><F111/><W110/><G110/><T99/><D123/><U32/><E32/><V107/><F103/><W118/><G118/><T129/><D129/><U16/><E43/><V30/><F107/><W3/><G86/><T83/><D117/><U12/><E7/><V10/><F49/><W109/><G97/><T132/><D132/><U42/><E42/><V135/><F135/><W127/><G127/><N who="2" m="48649" /><F76/><W79/><G79/><T100/><D124/><U23/><REACH who="1" step="1"/><E17/><REACH who="1" ten="200,270,170,350" step="2"/><V92/><F73/><W96/><G109/><T18/><D114/><U112/><E112/><V119/><F119/><W46/><G96/><T60/><D113/><U94/><AGARI ba="0,1" hai="12,16,23,52,54,72,77,78,81,82,84,85,89,94" machi="94" ten="20,8000,1" yaku="1,1,0,1,7,1,54,2,53,0" doraHai="25" doraHaiUra="34" who="1" fromWho="1" sc="200,-20,270,90,170,-20,350,-40" owari="180,-22.0,360,46.0,150,-35.0,310,11.0" /></mjloggm>