<mjloggm ver="2.3"><GO type="225" lobby="0"/><UN n0="%E3%81%AF%E3%82%88%E3%81%8A%E3%81%98%E3%81%95%E3%82%93" n1="%E6%A1%9C%E8%8A%B1%E9%96%83%E3%80%85" n2="%73%75%7A%75%6D%65%33" n3="%E3%81%8A%E3%81%AB%E3%82%83%E3%81%8A%E3%81%A1%E3%82%83" dan="17,17,17,16" rate="2230.49,2206.22,2178.65,2078.82" sx="M,M,M,M"/><TAIKYOKU oya="0"/><INIT seed="0,0,0,4,5,89" ten="250,250,250,250" oya="0" hai0="120,74,18,84,131,60,49,134,37,30,27,8,53" hai1="135,50,0,114,94,103,85,96,61,73,54,70,130" hai2="66,110,113,63,64,75,124,95,12,16,98,76,91" hai3="82,90,79,109,67,112,29,51,48,102,93,34,11"/><T44/><D120/><U45/><E73/><V26/><F113/><W122/><G112/><T121/><D74/><U55/><E114/><V78/><F124/><W38/><G122/><T108/><D121/><U3/><E135/><V132/><F132/><W20/><G38/><T115/><D115/><U42/><E130/><V117/><F117/><W92/><G34/><T47/><D134/><U77/><E77/><N who="2" m="29803" /><F75/><W6/><G67/><N who="2" m="25641" /><F110/><W31/><G109/><T21/><D108/><U97/><E85/><V10/><F26/><W107/><G107/><T35/><D131/><U33/><E33/><V32/><F32/><W9/><G102/><T59/><D37/><U57/><E70/><V19/><F63/><W46/><G79/><T101/><D101/><U88/><REACH who="1" step="1"/><E42/><REACH who="1" ten="250,240,250,250" step="2"/><V126/><F126/><W13/><G82/><T123/><D123/><U22/><E22/><V71/><F71/><W100/><G100/><T105/><D35/><U2/><E2/><V1/><F1/><W87/><G87/><T133/><D133/><U128/><E128/><V80/><F80/><W24/><G90/><T104/><D84/><U28/><E28/><V39/><F39/><W72/><G31/><T5/><D30/><U62/><E62/><V106/><F106/><AGARI ba="0,1" hai="0,3,45,50,54,55,57,61,88,94,96,97,103,106" machi="106" ten="30,7700,0" yaku="1,1,7,1,52,1,54,1,53,0" doraHai="89" doraHaiUra="4" who="1" fromWho="2" sc="250,0,240,87,250,-77,250,0" /><INIT seed="1,0,0,3,0,51" ten="250,327,173,250" oya="1" hai0="133,134,129,99,65,7,33,8,93,32,83,15,73" hai1="3,104,132,5,87,66,121,116,88,111,91,70,106" hai2="10,103,92,113,86,127,55,37,105,24,14,44,13" hai3="84,112,109,80,102,39,41,79,50,27,42,11,16"/><U22/><E116/><V19/><F113/><W81/><G109/><T26/><D65/><U48/><E121/><V21/><F127/><W128/><G112/><T30/><D129/><U47/><E132/><N who="0" m="50793" /><D83/><U53/><E111/><V119/><F119/><W2/><G128/><T63/><D63/><U35/><E35/><V29/><F105/><W74/><G102/><N who="0" m="60783" /><D73/><U101/><E22/><AGARI ba="0,0" hai="7,8,15,22,26,30,32,33" m="60783,50793" machi="22" ten="30,1000,0" yaku="20,1" doraHai="51" who="0" fromWho="1" sc="250,10,327,-10,173,0,250,0" /><INIT seed="2,0,0,4,2,54" ten="260,317,173,250" oya="2" hai0="83,55,86,75,36,65,111,76,68,79,64,126,97" hai1="117,63,58,131,28,122,57,78,40,95,88,12,44" hai2="3,39,47,1,24,115,53,14,105,96,61,6,67" hai3="71,7,30,52,34,93,17,19,118,70,13,42,124"/><V112/><F14/><W104/><G118/><T127/><D36/><U120/><E117/><V45/><F24/><W109/><G104/><T38/><D38/><U106/><E106/><V37/><F53/><W101/><G109/><T20/><D111/><U121/><E131/><V116/><F116/><W102/><G124/><N who="0" m="47659" /><D68/><U27/><E78/><V74/><F74/><W72/><G72/><T128/><D128/><U113/><E63/><V23/><F23/><W85/><G42/><T134/><D134/><U87/><E113/><V108/><F108/><W26/><G7/><T125/><D125/><U35/><E12/><V77/><F77/><W5/><G5/><T132/><D132/><U59/><E59/><V16/><F6/><W51/><G19/><T123/><D123/><U130/><E130/><V94/><F105/><W84/><G71/><T81/><D97/><U80/><E95/><V0/><F16/><W60/><G60/><T48/><D20/><U129/><E129/><V21/><F21/><W31/><G31/><T119/><D119/><U56/><E56/><AGARI ba="0,0" hai="48,55,56,64,65,75,76,79,81,83,86" m="47659" machi="56" ten="30,2000,0" yaku="18,1,52,1" doraHai="54" who="0" fromWho="1" sc="260,20,317,-20,173,0,250,0" /><INIT seed="3,0,0,4,1,129" ten="280,297,173,250" oya="3" hai0="32,75,47,110,88,114,43,104,124,64,62,3,70" hai1="127,15,2,116,48,39,89,71,20,95,23,12,63" hai2="126,117,97,133,82,125,120,7,94,59,11,56,26" hai3="135,93,10,106,121,111,14,50,18,6,0,49,38"/><W105/><G121/><T90/><D3/><U17/><E39/><V115/><F115/><W41/><G38/><T131/><D32/><U44/><E2/><V8/><F117/><W100/><G111/><T55/><D75/><U46/><E116/><V101/><F120/><W66/><G66/><T42/><D104/><U52/><E127/><N who="2" m="48651" /><F133/><W4/><G4/><T54/><D124/><U30/><E71/><V83/><F26/><W108/><G108/><T107/><D107/><U51/><E63/><V98/><F98/><W1/><G1/><T31/><D31/><U74/><E74/><V28/><F28/><W79/><G79/><T21/><D21/><N who="1" m="8267" /><E17/><V16/><F16/><W76/><G76/><T72/><D72/><U27/><E27/><V130/><F130/><W84/><G135/><T36/><D131/><U45/><E30/><V60/><F56/><W37/><G37/><T61/><D110/><U24/><E24/><V99/><F99/><N who="3" m="61599" /><G106/><T67/><D114/><U91/><E91/><V128/><F128/><W73/><G73/><T85/><D90/><U40/><E45/><V87/><F87/><AGARI ba="0,0" hai="12,15,40,44,46,48,51,52,87,89,95" m="8267" machi="87" ten="30,2000,0" yaku="8,1,54,1" doraHai="129" who="1" fromWho="2" sc="280,0,297,20,173,-20,250,0" owari="280,8.0,317,41.7,153,-34.7,250,-15.0" /></mjloggm>