<mjloggm ver="2.3"><GO type="225" lobby="0"/><UN n0="%43%68%65" n1="%E3%81%8B%E3%82%8F%E3%81%A1%E3%82%83%E3%82%93%35%38" n2="%E4%BF%BA%E3%81%A8%E5%A6%96%E5%A4%A2" n3="%70%68%65%6E%6F%6D%65" dan="16,16,16,16" rate="2182.81,2159.95,2210.44,2119.39" sx="M,M,F,M"/><TAIKYOKU oya="0"/><INIT seed="0,0,0,3,5,37" ten="250,250,250,250" oya="0" hai0="108,84,55,99,19,7,22,56,131,35,112,123,109" hai1="134,71,75,95,119,64,73,6,93,68,17,43,10" hai2="36,16,13,80,62,91,20,21,9,58,128,53,86" hai3="18,66,116,48,25,60,106,28,94,129,39,82,100"/><T40/><D112/><U11/><E17/><V33/><F33/><W97/><G116/><T111/><D123/><U105/><E64/><V4/><F36/><W30/><G129/><T79/><D35/><U61/><E61/><V121/><F128/><W83/><G39/><T27/><D131/><U113/><E6/><V63/><F121/><W57/><G106/><T104/><D7/><U88/><E105/><V49/><REACH who="2" step="1"/><F20/><REACH who="2" ten="250,250,240,250" step="2"/><N who="3" m="13463" /><G48/><T38/><D38/><U126/><E119/><V98/><F98/><W67/><G67/><T101/><D40/><U34/><E34/><V24/><AGARI ba="0,1" hai="4,9,13,16,21,24,49,53,58,62,63,80,86,91" machi="24" ten="20,12000,2" yaku="1,1,0,1,7,1,8,1,54,1,53,1" doraHai="37" doraHaiUra="14" who="2" fromWho="2" sc="250,-60,250,-30,240,130,250,-30" /><INIT seed="1,0,0,0,3,74" ten="190,220,370,220" oya="1" hai0="110,54,106,4,126,24,15,44,38,47,85,97,81" hai1="78,29,11,34,9,92,107,57,48,87,0,59,66" hai2="113,55,101,122,96,77,13,133,128,40,23,53,25" hai3="46,121,98,45,125,26,58,7,71,61,79,69,6"/><U111/><E107/><V130/><F122/><W75/><G121/><T123/><D123/><U76/><E34/><V127/><F127/><W73/><G125/><T12/><D126/><U93/><E0/><V95/><F133/><W60/><G58/><N who="1" m="22026" /><E29/><V88/><F113/><W30/><G30/><T42/><D110/><U131/><E131/><N who="2" m="50219" /><F40/><W117/><G98/><T108/><D108/><U80/><E111/><V90/><F77/><N who="1" m="29801" /><E66/><V65/><F65/><W41/><G79/><T35/><D106/><U120/><E120/><V2/><F2/><W89/><G117/><T119/><D35/><U17/><E48/><V134/><F134/><W32/><G32/><T86/><D38/><U124/><E124/><V63/><F63/><W27/><REACH who="3" step="1"/><G41/><REACH who="3" ten="190,220,370,210" step="2"/><T115/><D42/><U8/><E17/><V109/><F109/><W5/><G5/><T28/><D4/><U83/><E87/><V52/><F13/><W132/><G132/><T116/><D116/><U1/><E1/><V102/><F102/><W72/><G72/><T103/><D119/><U20/><E20/><V105/><F105/><W64/><G64/><T56/><D103/><U43/><E43/><V62/><F62/><W39/><G39/><T10/><D86/><U91/><E91/><AGARI ba="0,1" hai="6,7,26,27,45,46,60,61,69,71,73,75,89,91" machi="91" ten="25,3200,0" yaku="1,1,22,2,53,0" doraHai="74" doraHaiUra="36" who="3" fromWho="1" sc="190,0,220,-32,370,0,210,42" /><INIT seed="2,0,0,5,5,100" ten="190,188,370,252" oya="2" hai0="79,85,101,95,32,75,64,106,37,119,43,34,55" hai1="33,44,117,38,130,51,62,122,63,115,13,107,112" hai2="77,71,52,123,92,133,103,129,17,58,41,19,72" hai3="61,56,120,65,113,82,28,135,35,87,23,118,83"/><V4/><F123/><W42/><G120/><T121/><D121/><U45/><E122/><RYUUKYOKU type="kaze4" ba="0,0" sc="190,0,188,0,370,0,252,0" /><INIT seed="2,1,0,2,5,78" ten="190,188,370,252" oya="2" hai0="88,43,87,36,47,32,16,110,5,70,116,82,96" hai1="76,8,42,40,92,108,26,67,123,90,109,58,104" hai2="133,59,63,21,25,99,62,71,95,73,75,18,33" hai3="64,41,130,39,120,93,29,77,23,79,3,30,85"/><V111/><F133/><W38/><G120/><T19/><D110/><N who="1" m="42603" /><E104/><V127/><F111/><W128/><G3/><T53/><D116/><U119/><E119/><V50/><F127/><W61/><G93/><T31/><D70/><U86/><E123/><V124/><F124/><W4/><G4/><T54/><D5/><U113/><E113/><V14/><F71/><W57/><G41/><T98/><D31/><N who="3" m="11785" /><G23/><T125/><D32/><U94/><E26/><V20/><F33/><W1/><G1/><T107/><D125/><U0/><E76/><N who="3" m="29258" /><G85/><T35/><D35/><U72/><E72/><V89/><F73/><W17/><G17/><T34/><D34/><U129/><E129/><AGARI ba="1,0" hai="38,39,57,61,64,128,129,130" m="29258,11785" machi="129" ten="30,1000,0" yaku="19,1" doraHai="78" who="3" fromWho="1" sc="190,0,188,-13,370,0,252,13" /><INIT seed="3,0,0,2,0,5" ten="190,175,370,265" oya="3" hai0="69,97,17,108,39,27,75,100,10,52,119,128,50" hai1="38,94,37,113,104,91,30,62,14,3,29,83,4" hai2="28,110,33,96,55,64,36,63,42,1,120,7,65" hai3="125,51,77,133,8,54,103,112,20,123,72,130,116"/><W34/><G34/><T0/><D119/><U25/><E113/><V18/><F110/><W53/><G112/><T31/><D39/><U87/><E104/><V24/><F120/><W99/><G116/><T32/><D108/><U81/><E3/><V73/><F73/><W122/><G125/><T85/><D75/><U68/><E38/><V84/><F42/><W60/><G130/><T115/><D128/><U127/><E37/><V22/><F36/><W109/><G133/><T106/><D69/><U90/><E68/><V57/><F96/><W74/><G20/><T118/><D118/><U82/><E127/><V92/><F92/><W13/><G60/><T35/><D115/><U16/><E62/><V107/><F84/><W44/><G54/><T19/><D35/><U58/><E58/><V43/><F43/><W6/><G74/><T86/><D19/><U117/><E117/><V26/><F107/><W41/><G72/><T70/><D70/><U9/><E91/><V66/><F65/><W129/><G109/><T80/><D80/><U95/><E95/><V2/><F2/><W56/><G129/><T15/><D0/><U45/><E45/><AGARI ba="0,0" hai="10,15,17,27,31,32,45,50,52,85,86,97,100,106" machi="45" ten="30,3900,0" yaku="7,1,52,1,54,1" doraHai="5" who="0" fromWho="1" sc="190,39,175,-39,370,0,265,0" owari="229,-17.1,136,-36.4,370,47.0,265,6.5" /></mjloggm>