<mjloggm ver="2.3"><GO type="225" lobby="0"/><UN n0="%E7%99%BD%E5%80%89%E5%AF%9B%E4%B9%8B" n1="%E3%81%8B%E3%82%8F%E3%81%A1%E3%82%83%E3%82%93%35%38" n2="%E5%91%A8%E6%9D%B1" n3="%E3%81%BF%E3%81%BF%E3%81%9A" dan="16,16,17,17" rate="2124.45,2167.58,2243.82,2167.34" sx="M,M,M,M"/><TAIKYOKU oya="0"/><INIT seed="0,0,0,3,5,55" ten="250,250,250,250" oya="0" hai0="109,114,19,70,7,8,121,132,59,82,64,50,52" hai1="15,79,90,12,102,27,26,66,54,117,14,112,33" hai2="45,49,97,92,87,131,31,113,133,47,128,98,85" hai3="125,58,89,48,107,83,3,108,42,105,9,56,30"/><T10/><D121/><U4/><E117/><V24/><F113/><W122/><G30/><T116/><D116/><U118/><E118/><V35/><F133/><W69/><G69/><T119/><D119/><U68/><E33/><V29/><F29/><W20/><G20/><T76/><D114/><U11/><E112/><V111/><F111/><W126/><G108/><T91/><D109/><U62/><E102/><V13/><F13/><W115/><G115/><T94/><D132/><U34/><E79/><V135/><F135/><W53/><G42/><T95/><D64/><U71/><E71/><V46/><F49/><W65/><G122/><T39/><D39/><U2/><E34/><V37/><F37/><W100/><G83/><T1/><D70/><U16/><E16/><V23/><F35/><W120/><G89/><T51/><D51/><U28/><E28/><V84/><REACH who="2" step="1"/><F92/><REACH who="2" ten="250,250,240,250" step="2"/><W67/><G120/><T17/><D95/><U5/><E5/><V40/><F40/><W101/><G3/><T110/><D110/><U73/><E26/><V96/><AGARI ba="0,1" hai="23,24,31,45,46,47,84,85,87,96,97,98,128,131" machi="96" ten="40,8000,1" yaku="1,1,0,1,29,2,53,0" doraHai="55" doraHaiUra="75" who="2" fromWho="2" sc="250,-40,250,-20,240,90,250,-20" /><INIT seed="1,0,0,3,3,9" ten="210,230,330,230" oya="1" hai0="90,15,0,112,12,66,87,73,10,124,52,18,70" hai1="97,118,21,121,65,58,111,64,81,33,94,48,36" hai2="63,37,8,123,4,92,103,125,127,106,132,135,53" hai3="44,129,3,35,98,16,86,96,2,42,120,23,54"/><U104/><E118/><V41/><F106/><W93/><G120/><T107/><D73/><U83/><E33/><V122/><F103/><W59/><G35/><T51/><D107/><U69/><E36/><V61/><F92/><W45/><G129/><T134/><D112/><U11/><E104/><V1/><F41/><W49/><G2/><T77/><D77/><U131/><E121/><N who="2" m="46091" /><F37/><W27/><G3/><T47/><D124/><N who="2" m="47690" /><F53/><W7/><G7/><T116/><D134/><AGARI ba="0,0" hai="1,4,8,61,63,132,134,135" m="47690,46091" machi="134" ten="40,2600,0" yaku="20,1,18,1" doraHai="9" who="2" fromWho="0" sc="210,-26,230,0,330,26,230,0" /><INIT seed="2,0,0,1,4,89" ten="184,230,356,230" oya="2" hai0="92,20,52,97,30,103,122,25,108,42,55,53,79" hai1="7,81,107,64,16,80,10,126,36,32,21,18,113" hai2="67,59,98,19,31,1,11,76,35,22,65,125,17" hai3="68,133,101,91,127,129,84,9,135,78,120,4,48"/><V93/><F125/><W73/><G120/><T83/><D122/><U27/><E113/><V69/><F76/><W49/><G68/><T60/><D108/><U66/><E107/><V47/><F69/><W15/><G127/><T75/><REACH who="0" step="1"/><D42/><REACH who="0" ten="174,230,356,230" step="2"/><U2/><E126/><V57/><F35/><W117/><G117/><T23/><D23/><U14/><E36/><V115/><F22/><W71/><G135/><T0/><D0/><U26/><E26/><V39/><F1/><W95/><G133/><T72/><D72/><U50/><E32/><V40/><F40/><W112/><G112/><T130/><D130/><U28/><E2/><V109/><F39/><W46/><G129/><T94/><D94/><U12/><E81/><V61/><F93/><W131/><G131/><T74/><D74/><U63/><E80/><V6/><F109/><W38/><G73/><T87/><D87/><U100/><E27/><V77/><F115/><W41/><G78/><T114/><D114/><U58/><E21/><V44/><F77/><W24/><G101/><T124/><D124/><U85/><E85/><V56/><F11/><W88/><G24/><T102/><D102/><U8/><E100/><V90/><F90/><W37/><G91/><T29/><D29/><U43/><E28/><V123/><F31/><W62/><REACH who="3" step="1"/><G38/><REACH who="3" ten="174,230,356,220" step="2"/><T111/><D111/><U104/><E104/><V110/><F123/><W134/><G134/><T132/><D132/><U105/><E105/><V34/><F110/><W86/><G86/><T70/><D70/><U106/><E106/><V51/><F34/><W33/><G33/><RYUUKYOKU ba="0,2" sc="174,15,230,-15,356,-15,220,15" hai0="20,25,30,52,53,55,60,75,79,83,92,97,103" hai3="4,9,15,37,41,46,48,49,62,71,84,88,95" /><INIT seed="3,1,2,5,5,114" ten="189,215,341,235" oya="3" hai0="67,42,33,24,34,27,1,7,75,8,28,102,11" hai1="132,50,49,94,29,106,38,108,13,82,74,111,22" hai2="10,76,81,19,78,116,53,73,109,62,21,101,97" hai3="32,36,70,119,91,93,48,96,66,40,104,130,30"/><W43/><G36/><T45/><D75/><U57/><E106/><V100/><F109/><N who="1" m="42057" /><E132/><V128/><F116/><W89/><G119/><T126/><D102/><U9/><E38/><V122/><F128/><W129/><G104/><T118/><D118/><U133/><E133/><V54/><F78/><W52/><G91/><T131/><D131/><N who="3" m="50185" /><G66/><T124/><D67/><U37/><E37/><V59/><F122/><W47/><G70/><T83/><D83/><U105/><E105/><V20/><F101/><W15/><G15/><T18/><D45/><U6/><E94/><V63/><F100/><W60/><G60/><T79/><D79/><N who="1" m="44407" /><E57/><V58/><F97/><W80/><G80/><T88/><D88/><U98/><E98/><V115/><F115/><W77/><G77/><T16/><D42/><U39/><E39/><V14/><AGARI ba="1,2" hai="10,14,19,20,21,53,54,58,59,62,63,73,76,81" machi="14" ten="30,2000,0" yaku="0,1,9,1" doraHai="114" who="2" fromWho="2" sc="189,-6,215,-6,341,43,235,-11" owari="183,-31.7,209,-19.1,384,48.4,224,2.4" /></mjloggm>