<mjloggm ver="2.3"><GO type="225" lobby="0"/><UN n0="%4C%E3%82%AA%E3%83%97%E3%83%86%E3%82%A3%E3%82%B8%E3%83%B3%E3%82%AF" n1="%E6%9D%B1%E9%A2%A8%E3%81%AE%E3%81%8D%E3%82%83%E3%81%B7%E3%81%95%E3%82%93" n2="%E5%8D%A0%E3%81%84%E5%B8%AB%E8%A3%8F%E3%81%AA%E3%81%84%E3%81%97" n3="%E3%83%A9%E3%83%BC%E3%83%A1%E3%83%B3%E4%BA%94%E9%83%8E" dan="16,16,17,16" rate="2128.36,2186.47,2255.56,2106.16" sx="M,M,M,M"/><TAIKYOKU oya="0"/><INIT seed="0,0,0,0,0,78" ten="250,250,250,250" oya="0" hai0="68,71,22,113,1,120,98,70,21,12,69,16,106" hai1="6,126,66,85,3,114,30,8,134,2,15,95,39" hai2="53,34,26,40,110,115,108,74,135,75,50,18,14" hai3="124,111,4,48,112,0,83,123,46,127,7,132,47"/><T105/><D113/><U38/><E114/><V86/><F115/><W57/><G123/><T10/><D120/><U72/><E72/><V9/><F135/><W61/><G112/><T43/><D43/><U118/><E30/><N who="2" m="19799" /><F40/><W125/><G132/><T44/><N who="0" m="17408" /><DORA hai="94" /><T109/><D109/><N who="2" m="42090" /><F86/><W93/><G111/><T100/><D44/><AGARI ba="0,0" hai="9,14,18,44,50,53,74,75" m="42090,19799" machi="44" ten="30,1000,0" yaku="14,1" doraHai="78,94" who="2" fromWho="0" sc="250,-10,250,0,250,10,250,0" /><INIT seed="1,0,0,5,0,96" ten="240,250,260,250" oya="1" hai0="102,67,125,118,41,82,124,126,109,70,105,11,112" hai1="80,35,85,34,132,27,19,134,92,14,1,91,81" hai2="94,21,43,31,44,52,26,12,45,58,100,15,119" hai3="32,90,61,107,16,23,99,73,122,76,20,75,128"/><U104/><E104/><V3/><F3/><W49/><G122/><T116/><D112/><U113/><E1/><V117/><F117/><W78/><G32/><N who="1" m="12330" /><E27/><V63/><F119/><W47/><G128/><T17/><D109/><U93/><E80/><V25/><F25/><W121/><G121/><T106/><D41/><U87/><E85/><V111/><F111/><W6/><G6/><T60/><D106/><U66/><E66/><V48/><F44/><W95/><G107/><T53/><D53/><U127/><E113/><V7/><F7/><W72/><G61/><T120/><D120/><U89/><E89/><V22/><F22/><W68/><G68/><T50/><D50/><U33/><E127/><V130/><F130/><W64/><G23/><T28/><D28/><U5/><E5/><V129/><F129/><W115/><G64/><T40/><D40/><U79/><N who="1" m="12338" /><U57/><DORA hai="135" /><E57/><V29/><F29/><W4/><G4/><T54/><D54/><U86/><E93/><V103/><F94/><W59/><G59/><T13/><REACH who="0" step="1"/><D82/><REACH who="0" ten="230,250,260,250" step="2"/><N who="1" m="47455" /><E92/><V131/><F131/><W108/><G115/><T123/><D123/><U55/><E55/><V30/><F30/><W69/><G108/><T77/><D77/><U56/><E56/><V0/><F0/><W133/><G76/><T36/><D36/><U65/><E65/><N who="2" m="39159" /><F43/><N who="3" m="24831" /><G78/><T24/><D24/><U71/><E71/><V51/><F51/><W62/><G69/><T9/><D9/><N who="1" m="6607" /><E132/><V46/><F45/><W84/><G133/><T8/><D8/><U39/><E134/><V110/><F110/><W101/><G20/><RYUUKYOKU ba="0,1" sc="230,10,250,10,260,10,250,-30" hai0="11,13,17,60,67,70,102,105,116,118,124,125,126" hai1="39,81,87,91" hai2="12,15,21,26,31,46,48,52,100,103" /><INIT seed="1,1,1,0,5,89" ten="240,260,270,220" oya="1" hai0="34,38,8,98,126,2,27,22,62,55,128,122,129" hai1="65,86,0,130,63,135,74,6,114,105,47,58,13" hai2="118,36,72,88,40,70,3,87,134,5,52,97,124" hai3="96,81,76,46,53,108,123,113,51,33,50,29,110"/><U125/><E74/><V35/><F118/><W101/><G123/><T1/><D122/><U54/><E105/><V71/><F35/><W16/><G113/><T94/><D38/><U127/><E0/><V41/><F72/><W23/><G29/><T109/><D34/><U66/><E114/><V18/><F134/><W60/><G33/><T57/><D109/><N who="3" m="42089" /><G60/><T30/><D126/><N who="1" m="48139" /><E135/><V49/><F124/><W116/><G116/><T61/><D61/><U14/><E130/><N who="0" m="50281" /><D8/><N who="1" m="4247" /><E86/><V91/><F87/><N who="3" m="48551" /><G46/><T95/><D95/><U99/><E99/><V73/><F97/><W112/><G112/><T20/><D20/><U82/><E82/><V120/><F73/><W80/><G80/><T37/><D37/><U111/><E111/><V45/><F36/><W24/><G53/><T106/><D106/><AGARI ba="1,1" hai="16,23,24,50,51,96,101,106" m="48551,42089" machi="106" ten="30,2000,0" yaku="14,1,54,1" doraHai="89" who="3" fromWho="0" sc="240,-23,260,0,270,0,220,33" /><INIT seed="2,0,0,2,3,51" ten="217,260,270,253" oya="2" hai0="50,44,116,121,32,98,77,49,93,83,94,57,31" hai1="47,1,34,81,99,2,118,75,87,15,78,8,54" hai2="127,36,22,92,16,85,18,104,130,106,80,76,13" hai3="59,111,91,4,41,134,0,25,37,20,55,71,120"/><V73/><F130/><W21/><G120/><T53/><D121/><U40/><E34/><V12/><F36/><W28/><G71/><T67/><D116/><U42/><E118/><V110/><F127/><W90/><G134/><T5/><D5/><U113/><E113/><V108/><F92/><W101/><G101/><T95/><D32/><U70/><E70/><V131/><F131/><W9/><G111/><N who="2" m="42537" /><F73/><W96/><G96/><T97/><D31/><U124/><E124/><V29/><F29/><W23/><G41/><T88/><D97/><U84/><E99/><V11/><AGARI ba="0,0" hai="11,12,13,16,18,22,76,80,85,104,106" m="42537" machi="11" ten="30,6000,0" yaku="14,1,10,1,54,1" doraHai="51" who="2" fromWho="2" sc="217,-20,260,-20,270,60,253,-20" /><INIT seed="2,1,0,3,5,103" ten="197,240,330,233" oya="2" hai0="68,13,52,115,129,135,4,134,74,57,99,92,67" hai1="76,15,113,107,34,2,61,65,48,72,6,88,28" hai2="73,64,32,127,96,77,18,51,133,71,49,120,69" hai3="40,19,37,60,131,91,27,124,25,38,33,0,63"/><V75/><F120/><W66/><G0/><T1/><D115/><U112/><E2/><V97/><F32/><W114/><G124/><T59/><D74/><U82/><E48/><V121/><F121/><W54/><G114/><T132/><D129/><U93/><E28/><V105/><F127/><W24/><G131/><T50/><D1/><U30/><E30/><V5/><F18/><W83/><G33/><T29/><D29/><U36/><E34/><V98/><F133/><W58/><G19/><T108/><D108/><U44/><E44/><V85/><F85/><W89/><G40/><T3/><D3/><U21/><E36/><V86/><F86/><W87/><REACH who="3" step="1"/><G91/><REACH who="3" ten="197,240,330,223" step="2"/><T55/><D4/><U23/><E113/><V109/><F5/><W78/><G78/><T90/><D13/><U26/><E112/><V39/><F77/><W111/><G111/><T8/><D8/><U118/><E6/><V45/><F109/><W101/><G101/><T53/><REACH who="0" step="1"/><D50/><REACH who="0" ten="187,240,330,223" step="2"/><U84/><E15/><V79/><F49/><W94/><G94/><T126/><D126/><U100/><E26/><V17/><F51/><W123/><G123/><T130/><D130/><U117/><E117/><V35/><F17/><W102/><G102/><T104/><D104/><U62/><E118/><V9/><F105/><W10/><G10/><T70/><D70/><AGARI ba="1,2" hai="24,25,27,37,38,54,58,60,63,66,70,83,87,89" machi="70" ten="40,8000,1" yaku="1,1,53,3" doraHai="103" doraHaiUra="20" who="3" fromWho="0" sc="187,-83,240,0,330,0,223,103" /><INIT seed="3,0,0,5,3,26" ten="104,240,330,326" oya="3" hai0="123,8,55,126,11,94,76,89,1,52,43,20,100" hai1="109,102,85,130,47,81,6,30,4,111,59,112,7" hai2="10,122,84,31,121,50,53,34,36,131,118,64,113" hai3="35,128,56,60,68,78,83,32,33,66,38,98,65"/><W51/><G38/><T57/><D126/><U62/><E130/><V91/><F118/><W132/><G128/><T77/><D123/><N who="2" m="47114" /><F131/><W37/><G37/><T129/><D129/><U0/><E102/><V27/><F36/><W135/><G98/><T119/><D119/><U125/><E125/><V104/><F104/><W120/><G120/><T82/><D43/><U28/><E47/><N who="2" m="27871" /><F10/><W107/><G107/><T90/><D1/><U18/><E18/><V88/><F113/><W101/><G101/><T54/><D100/><U106/><E106/><V23/><F64/><N who="3" m="38919" /><G51/><T44/><D44/><U12/><E12/><V22/><F91/><W92/><G92/><AGARI ba="0,0" hai="22,23,27,31,34,84,88,92" m="27871,47114" machi="92" ten="30,3900,0" yaku="13,1,52,1,54,1" doraHai="26" who="2" fromWho="3" sc="104,0,240,0,330,39,326,-39" owari="104,-39.6,240,-16.0,369,46.9,287,8.7" /></mjloggm>