<mjloggm ver="2.3"><GO type="225" lobby="0"/><UN n0="%E5%91%A8%E6%9D%B1" n1="%E6%98%93%E5%88%A9%E8%96%A9%E4%BC%AF" n2="%E3%83%A9%E3%82%A4%E3%83%B3%E3%81%AE%E8%99%8E" n3="%E3%80%93%E3%81%97%E3%83%BC%E3%82%89%E3%80%93" dan="17,17,16,16" rate="2224.85,2151.46,2158.39,2207.78" sx="M,F,M,M"/><TAIKYOKU oya="0"/><INIT seed="0,0,0,1,5,125" ten="250,250,250,250" oya="0" hai0="0,38,135,67,5,34,102,94,23,79,40,33,114" hai1="95,49,98,16,52,14,61,47,42,7,86,63,35" hai2="97,90,122,88,96,82,11,121,58,59,15,41,10" hai3="45,106,28,60,83,70,36,66,101,104,85,62,21"/><T81/><D114/><U6/><E35/><V46/><F121/><W127/><G127/><T3/><D67/><U100/><E86/><V74/><F122/><W117/><G117/><T113/><D3/><U105/><E105/><V19/><F74/><W129/><G101/><T53/><D53/><U131/><E131/><V120/><F120/><W133/><G129/><T12/><D12/><U118/><E118/><V87/><F10/><W64/><G133/><T108/><D23/><N who="1" m="11671" /><E63/><V109/><F109/><W78/><G28/><T112/><D135/><U110/><E110/><V111/><F111/><W92/><G21/><T4/><D108/><U20/><E20/><V24/><F24/><W30/><G30/><T39/><D0/><U75/><E75/><V134/><F134/><W56/><REACH who="3" step="1"/><G92/><REACH who="3" ten="250,250,250,240" step="2"/><T128/><D94/><U115/><E115/><V57/><REACH who="2" step="1"/><F90/><REACH who="2" ten="250,250,240,240" step="2"/><W54/><G54/><T65/><D113/><U77/><E77/><V37/><AGARI ba="0,2" hai="11,15,19,37,41,46,57,58,59,82,87,88,96,97" machi="37" ten="30,8000,1" yaku="1,1,2,1,0,1,54,1,53,1" doraHai="125" doraHaiUra="68" who="2" fromWho="2" sc="250,-40,250,-20,240,100,240,-20" /><INIT seed="1,0,0,3,2,117" ten="210,230,340,220" oya="1" hai0="19,75,58,53,57,134,14,21,122,101,89,79,23" hai1="119,42,39,44,69,35,87,110,43,40,66,56,106" hai2="93,67,55,52,80,25,105,86,88,115,100,126,111" hai3="95,74,65,90,61,135,45,70,62,29,3,30,15"/><U38/><E119/><V31/><F111/><W34/><G3/><T59/><D134/><U17/><E35/><V103/><F126/><W130/><G74/><T47/><D75/><U6/><E6/><V27/><F105/><W120/><G135/><T129/><D129/><U49/><E106/><V113/><F67/><W4/><G130/><T11/><D79/><U0/><E87/><V73/><F25/><W54/><G34/><T121/><D101/><N who="2" m="38986" /><F80/><W72/><G72/><T77/><D89/><U107/><E17/><V64/><F64/><W96/><G120/><N who="0" m="46187" /><D77/><U132/><E0/><V104/><F104/><W125/><G125/><T1/><D1/><U85/><E85/><V116/><F73/><W20/><G20/><N who="0" m="7755" /><D47/><U8/><E107/><V33/><F116/><W133/><G133/><T60/><AGARI ba="0,0" hai="11,14,19,53,57,58,59,60" m="7755,46187" machi="60" ten="30,7900,0" yaku="13,1,52,3" doraHai="117" who="0" fromWho="0" sc="210,79,230,-39,340,-20,220,-20" /><INIT seed="2,0,0,3,5,100" ten="289,191,320,200" oya="2" hai0="11,114,39,14,32,107,8,19,118,0,18,58,79" hai1="65,52,48,17,12,93,117,89,33,1,40,24,90" hai2="78,35,67,66,87,20,63,108,38,86,104,9,70" hai3="61,81,22,56,74,98,135,131,103,119,115,130,28"/><V21/><F38/><W26/><G119/><T4/><D39/><U111/><E117/><V71/><F35/><W88/><G135/><T83/><D118/><U10/><E111/><V34/><F34/><W96/><G115/><T84/><D114/><U85/><E65/><V82/><F108/><W50/><G50/><T125/><D32/><U16/><E1/><V3/><F104/><W75/><G96/><T126/><D107/><U95/><E40/><V64/><F64/><W124/><G124/><N who="0" m="47723" /><D58/><N who="1" m="33031" /><E33/><V62/><REACH who="2" step="1"/><F86/><REACH who="2" ten="289,191,310,200" step="2"/><N who="3" m="50255" /><G131/><T45/><D45/><U13/><E24/><V60/><F60/><W121/><G130/><T105/><D105/><U133/><E133/><V15/><F15/><N who="1" m="5705" /><E10/><V120/><F120/><W97/><G121/><T41/><D41/><U43/><E43/><V116/><F116/><W101/><G75/><T99/><D99/><AGARI ba="0,1" hai="16,17,85,89,90,93,95,99" m="5705,33031" machi="99" ten="30,3900,0" yaku="8,1,54,2" doraHai="100" who="1" fromWho="0" sc="289,-39,191,49,310,0,200,0" /><INIT seed="3,0,0,3,3,41" ten="250,240,310,200" oya="3" hai0="15,35,22,115,94,20,96,23,93,64,129,130,56" hai1="70,75,109,122,11,74,99,16,79,62,4,65,31" hai2="59,21,32,89,5,36,51,133,87,131,84,52,3" hai3="25,83,60,45,120,7,46,77,134,82,39,118,123"/><W132/><G39/><T50/><D35/><U18/><E122/><N who="3" m="46634" /><G7/><T44/><D115/><U114/><E114/><V127/><F36/><W126/><G118/><T66/><D15/><U128/><E109/><V85/><F32/><W17/><G126/><T9/><D9/><U29/><E128/><N who="0" m="49257" /><D56/><U0/><E99/><V100/><F127/><W13/><G25/><T6/><D6/><U107/><E107/><V10/><F131/><W72/><G60/><T91/><D94/><U12/><E18/><V102/><F5/><W111/><G83/><T92/><D92/><U28/><REACH who="1" step="1"/><E79/><REACH who="1" ten="250,230,310,200" step="2"/><V67/><F133/><N who="3" m="51307" /><G111/><T30/><D30/><U76/><E76/><V95/><F102/><W98/><G98/><T58/><D58/><U78/><E78/><V63/><F100/><W124/><G124/><T86/><D96/><U40/><E40/><AGARI ba="0,1" hai="20,22,23,40,44,50,64,66,86,91,93" m="49257" machi="40" ten="30,2000,0" yaku="19,1,52,1" doraHai="41" who="0" fromWho="1" sc="250,30,230,-20,310,0,200,0" owari="280,8.0,210,-19.0,310,41.0,200,-30.0" /></mjloggm>