<mjloggm ver="2.3"><GO type="225" lobby="0"/><UN n0="%72%65%6E%6B%75%6E" n1="%69%4F%4B%4F%69" n2="%E3%81%90%E3%81%A1%E3%82%84%E3%81%BE" n3="%61%74%73%75%74%6F%64%6F" dan="17,16,16,16" rate="2208.02,2156.29,2132.07,2076.02" sx="M,M,M,M"/><TAIKYOKU oya="0"/><INIT seed="0,0,0,3,1,121" ten="250,250,250,250" oya="0" hai0="127,21,83,42,122,33,111,61,132,12,93,19,40" hai1="96,11,123,80,133,46,101,134,37,100,55,107,73" hai2="117,119,2,26,32,15,108,126,67,131,30,91,17" hai3="63,71,94,106,53,84,54,28,47,4,78,62,97"/><T18/><D122/><U125/><E123/><V72/><F72/><W130/><G130/><T95/><D33/><U128/><E128/><V112/><F131/><W0/><G28/><T89/><D127/><U66/><E66/><V25/><F2/><W113/><G113/><T86/><D132/><U135/><E125/><V57/><F126/><W27/><G27/><N who="0" m="14775" /><D61/><U115/><E115/><V10/><F112/><W116/><G116/><N who="2" m="44617" /><F26/><W87/><G106/><T129/><D129/><U20/><E101/><V22/><F91/><W60/><G71/><T7/><D7/><U77/><E20/><V92/><F92/><N who="0" m="35402" /><D111/><U8/><REACH who="1" step="1"/><E55/><REACH who="1" ten="250,240,250,250" step="2"/><V105/><F32/><W16/><G54/><T85/><D86/><U44/><E44/><V50/><F67/><W41/><G87/><T35/><D35/><U103/><E103/><V23/><F23/><AGARI ba="0,1" hai="12,19,23,40,42,83,85,89" m="35402,14775" machi="23" ten="30,1500,0" yaku="8,1" doraHai="121" who="0" fromWho="2" sc="250,25,240,0,250,-15,250,0" /><INIT seed="0,1,0,0,5,94" ten="275,240,235,250" oya="0" hai0="8,23,81,128,52,71,35,105,5,78,114,51,77" hai1="61,66,44,56,73,101,63,86,100,82,29,127,107" hai2="28,57,90,13,32,22,60,24,31,33,25,53,11" hai3="133,117,119,58,67,122,34,135,15,87,83,109,4"/><T40/><D35/><U92/><E127/><V30/><F90/><W62/><G34/><T84/><D114/><U130/><E73/><V47/><F47/><W10/><G109/><T76/><D71/><U103/><E107/><V27/><REACH who="2" step="1"/><F22/><REACH who="2" ten="275,240,225,250" step="2"/><W38/><G122/><T20/><D20/><U42/><E130/><V129/><F129/><W49/><G38/><T68/><D128/><U59/><E44/><V74/><F74/><W102/><G102/><T97/><D23/><U6/><E103/><V110/><F110/><W96/><G119/><T41/><D77/><U9/><E101/><V111/><F111/><W116/><G117/><T99/><D76/><U124/><E100/><V85/><F85/><W121/><G116/><T55/><D105/><U132/><E86/><V134/><F134/><W0/><G121/><T112/><D112/><U46/><E132/><V106/><F106/><W17/><G135/><T118/><D118/><U65/><E46/><V89/><F89/><W14/><G133/><T12/><D68/><U45/><E45/><V48/><F48/><W64/><G49/><T18/><D51/><U88/><E88/><V104/><F104/><W98/><G87/><T54/><REACH who="0" step="1"/><D5/><AGARI ba="1,1" hai="5,11,13,24,25,27,28,30,31,32,33,53,57,60" machi="5" ten="40,1300,0" yaku="1,1,53,0" doraHai="94" doraHaiUra="131" who="2" fromWho="0" sc="275,-16,240,0,225,26,250,0" /><INIT seed="1,0,0,5,2,33" ten="259,240,251,250" oya="1" hai0="81,82,18,15,23,91,31,62,60,123,121,113,75" hai1="134,32,69,130,42,56,58,27,87,7,40,118,55" hai2="72,77,92,84,102,109,50,70,52,131,44,112,128" hai3="47,73,99,19,80,14,61,39,83,6,104,12,114"/><U36/><E118/><V97/><F70/><W120/><G114/><T9/><D113/><U89/><E69/><V59/><F112/><W30/><G120/><T100/><D100/><U86/><E36/><V67/><F109/><W51/><G39/><T13/><D75/><U135/><E130/><N who="2" m="49707" /><F72/><W41/><G30/><T11/><D31/><U26/><E7/><V116/><F116/><W65/><G73/><T106/><D106/><U111/><E32/><V124/><F124/><W107/><G6/><T71/><D71/><U103/><E103/><V117/><F117/><W95/><G107/><T0/><D23/><U126/><E89/><V4/><F4/><W132/><G132/><T5/><D5/><U94/><E94/><V28/><F28/><W35/><G104/><T16/><D91/><U3/><E55/><V110/><F110/><W79/><G79/><T1/><AGARI ba="0,0" hai="0,1,9,11,13,15,16,18,60,62,81,82,121,123" machi="1" ten="25,12000,2" yaku="0,1,22,2,52,2,54,1" doraHai="33" who="0" fromWho="0" sc="259,120,240,-60,251,-30,250,-30" /><INIT seed="2,0,0,3,1,52" ten="379,180,221,220" oya="2" hai0="117,70,73,47,109,72,129,10,91,59,134,115,4" hai1="67,57,36,1,65,54,124,111,21,56,37,92,58" hai2="53,81,28,106,121,27,46,99,85,40,98,77,105" hai3="19,90,51,55,3,69,128,93,39,100,16,76,32"/><V107/><F121/><W130/><G39/><N who="1" m="14922" /><E1/><V88/><F77/><W82/><G69/><T60/><D115/><U126/><E111/><V61/><F40/><W101/><G32/><T63/><D129/><N who="3" m="49769" /><G3/><T50/><D134/><U83/><E54/><V127/><F127/><N who="1" m="48681" /><E83/><V18/><F18/><N who="3" m="6699" /><G93/><T62/><D4/><U31/><E92/><V29/><F29/><W22/><G22/><T5/><D5/><U2/><E2/><V30/><F30/><W133/><G90/><T45/><D10/><U9/><E9/><V71/><F46/><N who="3" m="28151" /><G133/><T34/><D34/><U17/><E31/><V84/><F71/><W108/><G108/><T135/><D70/><U110/><E110/><V20/><REACH who="2" step="1"/><F85/><AGARI ba="0,0" hai="76,82,85,100,101" m="28151,6699,49769" machi="85" ten="30,2000,0" yaku="19,1,54,1" doraHai="52" who="3" fromWho="2" sc="379,0,180,0,221,-20,220,20" /><INIT seed="3,0,0,4,5,40" ten="379,180,201,240" oya="3" hai0="114,42,37,94,8,119,77,41,16,45,96,78,118" hai1="47,92,33,28,32,123,11,17,95,13,120,70,4" hai2="63,106,134,38,105,35,83,50,6,103,5,58,10" hai3="34,98,129,39,0,2,71,108,112,133,62,49,3"/><W22/><G112/><T24/><D114/><U90/><E70/><V75/><F38/><W29/><G39/><T59/><D42/><U135/><E135/><V31/><F134/><W128/><G34/><T60/><D77/><U115/><E115/><V113/><F113/><W64/><G133/><T117/><D78/><U26/><E33/><V101/><F75/><W44/><G98/><T121/><D121/><U84/><E95/><V122/><F83/><W53/><REACH who="3" step="1"/><G108/><REACH who="3" ten="379,180,201,230" step="2"/><T23/><D8/><U15/><REACH who="1" step="1"/><E47/><REACH who="1" ten="379,170,201,230" step="2"/><V36/><F35/><W74/><G74/><T9/><D9/><AGARI ba="0,2" hai="4,9,11,13,15,17,26,28,32,84,90,92,120,123" machi="9" ten="30,3900,0" yaku="1,1,2,1,7,1,53,0" doraHai="40" doraHaiUra="131" who="1" fromWho="0" sc="379,-39,170,59,201,0,230,0" owari="340,44.0,229,-17.1,201,-29.9,230,3.0" /></mjloggm>