<mjloggm ver="2.3"><GO type="225" lobby="0"/><UN n0="%6E%69%63%6F%6E%74%6F" n1="%E3%81%AF%E3%82%88%E3%81%8A%E3%81%98%E3%81%95%E3%82%93" n2="%E4%BF%BA%E3%81%A8%E5%A6%96%E5%A4%A2" n3="%E3%81%AD%E3%82%80%E3%81%84%40%E9%9B%80%E9%B3%B4%E4%BC%9A" dan="16,17,16,16" rate="2113.73,2140.62,2148.24,2180.07" sx="M,M,F,F"/><TAIKYOKU oya="0"/><INIT seed="0,0,0,1,4,14" ten="250,250,250,250" oya="0" hai0="10,3,53,78,4,17,96,103,89,108,76,99,80" hai1="24,52,98,84,118,112,66,29,83,110,38,94,130" hai2="132,12,23,104,125,50,21,32,60,67,41,85,6" hai3="95,46,13,5,122,87,19,117,101,134,62,115,39"/><T1/><D108/><U73/><E118/><V47/><F32/><W61/><G117/><T79/><D3/><U77/><E38/><V54/><F104/><W129/><G115/><T16/><D53/><U128/><E66/><V102/><F102/><W65/><G129/><N who="1" m="49770" /><E110/><V34/><F34/><W114/><G114/><T56/><D56/><U11/><E112/><V74/><F74/><W111/><G111/><T40/><D40/><U0/><E73/><V133/><F125/><W81/><G5/><T126/><D126/><U2/><E11/><V8/><F54/><W70/><G134/><N who="2" m="51817" /><F85/><W37/><G62/><T109/><D109/><U57/><E94/><V15/><F15/><W88/><G122/><T48/><D48/><N who="1" m="30855" /><E98/><V82/><F82/><W72/><G46/><T135/><D135/><U18/><E18/><V105/><F105/><W97/><REACH who="3" step="1"/><G72/><REACH who="3" ten="250,250,250,240" step="2"/><T49/><D49/><U92/><E92/><V35/><F35/><AGARI ba="0,1" hai="0,2,24,29,35,77,83,84" m="30855,49770" machi="35" ten="30,2000,0" yaku="19,1,54,1" doraHai="14" who="1" fromWho="2" sc="250,0,250,30,250,-20,240,0" /><INIT seed="1,0,0,1,0,75" ten="250,280,230,240" oya="1" hai0="121,45,30,97,126,70,98,38,25,43,89,69,130" hai1="55,127,12,57,8,113,108,28,66,83,34,115,26" hai2="37,122,1,22,111,134,73,13,104,3,49,11,7" hai3="59,107,94,114,52,128,42,118,46,135,60,65,33"/><U96/><E127/><V6/><F104/><W131/><G107/><T44/><D126/><U62/><E108/><V40/><F37/><W103/><G33/><T116/><D116/><U82/><E96/><V48/><F122/><W20/><G114/><T125/><D125/><U90/><E66/><V85/><F73/><W5/><G5/><T72/><D121/><U27/><E27/><V110/><F134/><W87/><G135/><T19/><D19/><U123/><E123/><V58/><F85/><W81/><G118/><T124/><D124/><U68/><E68/><V76/><F76/><W117/><G117/><T16/><D130/><N who="3" m="49705" /><G20/><T4/><D4/><U78/><E83/><V105/><F105/><W119/><G119/><T50/><D72/><U106/><E90/><V18/><F58/><W54/><G94/><T95/><D98/><U92/><E92/><V63/><F63/><W129/><N who="3" m="49713" /><W91/><DORA hai="74" /><G103/><T56/><D56/><U79/><E106/><V21/><F21/><W100/><G100/><T101/><D101/><U88/><E113/><V24/><F40/><W35/><G35/><T15/><D30/><U77/><E115/><V133/><F133/><W32/><G32/><T80/><D80/><U64/><E82/><V23/><F49/><AGARI ba="0,0" hai="42,46,49,52,54,59,60,65,81,87,91" m="49713" machi="49" ten="40,2600,0" yaku="19,1,54,1" doraHai="75,74" who="3" fromWho="2" sc="250,0,280,0,230,-26,240,26" /><INIT seed="2,0,0,3,0,94" ten="250,280,204,266" oya="2" hai0="130,1,58,102,48,3,31,98,16,52,5,71,27" hai1="115,13,66,118,6,101,21,91,109,28,83,14,41" hai2="35,38,50,33,24,32,56,63,44,104,78,23,12" hai3="51,119,15,10,7,67,0,70,72,107,47,84,100"/><V11/><F38/><W9/><G72/><T42/><D71/><U82/><E118/><V112/><F112/><W45/><G119/><T2/><D130/><U108/><E115/><V117/><F117/><W89/><G67/><T25/><D42/><U55/><E41/><V76/><F104/><W80/><G70/><T61/><D61/><U127/><E66/><V60/><F44/><W18/><REACH who="3" step="1"/><G51/><REACH who="3" ten="250,280,204,256" step="2"/><T103/><D103/><U77/><E101/><V74/><F74/><W128/><G128/><T96/><D102/><U69/><E69/><V105/><F50/><W126/><G126/><T123/><D123/><U36/><E127/><V8/><F63/><W124/><G124/><T39/><D39/><U37/><E36/><V73/><F73/><W113/><G113/><T22/><REACH who="0" step="1"/><D5/><REACH who="0" ten="240,280,204,256" step="2"/><U65/><E6/><V85/><F60/><W19/><G19/><T54/><D54/><U17/><E17/><V121/><F121/><W49/><G49/><T79/><D79/><U20/><E77/><V62/><F76/><W81/><G81/><T75/><D75/><U29/><E83/><V122/><F122/><W86/><G86/><T88/><D88/><U53/><E82/><V106/><F85/><W68/><G68/><T114/><D114/><U34/><E37/><V131/><F131/><W134/><G134/><T46/><D46/><U64/><E91/><V59/><F78/><W110/><G110/><T95/><D95/><U133/><E133/><V132/><F132/><W40/><G40/><T111/><D111/><U93/><E93/><V92/><F92/><W116/><G116/><RYUUKYOKU ba="0,2" sc="240,10,280,10,204,-30,256,10" hai0="1,2,3,16,22,25,27,31,48,52,58,96,98" hai1="13,14,20,21,28,29,34,53,55,64,65,108,109" hai3="0,7,9,10,15,18,45,47,80,84,89,100,107" /><INIT seed="3,1,2,2,5,64" ten="250,290,174,266" oya="3" hai0="21,34,95,79,33,59,49,63,90,97,121,66,131" hai1="85,15,133,17,72,132,61,110,84,71,83,55,91" hai2="46,107,53,113,6,37,98,134,47,82,74,13,65" hai3="54,129,114,112,128,109,100,4,69,93,124,11,57"/><W14/><G69/><T80/><D131/><N who="3" m="50249" /><G124/><T120/><D21/><U68/><E72/><V43/><F113/><N who="3" m="43627" /><G109/><T20/><D20/><N who="1" m="11327" /><E110/><V119/><F119/><W99/><G54/><T78/><D78/><N who="1" m="46199" /><E61/><V117/><F117/><W62/><G62/><T8/><D8/><U18/><E18/><V73/><F134/><N who="1" m="51817" /><E55/><V39/><F65/><W106/><G57/><T51/><D51/><U29/><E29/><V125/><F125/><W40/><G40/><T58/><D58/><U50/><E50/><V32/><F32/><W126/><G126/><T12/><D49/><U123/><E123/><V42/><F53/><W127/><G127/><T115/><D115/><U104/><E104/><AGARI ba="1,2" hai="4,11,14,93,99,100,104,106" m="43627,50249" machi="104" ten="30,1500,0" yaku="19,1" doraHai="64" who="3" fromWho="1" sc="250,0,290,-18,174,0,266,38" owari="250,-15.0,272,7.2,174,-32.6,304,40.4" /></mjloggm>