<mjloggm ver="2.3"><GO type="225" lobby="0"/><UN n0="%E6%98%93%E5%88%A9%E8%96%A9%E4%BC%AF" n1="%72%61%6B%33" n2="%33%74%72%65%65" n3="%E4%BF%BA%E3%81%A8%E5%A6%96%E5%A4%A2" dan="17,16,17,16" rate="2183.68,2103.62,2211.20,2094.12" sx="F,M,F,F"/><TAIKYOKU oya="0"/><INIT seed="0,0,0,2,4,56" ten="250,250,250,250" oya="0" hai0="78,12,69,54,90,101,83,41,52,31,23,116,113" hai1="135,117,130,55,70,81,66,29,126,112,133,123,80" hai2="14,86,20,34,33,103,58,46,30,131,110,129,120" hai3="5,92,73,16,8,4,35,43,121,99,1,114,18"/><T36/><D113/><U127/><E29/><V87/><F120/><W17/><G114/><T85/><D116/><U44/><E112/><V13/><F103/><W96/><G73/><T28/><D69/><U45/><E117/><V3/><F3/><W124/><G35/><N who="2" m="13321" /><F46/><N who="1" m="18025" /><E80/><V122/><F122/><W89/><G121/><T7/><D41/><U9/><E9/><V108/><F58/><W68/><G68/><T51/><D101/><U49/><E81/><V102/><F102/><W50/><G124/><N who="1" m="47658" /><E123/><V71/><F71/><W77/><G77/><T100/><D100/><U10/><E10/><V57/><F57/><W22/><G43/><T0/><D0/><U32/><E32/><V119/><F119/><W59/><G4/><T79/><D36/><U82/><E82/><V15/><F20/><W104/><G104/><T75/><D79/><U132/><E130/><N who="2" m="49675" /><F30/><W118/><G118/><T97/><D78/><U53/><E49/><V40/><F40/><W106/><G106/><T24/><D51/><U38/><E38/><V47/><F47/><W63/><G50/><T134/><D31/><U76/><E76/><V48/><F48/><W21/><REACH who="3" step="1"/><G99/><REACH who="3" ten="250,250,250,240" step="2"/><T27/><D97/><U91/><E91/><V107/><F107/><W11/><G11/><T105/><D90/><U111/><E70/><V61/><F61/><W60/><G60/><T37/><D105/><U98/><E98/><V67/><F67/><AGARI ba="0,1" hai="1,5,8,16,17,18,21,22,59,63,67,89,92,96" machi="67" ten="40,8000,1" yaku="1,1,52,1,54,1,53,1" doraHai="56" doraHaiUra="94" who="3" fromWho="2" sc="250,0,250,0,250,-80,240,90" /><INIT seed="1,0,0,3,1,49" ten="250,250,170,330" oya="1" hai0="81,89,101,28,6,117,70,64,75,58,95,107,103" hai1="132,86,98,119,9,34,25,63,135,12,36,68,127" hai2="105,71,76,106,92,23,82,80,50,120,121,44,108" hai3="4,125,13,53,100,133,66,19,21,93,111,24,131"/><U40/><E119/><V41/><F108/><W126/><G111/><T10/><D70/><U16/><E127/><N who="3" m="48650" /><G66/><T56/><D117/><U88/><E98/><V45/><F71/><W67/><G133/><N who="1" m="51274" /><E40/><V102/><F120/><W52/><G67/><T29/><D107/><U69/><E36/><V37/><F121/><W54/><G131/><T134/><D81/><N who="1" m="49231" /><E63/><V0/><F0/><W83/><G83/><T74/><D75/><U3/><E3/><V87/><F80/><W128/><G128/><T39/><D39/><U94/><E94/><V129/><F129/><W77/><G77/><T62/><D74/><U55/><E55/><V30/><F92/><W8/><G93/><T31/><D134/><U33/><E33/><V48/><F102/><AGARI ba="0,0" hai="4,8,13,19,21,24,52,53,54,100,102" m="48650" machi="102" ten="30,8000,1" yaku="18,1,52,3,54,1" doraHai="49" who="3" fromWho="2" sc="250,0,250,0,170,-80,330,80" /><INIT seed="2,0,0,0,3,45" ten="250,250,90,410" oya="2" hai0="64,91,13,44,87,46,37,100,124,81,132,29,120" hai1="133,49,42,24,16,27,38,117,66,118,103,40,128" hai2="72,106,105,48,17,34,36,14,8,23,83,25,68" hai3="112,35,89,71,90,86,126,31,134,129,108,65,5"/><V52/><F36/><W12/><G108/><T18/><D120/><U77/><E38/><V82/><F68/><W131/><G134/><T0/><D0/><U4/><E4/><V11/><F34/><W85/><G126/><T3/><D3/><U62/><E103/><V28/><F8/><W84/><G112/><T60/><D132/><U93/><E128/><N who="3" m="49226" /><G65/><T70/><D37/><U73/><E93/><V127/><F127/><W75/><G75/><T109/><D109/><U32/><E27/><V130/><F130/><W113/><G71/><T26/><D100/><U7/><E7/><V110/><F110/><W79/><G79/><T125/><D125/><U43/><E133/><V19/><F72/><W99/><G99/><T61/><D61/><U58/><E32/><V10/><F105/><W92/><G90/><T6/><D6/><U121/><E121/><V98/><F98/><W15/><G113/><T114/><D114/><U30/><E30/><V101/><F101/><W96/><G5/><T33/><D124/><U78/><E78/><V50/><F106/><W97/><G97/><T104/><D104/><U102/><E102/><V20/><F50/><W54/><G54/><T135/><D135/><U21/><REACH who="1" step="1"/><E49/><REACH who="1" ten="250,240,90,410" step="2"/><V39/><F39/><W53/><G35/><T74/><D74/><U22/><E22/><AGARI ba="0,1" hai="13,18,22,26,29,33,44,46,60,64,70,81,87,91" machi="22" ten="30,1000,0" yaku="7,1" doraHai="45" who="0" fromWho="1" sc="250,20,240,-10,90,0,410,0" /><INIT seed="3,0,0,2,3,131" ten="270,230,90,410" oya="3" hai0="16,2,70,29,61,85,22,74,116,89,37,1,54" hai1="119,13,97,105,123,57,19,8,67,27,73,93,65" hai2="32,135,133,75,66,10,50,101,107,14,120,62,33" hai3="4,6,63,3,117,26,94,59,102,55,130,115,81"/><W112/><G117/><T129/><D74/><U98/><E123/><V122/><F75/><W0/><G130/><T76/><D76/><U91/><E119/><V134/><F50/><W48/><G81/><T125/><D37/><U9/><E73/><V84/><F84/><W126/><G126/><T42/><D42/><U96/><E105/><V30/><F101/><W56/><G26/><T106/><D106/><U77/><E77/><V132/><N who="2" m="33792" /><DORA hai="38" /><V109/><F107/><W103/><G94/><T100/><D29/><U7/><E27/><V49/><F109/><W108/><G108/><T83/><D125/><U127/><E127/><V78/><F78/><W86/><G86/><T111/><D116/><U52/><E97/><V43/><F30/><W5/><G102/><T51/><D100/><U99/><E98/><V24/><F24/><W128/><G128/><T64/><D129/><U114/><E99/><V90/><F90/><W11/><G103/><T36/><D36/><U41/><E41/><V69/><F32/><W35/><G35/><T82/><D111/><U104/><E104/><V46/><REACH who="2" step="1"/><F33/><REACH who="2" ten="270,230,80,410" step="2"/><W21/><G48/><T95/><D51/><U124/><E124/><V58/><F58/><W53/><G56/><T39/><D85/><U80/><E57/><V72/><F72/><W40/><G59/><T18/><D89/><U47/><E91/><V118/><F118/><W71/><G71/><T28/><D70/><U68/><E68/><V60/><F60/><W110/><G63/><T88/><D61/><U31/><E31/><V20/><F20/><W121/><G21/><RYUUKYOKU ba="0,1" sc="270,-10,230,-10,80,30,410,-10" hai2="10,14,43,46,49,62,66,69,120,122" owari="260,6.0,220,-18.0,110,-39.0,410,51.0" /></mjloggm>