<mjloggm ver="2.3"><GO type="225" lobby="0"/><UN n0="%E7%89%B9%E6%9D%B1%E3%81%AF%E4%B8%96%E7%95%8C%E3%82%92%E6%95%91%E3%81%86" n1="%43%68%65" n2="%E3%81%AF%E3%82%88%E3%81%8A%E3%81%98%E3%81%95%E3%82%93" n3="%E5%A4%8F%E9%88%B4%E9%88%B4%E5%A4%8F" dan="16,16,17,16" rate="2199.22,2154.36,2139.83,2141.44" sx="M,M,M,F"/><TAIKYOKU oya="0"/><INIT seed="0,0,0,4,4,25" ten="250,250,250,250" oya="0" hai0="53,64,10,85,14,97,38,7,27,11,19,72,34" hai1="52,115,2,26,33,101,77,37,117,4,104,46,9" hai2="109,125,16,73,76,78,108,103,69,74,91,83,22" hai3="127,35,59,120,116,50,89,131,92,124,21,47,129"/><T81/><D38/><U95/><E117/><V71/><F125/><N who="3" m="48203" /><G35/><T48/><D72/><U118/><E118/><V126/><F126/><W114/><G114/><T88/><D64/><U70/><E115/><V45/><F103/><W3/><G3/><T15/><D97/><U17/><E104/><V130/><F130/><N who="3" m="49675" /><G116/><T90/><D27/><U100/><E70/><V8/><F8/><W24/><G59/><T29/><D29/><U5/><E5/><V40/><F91/><W31/><G120/><T44/><REACH who="0" step="1"/><D34/><REACH who="0" ten="240,250,250,250" step="2"/><U30/><E37/><V107/><F71/><W55/><G89/><AGARI ba="0,1" hai="7,10,11,14,15,19,44,48,53,81,85,88,89,90" machi="89" ten="30,18000,2" yaku="1,1,2,1,7,1,25,2,8,1,54,1,53,0" doraHai="25" doraHaiUra="56" who="0" fromWho="3" sc="240,190,250,0,250,0,250,-180" /><INIT seed="0,1,0,3,5,22" ten="430,250,250,70" oya="0" hai0="11,67,21,28,31,44,10,52,95,79,35,90,61" hai1="60,87,7,39,58,12,0,100,78,23,85,109,26" hai2="65,9,59,122,94,108,120,89,47,80,45,126,20" hai3="103,25,6,105,69,53,135,76,14,133,134,75,46"/><T15/><D35/><U98/><E0/><V113/><F113/><W17/><G69/><T66/><D79/><U34/><E39/><V49/><F108/><W55/><G76/><T83/><D83/><U24/><E109/><V18/><F126/><W32/><G75/><T1/><D1/><U99/><E34/><V102/><F9/><N who="3" m="4407" /><G46/><T19/><D11/><N who="1" m="4223" /><E78/><V29/><F29/><N who="0" m="11338" /><D10/><U93/><E99/><V48/><F102/><W130/><G32/><T3/><D3/><U112/><E112/><V13/><F80/><W51/><G51/><N who="2" m="19529" /><F122/><W119/><G119/><T124/><D124/><U118/><E118/><V74/><F74/><W54/><G130/><T43/><D43/><U127/><E127/><V117/><F117/><W33/><G33/><T115/><D115/><U110/><E110/><V50/><F120/><W42/><G42/><T62/><D44/><U56/><E56/><V41/><F41/><W70/><G70/><T2/><D2/><U68/><E68/><V88/><F47/><W104/><G103/><T132/><D132/><N who="3" m="33793" /><W82/><DORA hai="92" /><G82/><T72/><D72/><U123/><E123/><V63/><F45/><W38/><G38/><T4/><D90/><U116/><E116/><V91/><F50/><W73/><G73/><T129/><D129/><U86/><E23/><AGARI ba="1,0" hai="17,23,25,53,54,55,104,105" m="33793,4407" machi="23" ten="50,3200,0" yaku="20,1,52,1" doraHai="22,92" who="3" fromWho="1" sc="430,0,250,-35,250,0,70,35" /><INIT seed="1,0,0,2,4,133" ten="430,215,250,105" oya="1" hai0="102,22,110,74,36,113,67,127,78,108,97,63,72" hai1="105,85,56,130,93,129,15,79,134,117,59,25,107" hai2="106,46,42,23,31,65,29,48,87,119,80,44,0" hai3="32,12,89,24,40,71,55,135,4,33,96,118,86"/><U5/><E117/><V103/><F119/><W11/><G118/><T123/><D113/><U8/><E134/><V6/><F65/><W120/><G135/><T27/><D127/><U57/><E25/><V18/><F46/><W68/><G120/><T100/><D36/><U47/><E47/><V16/><F18/><W126/><G40/><T58/><D123/><U62/><E62/><V61/><F61/><W43/><G43/><T88/><D88/><N who="1" m="53391" /><E79/><V14/><F0/><W60/><G96/><T52/><D67/><U104/><E15/><V28/><F106/><W82/><G126/><T3/><D3/><U34/><E34/><V13/><F103/><W124/><G124/><T95/><D102/><U7/><E8/><N who="2" m="4247" /><F31/><W73/><G73/><T114/><D114/><U92/><E92/><V70/><F70/><W10/><G10/><T101/><D101/><U64/><E64/><V54/><F54/><W128/><G128/><AGARI ba="0,0" hai="5,7,56,57,59,104,105,107,128,129,130" m="53391" machi="128" ten="40,3900,0" yaku="19,1,54,1" doraHai="133" who="1" fromWho="3" sc="430,0,215,39,250,0,105,-39" /><INIT seed="1,1,0,2,4,41" ten="430,254,250,66" oya="1" hai0="65,105,2,133,98,28,64,132,106,29,18,129,118" hai1="123,125,104,100,77,1,15,19,21,63,38,115,90" hai2="13,93,96,78,32,130,4,0,5,86,76,69,52" hai3="30,88,99,44,117,80,131,128,8,73,43,6,107"/><U3/><E115/><V34/><F69/><W75/><G30/><N who="0" m="11883" /><D2/><U87/><E123/><V71/><F71/><W92/><G107/><N who="0" m="40971" /><D98/><U42/><E125/><V14/><F0/><N who="3" m="71" /><G117/><T66/><D18/><U53/><E77/><V27/><F130/><N who="3" m="49707" /><G80/><T95/><D129/><U50/><E63/><V108/><F108/><W67/><G67/><T111/><D95/><U124/><E124/><V46/><F34/><W9/><G9/><T84/><D84/><U17/><E17/><V49/><F27/><W10/><G10/><T36/><D36/><U134/><E134/><N who="0" m="51817" /><D111/><U121/><E121/><V11/><F32/><W55/><G55/><T70/><D118/><U97/><E38/><AGARI ba="1,0" hai="38,43,44,73,75,88,92,99" m="49707,71" machi="38" ten="30,3900,0" yaku="19,1,52,1,54,1" doraHai="41" who="3" fromWho="1" sc="430,0,254,-42,250,0,66,42" /><INIT seed="2,0,0,5,3,96" ten="430,212,250,108" oya="2" hai0="113,133,29,59,62,16,58,50,109,89,52,6,35" hai1="112,3,4,11,17,118,53,86,24,69,40,95,108" hai2="14,31,92,97,44,38,100,0,67,111,37,98,123" hai3="28,64,39,19,26,49,126,65,61,75,76,77,114"/><V21/><F123/><W15/><G126/><T119/><D113/><U42/><E112/><V18/><F0/><W110/><G110/><T130/><D109/><U32/><E108/><V101/><F111/><W106/><G39/><T93/><D130/><U22/><E118/><V70/><F31/><W56/><G114/><T20/><D119/><U66/><E66/><V82/><F82/><W87/><G75/><T116/><D116/><U41/><E69/><V9/><F9/><W47/><G106/><T33/><D6/><U121/><E121/><V34/><F34/><W2/><G2/><T60/><D133/><U85/><E53/><V55/><F70/><W125/><G64/><T12/><D62/><U5/><E5/><V105/><F67/><W135/><G87/><N who="0" m="52415" /><D29/><U73/><E73/><V94/><F105/><W117/><G135/><T13/><D13/><N who="1" m="9519" /><E95/><V81/><F81/><W1/><G1/><T74/><D74/><U131/><E131/><V107/><F107/><W115/><G115/><T36/><D36/><U51/><E51/><AGARI ba="0,0" hai="14,18,21,37,38,44,51,55,92,94,97,98,100,101" machi="51" ten="40,7700,0" yaku="9,1,52,2" doraHai="96" who="2" fromWho="1" sc="430,0,212,-77,250,77,108,0" /><INIT seed="2,1,0,4,5,99" ten="430,135,327,108" oya="2" hai0="123,64,88,3,18,1,126,0,32,23,132,24,122" hai1="57,52,11,21,117,92,69,133,36,49,28,98,16" hai2="63,48,40,79,71,68,66,110,2,103,85,93,5" hai3="29,102,43,135,27,101,94,95,55,77,109,78,34"/><V100/><F71/><W97/><G109/><T44/><D64/><U13/><E117/><V20/><F110/><W130/><G130/><T86/><D132/><U131/><E133/><V41/><F2/><W83/><G135/><T120/><D126/><U105/><E131/><V112/><F112/><W10/><G43/><T118/><D32/><U6/><E36/><V70/><F70/><W50/><G10/><T128/><D128/><U67/><E105/><V54/><F5/><W26/><G26/><T82/><REACH who="0" step="1"/><D44/><REACH who="0" ten="420,135,327,108" step="2"/><U8/><E69/><V33/><F33/><W72/><G78/><T7/><D7/><U106/><E67/><V14/><F79/><W19/><G19/><T58/><D58/><U124/><E124/><V75/><F66/><W39/><G39/><T60/><D60/><U113/><E113/><V104/><F63/><W35/><G35/><T61/><D61/><U81/><E28/><V46/><F46/><W119/><G119/><AGARI ba="1,1" hai="0,1,3,18,23,24,82,86,88,118,119,120,122,123" machi="119" ten="50,6400,0" yaku="1,1,54,1,53,1" doraHai="99" doraHaiUra="15" who="0" fromWho="3" sc="420,77,135,0,327,0,108,-67" /><INIT seed="3,0,0,4,2,49" ten="497,135,327,41" oya="3" hai0="68,131,5,108,107,17,109,57,72,50,27,112,135" hai1="134,14,41,116,26,127,87,132,37,55,54,62,76" hai2="38,84,21,81,129,18,91,82,119,0,98,35,95" hai3="12,3,97,59,125,94,73,128,33,34,13,67,104"/><W60/><G3/><T130/><D68/><U16/><E127/><V103/><F119/><W24/><G125/><T2/><D72/><U124/><E124/><V15/><F129/><W123/><G128/><N who="0" m="49195" /><D107/><U122/><E116/><V58/><F35/><W47/><G123/><T53/><D135/><N who="1" m="51755" /><E122/><V29/><F38/><W120/><G120/><T101/><D101/><U44/><E26/><V102/><F0/><W43/><G73/><T113/><D27/><U61/><E76/><V133/><F133/><W1/><G1/><T86/><D17/><U80/><E87/><V126/><F126/><W111/><G104/><T46/><D57/><U23/><E80/><V22/><F82/><W32/><G24/><T100/><D100/><U70/><E62/><V42/><F42/><W63/><G63/><T52/><D53/><U115/><E115/><N who="0" m="44105" /><D86/><U39/><E39/><V19/><F29/><W6/><G6/><T36/><D36/><U114/><E114/><V89/><F58/><W85/><G85/><T110/><D110/><U7/><E7/><V4/><F4/><W25/><G25/><AGARI ba="0,0" hai="15,18,19,21,22,25,81,84,89,91,95,98,102,103" machi="25" ten="30,2000,0" yaku="7,1,8,1" doraHai="49" who="2" fromWho="3" sc="497,0,135,0,327,20,41,-20" owari="497,59.7,135,-26.5,347,14.7,21,-47.9" /></mjloggm>