<mjloggm ver="2.3"><GO type="225" lobby="0"/><UN n0="%E6%9C%88%E5%B3%B6%E5%9F%BA" n1="%E3%83%96%E3%83%83%E3%83%91%E3%82%AA%E3%83%96%E3%83%81%E3%82%AD%E3%83%B3" n2="%E3%81%99%E3%81%84%E3%81%BE%E3%81%9B%E3%83%BC%E3%82%93" n3="%E9%A6%AC%E5%BC%95%E7%81%AB%33" dan="17,16,18,16" rate="2181.85,2197.29,2209.92,2145.17" sx="M,M,M,M"/><TAIKYOKU oya="0"/><INIT seed="0,0,0,2,0,11" ten="250,250,250,250" oya="0" hai0="92,36,7,107,12,2,47,114,78,24,93,83,59" hai1="67,87,41,5,133,68,69,33,99,28,121,6,111" hai2="102,26,19,71,79,49,115,16,106,85,32,37,131" hai3="97,128,35,132,86,130,40,80,14,101,31,75,96"/><T77/><D107/><U98/><E121/><V58/><F37/><W56/><G132/><T0/><D114/><U110/><E133/><V20/><F115/><W94/><G75/><T18/><D77/><U72/><E72/><V74/><F131/><N who="3" m="50219" /><G40/><T129/><D129/><U64/><E41/><V135/><F135/><W119/><G119/><T61/><D47/><U30/><REACH who="1" step="1"/><E87/><REACH who="1" ten="250,240,250,250" step="2"/><V112/><F85/><W25/><G97/><T42/><D42/><U91/><E91/><V52/><F112/><W34/><G86/><T57/><D78/><U95/><E95/><V45/><F79/><W39/><G94/><T82/><D92/><U4/><E4/><V113/><F113/><W53/><G96/><T73/><D7/><U10/><E10/><V127/><F74/><W108/><G80/><T27/><D93/><U23/><E23/><V125/><F106/><W81/><G81/><T105/><D105/><U90/><E90/><V66/><F20/><W22/><G22/><T43/><D43/><U21/><E21/><V122/><F122/><W76/><G76/><T54/><D73/><U62/><E62/><V84/><F84/><W126/><G34/><AGARI ba="0,1" hai="5,6,28,30,33,34,64,67,68,69,98,99,110,111" machi="34" ten="25,8000,1" yaku="1,1,22,2,53,2" doraHai="11" doraHaiUra="29" who="1" fromWho="3" sc="250,0,240,90,250,0,250,-80" /><INIT seed="1,0,0,3,3,94" ten="250,330,250,170" oya="1" hai0="29,26,103,24,102,51,127,62,133,131,37,54,38" hai1="108,89,68,42,128,40,123,9,35,48,5,12,53" hai2="63,30,82,21,90,121,77,69,10,100,25,118,3" hai3="88,80,65,46,119,107,97,6,50,72,113,2,16"/><U49/><E123/><V92/><F118/><W75/><G113/><T73/><D73/><U56/><E128/><V112/><F121/><W99/><G119/><T66/><D131/><U122/><E122/><V79/><F112/><W81/><G65/><T4/><D133/><U28/><E68/><V95/><F69/><W84/><G107/><T8/><D127/><U86/><E108/><V32/><F63/><W17/><G75/><T61/><D66/><U23/><E35/><V31/><F31/><W70/><G70/><T11/><D51/><U101/><E101/><V85/><F32/><W105/><G105/><T87/><D87/><U18/><E49/><V96/><REACH who="2" step="1"/><F82/><REACH who="2" ten="250,330,240,170" step="2"/><N who="3" m="49175" /><G72/><T124/><D29/><U39/><E28/><V116/><F116/><W1/><G1/><T115/><D115/><U129/><E129/><V0/><F0/><W98/><G2/><T64/><D62/><U14/><REACH who="1" step="1"/><E39/><REACH who="1" ten="250,320,240,170" step="2"/><V55/><F55/><N who="3" m="30167" /><G6/><AGARI ba="0,2" hai="3,6,10,21,25,30,77,79,85,90,92,95,96,100" machi="6" ten="40,2600,0" yaku="1,1,52,1,53,0" doraHai="94" doraHaiUra="126" who="2" fromWho="3" sc="250,0,320,0,240,46,170,-26" /><INIT seed="2,0,0,5,4,38" ten="250,320,286,144" oya="2" hai0="1,99,70,6,51,25,54,61,108,123,96,43,129" hai1="60,37,98,63,23,93,36,13,32,81,85,78,7" hai2="127,47,68,117,14,101,52,12,8,100,4,55,73" hai3="83,105,87,112,128,134,10,69,46,111,19,125,28"/><V65/><F117/><W88/><G69/><T124/><D123/><U74/><E32/><V120/><F120/><W34/><G105/><T11/><D108/><U106/><E63/><V2/><F73/><W114/><G111/><T95/><D124/><U126/><E126/><V76/><F76/><W35/><G125/><T56/><D129/><U116/><E116/><V79/><F79/><W84/><G128/><T103/><D25/><U90/><E60/><V104/><F127/><W75/><G75/><T22/><D22/><U39/><E23/><V58/><F68/><W86/><G134/><T72/><D72/><U42/><E13/><V67/><F2/><W24/><G34/><T97/><REACH who="0" step="1"/><D70/><REACH who="0" ten="240,320,286,144" step="2"/><U20/><E20/><V21/><F21/><W18/><G46/><AGARI ba="0,1" hai="1,6,11,43,46,51,54,56,61,95,96,97,99,103" machi="46" ten="40,5200,0" yaku="1,1,2,1,52,1,53,0" doraHai="38" doraHaiUra="64" who="0" fromWho="3" sc="240,62,320,0,286,0,144,-52" /><INIT seed="3,0,0,2,3,96" ten="302,320,286,92" oya="3" hai0="130,102,20,57,90,93,95,44,117,76,37,94,50" hai1="118,54,78,122,64,68,45,36,126,3,98,97,115" hai2="99,71,120,13,110,60,72,67,55,33,74,0,2" hai3="12,53,35,31,32,4,24,26,30,63,79,77,85"/><W113/><G113/><T62/><D117/><U28/><E122/><V48/><F120/><W112/><G112/><T22/><D37/><U105/><E3/><V18/><F110/><W114/><G114/><T29/><D130/><U128/><E115/><V49/><F33/><W133/><G133/><T51/><D76/><U134/><E105/><V38/><F38/><W121/><G121/><T14/><D51/><N who="1" m="29039" /><E36/><V66/><F66/><W100/><G100/><T7/><D90/><U43/><E43/><V8/><F49/><W129/><G129/><T5/><D29/><U81/><E28/><V73/><REACH who="2" step="1"/><F99/><REACH who="2" ten="302,320,276,92" step="2"/><W108/><G108/><T80/><D50/><U39/><E39/><V11/><F11/><W1/><G1/><T15/><D22/><U104/><E128/><V21/><F21/><W101/><G101/><T47/><D20/><U89/><E104/><V19/><F19/><W23/><G85/><T131/><D131/><U135/><E118/><V109/><F109/><W6/><G23/><T46/><D102/><U119/><E119/><V127/><F127/><W124/><G124/><T27/><D7/><U61/><E126/><V125/><F125/><W92/><G92/><T123/><D5/><U58/><E98/><V103/><F103/><W84/><G84/><T40/><D94/><N who="1" m="56527" /><E134/><V132/><F132/><W75/><G75/><T70/><D93/><U34/><E135/><V111/><F111/><W83/><G83/><T17/><D95/><U88/><E34/><V91/><F91/><W116/><G116/><T59/><D123/><U9/><E88/><V69/><F69/><RYUUKYOKU ba="0,1" sc="302,-10,320,-10,276,30,92,-10" hai2="0,2,8,13,18,48,55,60,67,71,72,73,74" owari="292,-10.8,320,42.0,306,10.6,82,-41.8" /></mjloggm>