<mjloggm ver="2.3"><GO type="225" lobby="0"/><UN n0="%E3%81%AD%E3%82%80%E3%81%84%40%E9%9B%80%E9%B3%B4%E4%BC%9A" n1="%E3%83%A4%E3%83%89%E3%83%B3%E4%B8%B8" n2="%E8%A8%88%E7%AE%97%E6%A9%9F%E8%87%AA%E7%84%B6" n3="%E3%81%BF%E3%81%BF%E3%81%9A" dan="16,16,17,17" rate="2196.90,2038.19,2183.19,2276.12" sx="F,M,M,M"/><TAIKYOKU oya="0"/><INIT seed="0,0,0,0,5,8" ten="250,250,250,250" oya="0" hai0="24,12,46,135,35,64,124,21,79,28,58,55,80" hai1="85,68,39,17,63,84,126,20,120,15,37,98,90" hai2="3,61,25,10,19,6,71,88,22,42,45,119,0" hai3="131,57,108,72,56,4,132,110,123,114,13,133,52"/><T74/><D124/><U87/><E126/><V31/><F119/><W118/><G72/><T40/><D135/><N who="3" m="51785" /><G118/><T59/><D64/><U60/><E120/><V111/><F111/><N who="3" m="42539" /><G114/><T100/><D100/><U83/><E83/><V41/><F0/><W48/><G123/><T125/><D125/><U7/><E7/><V65/><F45/><N who="3" m="27663" /><G131/><T66/><D66/><U67/><REACH who="1" step="1"/><E60/><REACH who="1" ten="250,240,250,250" step="2"/><V43/><REACH who="2" step="1"/><F88/><REACH who="2" ten="250,240,240,250" step="2"/><W113/><G113/><T115/><D115/><U29/><E29/><AGARI ba="0,2" hai="3,6,10,19,22,25,29,31,41,42,43,61,65,71" machi="29" ten="40,2600,0" yaku="1,1,2,1,53,0" doraHai="8" doraHaiUra="103" who="2" fromWho="1" sc="250,0,240,-26,240,46,250,0" /><INIT seed="1,0,0,4,1,3" ten="250,214,286,250" oya="1" hai0="44,110,8,85,35,79,43,10,115,26,81,45,66" hai1="116,102,20,17,55,78,132,12,73,15,111,134,46" hai2="70,54,130,69,109,7,5,97,68,63,106,19,104" hai3="28,98,99,125,76,84,13,59,64,83,135,131,60"/><U133/><E116/><V95/><F109/><W42/><G125/><T27/><D115/><U36/><E111/><V126/><F126/><W91/><G131/><T39/><D110/><U62/><E102/><V71/><F130/><W25/><G135/><T80/><D66/><U113/><E113/><V21/><F106/><W37/><G37/><T124/><D124/><U129/><E129/><V127/><F104/><W47/><G76/><T51/><D81/><U92/><E92/><V86/><F86/><W53/><G13/><T77/><D77/><U107/><E107/><V72/><F72/><W118/><G118/><T41/><D35/><U2/><E2/><V108/><F108/><W82/><G82/><T4/><REACH who="0" step="1"/><D10/><REACH who="0" ten="240,214,286,250" step="2"/><U123/><E78/><V65/><F127/><W6/><G64/><T96/><D96/><U122/><E73/><V50/><F97/><W24/><G99/><T101/><D101/><U30/><E123/><V14/><REACH who="2" step="1"/><F95/><REACH who="2" ten="240,214,276,250" step="2"/><W114/><G98/><T94/><D94/><U119/><E119/><V93/><F93/><W121/><G114/><T105/><D105/><U56/><E122/><V38/><F38/><W117/><G121/><T18/><D18/><U11/><E36/><V88/><F88/><W48/><G117/><T90/><D90/><U128/><E128/><V9/><F9/><W23/><G6/><T89/><D89/><U67/><E132/><V31/><F31/><W0/><G28/><T120/><D120/><U112/><E112/><V40/><F40/><W74/><G42/><T22/><D22/><U52/><E30/><V103/><F103/><RYUUKYOKU ba="0,2" sc="240,15,214,-15,276,15,250,-15" hai0="4,8,26,27,39,41,43,44,45,51,79,80,85" hai2="5,7,14,19,21,50,54,63,65,68,69,70,71" /><INIT seed="2,1,2,0,0,23" ten="255,199,291,235" oya="2" hai0="47,114,42,30,4,85,115,128,36,87,86,132,91" hai1="92,95,135,57,97,74,51,22,18,1,17,103,110" hai2="9,20,41,118,83,80,55,45,98,8,125,100,27" hai3="0,7,77,21,33,127,102,71,66,82,93,61,5"/><V81/><F125/><W26/><G127/><T50/><D128/><U34/><E34/><V31/><F118/><W104/><G0/><T94/><D132/><U69/><E69/><V129/><F55/><W3/><G3/><T84/><D4/><U40/><E135/><V6/><F129/><W63/><G63/><T96/><N who="0" m="21504" /><DORA hai="10" /><T25/><REACH who="0" step="1"/><D36/><REACH who="0" ten="245,199,291,235" step="2"/><U43/><E1/><V116/><F6/><W49/><G5/><T107/><D107/><U99/><E110/><V72/><F116/><W15/><G104/><T117/><D117/><U38/><E38/><V123/><F72/><W101/><G7/><T52/><D52/><N who="1" m="31903" /><E74/><V24/><F123/><W48/><G93/><T124/><D124/><U133/><E133/><V11/><F81/><W62/><G82/><T75/><D75/><U79/><E79/><V120/><F120/><W14/><G77/><T122/><D122/><U60/><E60/><V35/><F80/><W112/><G62/><T88/><D88/><N who="1" m="55431" /><E17/><V90/><F83/><W13/><G112/><T39/><D39/><U12/><AGARI ba="1,3" hai="12,18,22,40,43,95,99,103" m="55431,31903" machi="12" ten="30,7900,0" yaku="8,1,52,1,54,2" doraHai="23,10" who="1" fromWho="1" sc="245,-21,199,112,291,-40,235,-21" /><INIT seed="3,0,0,4,0,100" ten="224,311,251,214" oya="3" hai0="78,43,22,105,17,86,135,132,14,5,127,119,9" hai1="61,130,8,69,97,107,90,89,16,106,44,108,13" hai2="19,87,59,128,113,7,6,35,124,80,134,60,93" hai3="50,28,129,73,51,58,72,23,57,99,47,122,70"/><W40/><G122/><T32/><D119/><U27/><E108/><V111/><F113/><W120/><G120/><T88/><D127/><U81/><E130/><V56/><F35/><W52/><G70/><T126/><D126/><U29/><E44/><V25/><F124/><W112/><G112/><T48/><D32/><U63/><E63/><V45/><F111/><W11/><G129/><T74/><D78/><U131/><E131/><V92/><F45/><W65/><G11/><T18/><D74/><U101/><E106/><V15/><F25/><W3/><G3/><T95/><D105/><U30/><E81/><V64/><F59/><W20/><G99/><T67/><D67/><N who="1" m="41199" /><E29/><V62/><F62/><W26/><G65/><T55/><D43/><U82/><E82/><V83/><F83/><W68/><G68/><T94/><D94/><N who="2" m="36458" /><F134/><N who="0" m="51242" /><D22/><U121/><E121/><V66/><F128/><W84/><G84/><T39/><D39/><U71/><E71/><V12/><F64/><W116/><G116/><T31/><D31/><U1/><E1/><V38/><F38/><W33/><REACH who="3" step="1"/><G58/><AGARI ba="0,0" hai="5,9,14,17,18,48,55,58,86,88,95" m="51242" machi="58" ten="30,2000,0" yaku="20,1,54,1" doraHai="100" who="0" fromWho="3" sc="224,20,311,0,251,0,214,-20" owari="244,-15.6,311,41.1,251,5.1,194,-30.6" /></mjloggm>