<mjloggm ver="2.3"><GO type="225" lobby="0"/><UN n0="%E7%9A%AE%E3%80%85" n1="%E5%91%A8%E6%9D%B1" n2="%E3%83%A9%E3%82%B9%E7%8E%87%EF%BC%93%E5%89%B2" n3="%72%69%6F%75%63%68%61%6E" dan="16,16,17,16" rate="2161.55,2192.53,2214.36,2089.97" sx="F,M,F,M"/><TAIKYOKU oya="0"/><INIT seed="0,0,0,3,5,58" ten="250,250,250,250" oya="0" hai0="129,69,78,83,34,128,105,85,114,125,42,36,7" hai1="121,57,56,45,123,103,71,0,43,27,5,93,13" hai2="132,50,77,99,76,54,122,12,134,64,8,74,94" hai3="113,101,55,24,70,102,47,59,109,120,10,67,90"/><T66/><D114/><U104/><E104/><V44/><F122/><W80/><G109/><T95/><D105/><U31/><E71/><V48/><F64/><W131/><G131/><N who="0" m="50251" /><D34/><U14/><E0/><V20/><F20/><W41/><G113/><T46/><D125/><U106/><E106/><V1/><F1/><W135/><G135/><N who="2" m="51753" /><F50/><W112/><G112/><T39/><D7/><U89/><E5/><N who="2" m="3087" /><F74/><W73/><G120/><T22/><D22/><U29/><E121/><V115/><F115/><W86/><G73/><T4/><D4/><U60/><E123/><V30/><F30/><W79/><G10/><T21/><D21/><U119/><E31/><V127/><F127/><W11/><G11/><T25/><D25/><U33/><E27/><V116/><F116/><W37/><G24/><T61/><D95/><U2/><E93/><V88/><AGARI ba="0,0" hai="44,48,54,76,77,88,94,99" m="3087,51753" machi="88" ten="30,2000,0" yaku="20,1,54,1" doraHai="58" who="2" fromWho="2" sc="250,-10,250,-5,250,20,250,-5" /><INIT seed="1,0,0,5,2,90" ten="240,245,270,245" oya="1" hai0="133,42,25,94,67,73,10,58,79,135,88,26,43" hai1="60,111,6,134,75,99,44,66,5,46,116,16,71" hai2="4,52,112,124,41,19,68,13,65,98,120,91,127" hai3="119,121,131,109,39,61,81,33,36,83,49,57,113"/><U107/><E116/><V77/><F120/><W103/><G121/><T100/><D100/><U70/><E75/><V48/><F77/><W101/><G113/><T2/><D79/><U0/><E134/><N who="0" m="51209" /><D73/><U40/><E71/><V18/><F41/><N who="0" m="15370" /><D67/><U96/><E111/><V30/><F30/><W12/><G33/><T126/><D58/><U78/><E78/><V31/><F31/><W95/><G103/><T74/><D74/><U23/><E107/><V22/><F112/><W84/><G109/><T37/><D37/><U92/><E99/><V20/><F4/><W106/><G106/><T59/><D59/><U9/><E6/><V128/><F128/><W55/><G131/><T110/><D126/><N who="2" m="48170" /><F65/><W105/><G119/><T108/><D108/><U123/><E40/><V21/><F13/><W97/><G12/><T72/><D72/><U76/><E76/><V29/><F29/><W89/><REACH who="3" step="1"/><G49/><REACH who="3" ten="240,245,270,235" step="2"/><T64/><D110/><U7/><E123/><V14/><F14/><W114/><G114/><T125/><D125/><U117/><E117/><V47/><F68/><W93/><G93/><AGARI ba="0,1" hai="18,19,20,21,22,47,48,52,91,93,98" m="48170" machi="93" ten="30,3900,0" yaku="18,1,52,1,54,1" doraHai="90" who="2" fromWho="3" sc="240,0,245,0,270,49,235,-39" /><INIT seed="2,0,0,3,2,6" ten="240,245,319,196" oya="2" hai0="12,90,81,9,31,96,66,50,57,18,45,91,68" hai1="132,97,36,56,99,121,42,7,58,61,67,75,44" hai2="79,94,124,127,71,38,33,13,43,135,103,92,21" hai3="108,130,48,15,28,119,105,83,101,26,72,122,3"/><V102/><F33/><W112/><G119/><T19/><D68/><U40/><E132/><V22/><F71/><W107/><G122/><T95/><D31/><U0/><E121/><V1/><F1/><W2/><G108/><T98/><D66/><U128/><E128/><V106/><F79/><W125/><G130/><T5/><D57/><U64/><E42/><V115/><F115/><W53/><G112/><T104/><D104/><U78/><E58/><V89/><F106/><W65/><G107/><T60/><D60/><U111/><E67/><V73/><F73/><W23/><G65/><T110/><D110/><U84/><E84/><V29/><F29/><W20/><G125/><T37/><D37/><U113/><E111/><V11/><F43/><W30/><G83/><T109/><D109/><U54/><E64/><V32/><F32/><W129/><G72/><T76/><D76/><U63/><E63/><V39/><F135/><W10/><G129/><T114/><D114/><U59/><E59/><V69/><F69/><W41/><G41/><N who="0" m="24879" /><D98/><U93/><E113/><V120/><F120/><W118/><G118/><T55/><D55/><U52/><E54/><V126/><F126/><W46/><G30/><T100/><D81/><N who="1" m="45279" /><E93/><V35/><F35/><N who="3" m="20887" /><G2/><T82/><D82/><U14/><E0/><V80/><F80/><W70/><G3/><T123/><D123/><U134/><E134/><V87/><F124/><W4/><G70/><T131/><D131/><U116/><E116/><V24/><F127/><W47/><G47/><T133/><D133/><U27/><E44/><V74/><F94/><RYUUKYOKU ba="0,0" sc="240,15,245,-15,319,-15,196,15" hai0="5,9,12,18,19,90,91,95,96,100" hai3="4,10,15,20,23,46,48,53,101,105" /><INIT seed="3,1,0,5,0,99" ten="255,230,304,211" oya="3" hai0="94,55,17,95,42,124,10,104,86,7,63,81,129" hai1="35,61,52,2,123,56,88,103,51,43,87,89,111" hai2="39,85,26,48,57,98,132,112,91,102,9,12,65" hai3="27,110,126,0,135,38,77,40,6,16,97,90,84"/><W131/><G126/><T128/><D124/><U23/><E2/><V37/><F132/><W82/><G135/><T14/><D104/><U109/><E35/><V108/><F108/><N who="1" m="41545" /><E123/><V114/><F37/><W78/><G110/><T93/><D42/><U30/><E103/><V133/><F39/><W19/><G131/><N who="0" m="50251" /><D7/><U73/><E73/><V22/><F133/><W28/><G6/><T122/><D122/><U80/><E89/><V74/><F74/><W8/><G0/><T58/><D81/><U34/><E34/><V106/><F91/><AGARI ba="1,0" hai="10,14,17,55,58,63,86,91,93,94,95" m="50251" machi="91" ten="30,1000,0" yaku="19,1" doraHai="99" who="0" fromWho="2" sc="255,13,230,0,304,-13,211,0" /><INIT seed="4,0,0,2,4,90" ten="268,230,291,211" oya="0" hai0="57,69,109,14,9,113,68,132,81,114,47,86,49" hai1="21,84,11,30,121,124,97,71,120,77,100,70,8" hai2="80,82,24,50,78,93,104,134,36,28,7,117,106" hai3="96,27,88,110,129,102,46,122,16,19,13,35,58"/><T66/><D132/><U12/><E124/><V33/><F36/><W105/><G110/><T92/><D92/><U89/><E77/><V23/><F117/><W39/><G129/><T74/><D74/><U34/><E34/><V37/><F37/><W63/><G122/><T75/><D75/><U67/><E8/><V131/><F7/><W111/><G111/><T56/><D109/><U119/><E119/><V79/><F131/><W38/><G88/><N who="0" m="51279" /><D66/><U17/><E67/><V123/><F123/><W4/><G4/><T1/><D1/><U65/><E65/><V18/><F134/><W62/><G35/><T128/><D128/><U87/><E121/><V48/><F93/><W3/><G3/><T116/><D116/><U44/><E120/><V108/><F108/><W135/><G135/><T2/><D2/><U115/><E71/><V127/><F127/><W20/><G46/><T76/><D76/><U85/><E44/><V125/><F125/><W10/><REACH who="3" step="1"/><G63/><REACH who="3" ten="268,230,291,201" step="2"/><T51/><D47/><U101/><E89/><V6/><F33/><W32/><G32/><T91/><D91/><U118/><E118/><V61/><F61/><W5/><G5/><T64/><D64/><AGARI ba="0,1" hai="10,13,16,19,20,27,38,39,58,62,64,96,102,105" machi="64" ten="30,3900,0" yaku="1,1,7,1,54,1,53,0" doraHai="90" doraHaiUra="25" who="3" fromWho="0" sc="268,-39,230,0,291,0,201,49" /><INIT seed="5,0,0,5,1,45" ten="229,230,291,250" oya="1" hai0="123,77,8,2,129,27,23,121,61,22,72,17,59" hai1="104,84,73,82,100,103,56,11,42,76,130,38,131" hai2="132,51,1,18,66,114,48,16,50,92,53,81,65" hai3="101,111,54,70,49,89,64,85,9,80,0,128,25"/><U99/><E103/><V127/><F1/><W32/><G111/><T105/><D105/><U4/><E56/><V117/><F117/><W62/><G128/><T67/><D129/><U5/><E5/><V74/><F132/><W78/><G101/><T46/><D77/><U12/><REACH who="1" step="1"/><E73/><REACH who="1" ten="229,220,291,250" step="2"/><V15/><F74/><W55/><G70/><T79/><D72/><U28/><E28/><V97/><F127/><W43/><G64/><T37/><D79/><U98/><E98/><V87/><F66/><W124/><G78/><T40/><REACH who="0" step="1"/><D23/><REACH who="0" ten="219,220,291,250" step="2"/><U91/><E91/><N who="2" m="51695" /><F114/><W102/><G89/><T68/><D68/><U106/><E106/><V71/><F71/><W112/><G112/><T86/><D86/><U120/><E120/><V35/><F35/><W30/><G85/><T7/><AGARI ba="0,2" hai="2,7,8,17,22,27,37,40,46,59,61,67,121,123" machi="7" ten="30,2000,0" yaku="1,1,0,1,53,0" doraHai="45" doraHaiUra="96" who="0" fromWho="0" sc="219,40,220,-10,291,-5,250,-5" /><INIT seed="6,0,0,1,0,32" ten="259,210,286,245" oya="2" hai0="35,27,48,39,22,82,2,111,115,7,130,103,95" hai1="67,113,106,97,117,60,81,1,55,49,90,94,80" hai2="112,11,12,71,15,126,65,9,46,14,16,135,23" hai3="131,52,134,89,88,96,109,116,125,127,84,40,58"/><V18/><F112/><W26/><G131/><T86/><D39/><U92/><E106/><V5/><F135/><W105/><G134/><T93/><D111/><U77/><E113/><V33/><F33/><W63/><G116/><T101/><D115/><U87/><E117/><V128/><F128/><W99/><G109/><T121/><D130/><U61/><E1/><V75/><F75/><W25/><G40/><T19/><D35/><U118/><E118/><V28/><F126/><N who="3" m="48139" /><G89/><T21/><D121/><U53/><E61/><V41/><F71/><W51/><G51/><T83/><D48/><U74/><E49/><N who="2" m="26831" /><F28/><W114/><G114/><T129/><D129/><U72/><E94/><N who="0" m="35849" /><D2/><U54/><REACH who="1" step="1"/><E81/><REACH who="1" ten="259,200,286,245" step="2"/><V4/><F65/><W44/><G44/><T8/><D83/><U132/><E132/><V47/><F47/><W38/><G38/><T69/><D82/><U45/><E45/><V76/><F76/><W85/><G105/><T62/><D62/><U34/><E34/><V37/><F37/><W122/><G122/><T3/><D3/><U6/><E6/><AGARI ba="0,1" hai="4,5,6,9,11,12,14,15,16,18,23" m="26831" machi="6" ten="30,2900,0" yaku="8,1,54,1" doraHai="32" who="2" fromWho="1" sc="259,0,200,-29,286,39,245,0" owari="259,5.9,171,-32.9,325,42.5,245,-15.5" /></mjloggm>