<mjloggm ver="2.3"><GO type="225" lobby="0"/><UN n0="%E7%99%BD%E5%80%89%E5%AF%9B%E4%B9%8B" n1="%E5%8D%A0%E3%81%84%E5%B8%AB%E8%A3%8F%E3%81%AA%E3%81%84%E3%81%97" n2="%E3%82%8F%E3%81%8B%E3%81%B0%2A%E3%82%AC%E3%83%BC%E3%83%AB" n3="%E6%A1%9C%E8%8A%B1%E9%96%83%E3%80%85" dan="16,17,16,17" rate="2155.28,2248.46,2130.74,2154.25" sx="M,M,M,M"/><TAIKYOKU oya="0"/><INIT seed="0,0,0,1,0,34" ten="250,250,250,250" oya="0" hai0="53,135,101,103,45,1,89,25,20,124,79,108,123" hai1="21,35,56,24,8,110,115,12,114,92,7,84,44" hai2="130,41,2,87,95,71,62,10,16,38,69,37,80" hai3="98,31,125,90,122,64,78,52,65,121,109,27,14"/><T96/><D123/><N who="3" m="47113" /><G109/><T3/><D108/><U100/><E110/><V55/><F130/><W59/><G125/><T50/><D124/><U29/><E56/><V132/><F132/><W97/><G78/><T120/><D120/><U70/><E70/><V94/><F69/><W81/><G14/><T112/><D112/><N who="1" m="43051" /><E44/><V127/><F127/><W40/><G40/><T119/><D119/><U57/><E57/><V19/><F55/><W23/><G81/><T42/><D135/><U129/><E129/><V72/><F72/><W102/><G90/><T30/><D79/><U4/><E84/><V48/><F48/><N who="3" m="31111" /><G98/><T22/><D22/><U85/><E85/><V68/><F87/><W26/><G27/><T0/><REACH who="0" step="1"/><D53/><REACH who="0" ten="240,250,250,250" step="2"/><U73/><E21/><V60/><F41/><W131/><G131/><T91/><D91/><U88/><E88/><V47/><F71/><W74/><G74/><T18/><D18/><N who="1" m="8455" /><E73/><V15/><F68/><W6/><G6/><T39/><D39/><U49/><E49/><V17/><F37/><W126/><G126/><T63/><D63/><U61/><E61/><V13/><F60/><W128/><G128/><T32/><D32/><U75/><E75/><V118/><F62/><W66/><G66/><T43/><D43/><U82/><E82/><V36/><F80/><W46/><G65/><T104/><D104/><U86/><E100/><V93/><F118/><W134/><G64/><T58/><D58/><U113/><E113/><V116/><F116/><W106/><G134/><T111/><D111/><U51/><E51/><V54/><F36/><W133/><G133/><RYUUKYOKU ba="0,1" sc="240,10,250,10,250,-30,250,10" hai0="0,1,3,20,25,30,42,45,50,89,96,101,103" hai1="4,7,24,29,35,86,92" hai3="23,26,31,46,97,102,106" /><INIT seed="0,1,1,5,4,111" ten="250,260,220,260" oya="0" hai0="86,14,8,37,16,25,104,65,113,93,20,90,32" hai1="98,11,57,91,13,97,6,27,108,19,4,31,100" hai2="33,81,106,38,47,99,7,115,109,128,71,127,43" hai3="117,17,126,58,42,39,133,55,40,28,21,76,5"/><T95/><D104/><U35/><E108/><V94/><F109/><W51/><G117/><T102/><D37/><U29/><E29/><V49/><F106/><W85/><G133/><T125/><D125/><U130/><E130/><V48/><F33/><W0/><G126/><T61/><D32/><U59/><E91/><V10/><F127/><W24/><G39/><T75/><D75/><U74/><E97/><V87/><F128/><W110/><G110/><T18/><D113/><U3/><E74/><V121/><F71/><W77/><G0/><T69/><REACH who="0" step="1"/><D102/><REACH who="0" ten="240,260,220,260" step="2"/><U41/><E41/><V9/><F115/><W96/><G42/><T129/><D129/><U73/><E73/><V135/><F135/><W107/><G40/><T82/><AGARI ba="1,2" hai="8,14,16,18,20,25,61,65,69,82,86,90,93,95" machi="82" ten="20,7800,0" yaku="1,1,0,1,7,1,54,1,53,0" doraHai="111" doraHaiUra="131" who="0" fromWho="0" sc="240,101,260,-27,220,-27,260,-27" /><INIT seed="0,2,0,4,5,70" ten="341,233,193,233" oya="0" hai0="126,117,95,110,101,50,123,46,38,8,76,92,43" hai1="41,90,74,99,18,67,125,33,98,77,26,59,75" hai2="124,134,14,52,116,84,108,94,3,128,13,27,6" hai3="21,44,112,20,83,16,42,12,97,56,62,118,96"/><T88/><D123/><U45/><E125/><V29/><F124/><W37/><G112/><T73/><D126/><U129/><E129/><V47/><F128/><W34/><G118/><T130/><D117/><U61/><E75/><V103/><F116/><W30/><G34/><T35/><D35/><U72/><E74/><V80/><F108/><W5/><G5/><T68/><D68/><U82/><E90/><V71/><F71/><W54/><REACH who="3" step="1"/><G83/><REACH who="3" ten="341,233,193,223" step="2"/><T89/><D130/><U86/><E33/><V81/><F80/><W10/><G10/><T15/><D110/><U32/><E32/><V127/><F127/><W132/><G132/><T93/><D101/><U24/><E72/><V115/><F134/><W4/><G4/><T25/><D73/><U17/><E17/><V79/><F115/><W22/><G22/><T69/><D69/><U120/><E120/><V104/><F6/><W39/><G39/><T19/><D38/><U40/><E18/><V31/><F31/><W114/><G114/><T23/><D76/><U85/><E77/><V7/><F7/><AGARI ba="2,1" hai="7,8,15,19,23,25,43,46,50,88,89,92,93,95" machi="7" ten="40,3900,0" yaku="8,1,54,1" doraHai="70" who="0" fromWho="2" sc="341,55,233,0,193,-45,223,0" /><INIT seed="0,3,0,2,5,118" ten="396,233,148,223" oya="0" hai0="48,131,35,102,3,91,50,26,121,16,97,108,90" hai1="58,64,17,80,96,93,105,29,1,41,119,72,88" hai2="38,0,52,49,12,75,128,104,126,9,120,86,22" hai3="100,51,39,60,59,132,114,70,46,32,125,115,14"/><T47/><D3/><U36/><E119/><V6/><F75/><W43/><G32/><T77/><D131/><U56/><E1/><V99/><F128/><W106/><G14/><T55/><D108/><U23/><E29/><V95/><F38/><W135/><G125/><T87/><D121/><U44/><E105/><V65/><F65/><N who="3" m="41255" /><G100/><T15/><D35/><U107/><E107/><V7/><F126/><W67/><G106/><T69/><D69/><U20/><E64/><V27/><F104/><W40/><G40/><T5/><D26/><U18/><E72/><V10/><F120/><W71/><G71/><T21/><D5/><U98/><E98/><V130/><F130/><W13/><G13/><T24/><D24/><U31/><E31/><V4/><F86/><W134/><G67/><T81/><D50/><U73/><E20/><V113/><F113/><W78/><G78/><T94/><AGARI ba="3,0" hai="15,16,21,47,48,55,77,81,87,90,91,94,97,102" machi="94" ten="20,7800,0" yaku="0,1,7,1,8,1,54,1" doraHai="118" who="0" fromWho="0" sc="396,87,233,-29,148,-29,223,-29" /><INIT seed="0,4,0,2,0,67" ten="483,204,119,194" oya="0" hai0="72,135,70,96,110,12,74,116,132,99,54,36,13" hai1="81,57,92,14,23,91,105,48,107,122,65,128,58" hai2="39,49,133,86,59,15,6,120,35,3,80,103,95" hai3="89,20,85,60,108,83,66,52,88,45,118,79,44"/><T73/><D36/><U114/><E122/><V42/><F120/><W17/><G108/><T16/><D116/><U9/><E128/><V111/><F111/><W10/><G10/><T37/><D37/><U112/><E81/><V43/><F35/><W126/><G126/><T55/><D110/><U68/><E23/><V71/><F71/><W0/><G0/><T1/><D1/><U22/><E22/><V2/><F39/><W18/><G18/><T129/><D129/><U130/><E130/><V123/><F123/><W61/><G118/><T41/><D41/><U7/><E48/><V19/><F133/><N who="0" m="51274" /><D70/><U63/><E57/><V115/><F115/><N who="1" m="44073" /><E58/><V31/><F31/><W106/><G61/><T76/><D76/><U124/><E124/><V75/><F75/><W38/><G38/><T78/><D78/><U121/><E121/><V56/><F56/><N who="3" m="37127" /><G106/><T4/><D4/><U29/><E29/><V125/><F6/><W5/><G5/><T84/><D84/><AGARI ba="4,0" hai="7,9,14,63,65,68,84,91,92,105,107" m="44073" machi="84" ten="30,2000,0" yaku="11,1,52,1" doraHai="67" who="1" fromWho="0" sc="483,-32,204,32,119,0,194,0" /><INIT seed="1,0,0,2,2,60" ten="451,236,119,194" oya="1" hai0="61,89,44,64,126,32,62,17,75,43,25,41,40" hai1="26,105,124,77,87,76,122,117,18,104,63,102,67" hai2="116,51,84,82,16,101,123,49,10,36,109,114,121" hai3="53,30,88,98,69,71,110,66,15,119,3,35,120"/><U129/><E117/><V134/><F116/><W39/><G119/><T95/><D75/><U91/><E122/><V2/><F109/><W108/><G120/><T8/><D126/><U47/><E124/><V42/><F134/><W24/><G3/><T48/><D61/><U90/><E129/><V7/><F114/><W58/><G39/><T11/><D32/><U81/><E47/><V13/><F101/><W56/><G15/><T59/><D25/><U72/><E26/><V34/><F34/><W68/><G66/><T27/><D27/><U22/><E22/><V96/><F96/><W93/><REACH who="3" step="1"/><G58/><REACH who="3" ten="451,236,119,184" step="2"/><T0/><D0/><U111/><E67/><V94/><F36/><W107/><G107/><T29/><D29/><U112/><E104/><V52/><F121/><W86/><G86/><N who="0" m="52663" /><D17/><U99/><E18/><V9/><F123/><W106/><G106/><T45/><D45/><U55/><E72/><V19/><F19/><W80/><G80/><T83/><D83/><U92/><E112/><V4/><F4/><W12/><G12/><T74/><D74/><U46/><E46/><N who="2" m="27703" /><F94/><W31/><G31/><T20/><D20/><U38/><E38/><V78/><F51/><AGARI ba="0,1" hai="24,30,35,51,53,56,68,69,71,88,93,98,108,110" machi="51" ten="40,2600,0" yaku="1,1,54,1,53,0" doraHai="60" doraHaiUra="5" who="3" fromWho="2" sc="451,0,236,0,119,-26,184,36" /><INIT seed="2,0,0,0,4,104" ten="451,236,93,220" oya="2" hai0="29,107,102,80,79,7,61,1,9,126,91,83,120" hai1="121,97,27,105,11,2,20,32,10,109,124,114,34" hai2="8,103,93,53,92,76,22,125,135,51,55,66,129" hai3="88,57,0,130,90,42,71,116,112,127,56,14,49"/><V37/><F129/><W46/><G0/><T19/><D126/><U87/><E114/><V84/><F125/><W3/><G127/><T5/><D120/><U101/><E124/><V15/><F37/><W36/><G3/><T122/><D122/><U41/><E121/><V96/><F135/><W94/><G116/><T30/><D7/><U38/><E109/><V133/><F133/><W132/><G132/><T131/><D131/><U58/><E38/><V28/><F66/><W12/><G130/><T47/><D19/><U99/><E41/><V62/><F62/><W4/><G71/><T18/><D18/><U82/><E58/><V74/><F74/><W128/><G90/><T43/><D91/><U39/><E97/><V48/><F92/><W119/><G119/><T85/><D83/><U25/><E25/><N who="2" m="16439" /><F84/><W89/><G112/><T67/><D102/><U26/><E39/><V24/><F24/><W17/><G128/><T115/><D107/><U106/><E26/><V98/><F76/><W60/><G36/><T68/><D115/><U108/><E106/><V65/><F65/><W54/><G94/><T35/><D35/><U72/><E32/><V23/><F23/><N who="3" m="11687" /><G57/><T100/><D100/><U21/><E34/><V33/><F33/><W111/><G111/><T118/><D118/><U40/><E108/><V75/><F75/><W113/><G113/><T78/><D78/><N who="1" m="46551" /><E72/><V50/><F96/><W16/><G4/><AGARI ba="0,0" hai="4,8,15,48,50,51,53,55,93,98,103" m="16439" machi="4" ten="30,1500,0" yaku="8,1" doraHai="104" who="2" fromWho="3" sc="451,0,236,0,93,15,220,-15" /><INIT seed="2,1,0,1,5,63" ten="451,236,108,205" oya="2" hai0="124,104,109,9,31,12,125,64,97,4,90,116,68" hai1="23,36,130,123,128,61,51,120,55,39,121,93,3" hai2="88,0,106,21,113,1,133,89,40,129,126,82,66" hai3="65,70,118,7,53,107,71,131,99,117,84,86,29"/><V119/><F113/><W95/><G107/><T87/><D109/><U69/><E3/><N who="2" m="1099" /><F40/><W47/><G7/><T10/><D116/><U30/><E93/><V115/><F115/><W78/><G29/><T94/><D31/><U18/><E30/><V16/><F106/><W42/><G53/><T110/><D110/><U2/><E2/><V44/><F119/><W79/><G95/><T28/><D28/><U72/><E72/><V54/><F82/><W45/><G42/><T22/><D22/><U11/><E11/><V34/><F34/><W127/><G99/><T24/><D24/><N who="1" m="14455" /><E61/><V43/><F54/><W13/><G13/><T85/><D10/><U26/><E26/><N who="2" m="14631" /><F66/><W75/><G75/><T48/><D48/><U6/><E6/><V49/><F129/><N who="1" m="49769" /><E69/><V62/><F62/><W76/><G131/><T102/><D64/><U135/><E135/><V103/><F103/><W114/><G78/><T15/><D68/><U134/><E134/><V38/><F133/><W50/><G114/><T60/><D60/><U91/><E91/><N who="2" m="34891" /><F38/><W57/><G57/><AGARI ba="1,0" hai="36,39,51,55,57,120,121,123" m="49769,14455" machi="57" ten="40,2600,0" yaku="13,1,19,1" doraHai="63" who="1" fromWho="3" sc="451,0,236,29,108,0,205,-29" /><INIT seed="3,0,0,0,3,54" ten="451,265,108,176" oya="3" hai0="65,130,79,107,77,26,111,30,60,61,104,68,56" hai1="84,100,58,106,123,35,10,118,93,14,31,50,62" hai2="34,122,5,38,117,134,113,9,101,109,88,133,19" hai3="125,8,29,126,80,70,51,6,66,57,43,121,112"/><W127/><G121/><T16/><D111/><U87/><E123/><V39/><F113/><W25/><G112/><T99/><D130/><U81/><E106/><V2/><F122/><W96/><G70/><T73/><D16/><N who="1" m="8279" /><E35/><V97/><F117/><W3/><G96/><T7/><D7/><U69/><E69/><V85/><F109/><W90/><G43/><T4/><D4/><U91/><E118/><V40/><F34/><W98/><G98/><T95/><D73/><U1/><E1/><V28/><F28/><W33/><G51/><T71/><D71/><U119/><E119/><V89/><F19/><W22/><G33/><N who="0" m="20695" /><D95/><U128/><E128/><V110/><F110/><W63/><G80/><T18/><D18/><U114/><E114/><V59/><F59/><W12/><G90/><T64/><D107/><U102/><E31/><V36/><F40/><W86/><G86/><T48/><D48/><U13/><E13/><AGARI ba="0,0" hai="3,6,8,12,13,22,25,29,57,63,66,125,126,127" machi="13" ten="40,3900,0" yaku="18,1,52,1" doraHai="54" who="3" fromWho="1" sc="451,0,265,-39,108,0,176,39" /><INIT seed="3,1,0,4,4,17" ten="451,226,108,215" oya="3" hai0="121,21,79,135,4,48,116,109,68,55,134,39,42" hai1="84,127,124,82,118,66,91,63,128,1,95,36,41" hai2="81,3,105,23,52,98,32,83,73,46,33,59,7" hai3="51,89,104,5,24,27,71,108,125,103,120,101,130"/><W35/><G120/><T37/><D121/><U74/><E128/><V6/><F105/><W102/><G104/><T43/><D116/><U18/><E118/><V13/><F3/><W117/><G117/><T97/><D68/><U57/><E1/><V50/><F98/><W106/><G106/><T8/><D79/><U93/><E74/><V22/><F73/><W87/><G130/><T40/><D97/><U114/><E114/><V56/><F32/><W80/><G71/><T133/><D21/><N who="2" m="7690" /><F33/><W131/><G131/><T64/><D64/><U86/><E18/><V78/><F78/><W85/><G125/><N who="1" m="48202" /><E86/><V96/><F96/><W31/><G108/><T129/><D109/><U45/><AGARI ba="1,0" hai="36,41,45,57,63,66,82,84,91,93,95" m="48202" machi="45" ten="30,1100,0" yaku="18,1" doraHai="17" who="1" fromWho="1" sc="451,-4,226,14,108,-4,215,-6" owari="447,54.7,240,4.0,104,-39.6,209,-19.1" /></mjloggm>