<mjloggm ver="2.3"><GO type="225" lobby="0"/><UN n0="%E3%83%81%E3%83%83%E3%82%BF%E3%82%BD%E3%83%BC" n1="%77%72%77%72%77%72%77%72" n2="%E3%81%BF%E3%81%BF%E3%81%9A" n3="%E3%83%B4%E3%83%A0%EF%BC%99%E3%81%A6" dan="16,17,17,16" rate="2155.69,2207.67,2168.22,2146.01" sx="F,M,M,M"/><TAIKYOKU oya="0"/><INIT seed="0,0,0,4,1,2" ten="250,250,250,250" oya="0" hai0="12,45,131,31,6,130,62,73,16,128,105,54,82" hai1="25,24,41,132,93,67,86,13,118,115,38,99,110" hai2="135,52,87,134,17,30,81,117,78,29,15,122,111" hai3="109,100,71,35,83,106,97,48,37,28,55,94,49"/><T3/><D105/><U92/><E118/><V56/><F122/><W60/><G37/><T68/><D31/><U64/><E110/><V34/><F111/><W33/><G109/><T104/><D104/><U95/><E132/><N who="2" m="50731" /><F34/><W23/><G23/><T59/><D68/><U98/><E115/><V125/><F125/><W120/><G33/><T4/><D45/><U101/><E38/><V63/><F117/><W47/><G120/><T74/><D3/><U18/><E41/><V26/><F26/><N who="1" m="10345" /><E86/><V114/><F114/><W36/><G36/><T19/><D19/><U50/><E50/><V127/><F127/><W39/><G39/><T84/><D73/><U32/><E32/><V7/><F7/><W20/><G48/><T107/><D107/><U51/><E51/><V53/><F53/><W58/><G106/><T42/><D74/><U121/><E121/><V129/><F129/><W61/><G49/><T11/><REACH who="0" step="1"/><D42/><REACH who="0" ten="240,250,250,250" step="2"/><U65/><E101/><V66/><F66/><W75/><G100/><T69/><D69/><U8/><AGARI ba="0,1" hai="8,13,18,64,65,67,92,93,95,98,99" m="10345" machi="8" ten="40,1500,0" yaku="8,1" doraHai="2" who="1" fromWho="1" sc="240,-7,250,25,250,-4,250,-4" /><INIT seed="1,0,0,2,0,31" ten="233,275,246,246" oya="1" hai0="134,126,56,55,71,58,124,128,120,1,135,72,86" hai1="127,87,0,6,59,50,25,33,129,19,45,66,40" hai2="131,54,10,5,76,74,28,108,69,23,97,47,110" hai3="37,17,82,91,98,43,27,34,92,75,9,42,89"/><U7/><E129/><V121/><F69/><W51/><G37/><T99/><D72/><U112/><E112/><V67/><F121/><W64/><G64/><T21/><D1/><U36/><E127/><N who="0" m="48681" /><D71/><U113/><E113/><V4/><F67/><W44/><G75/><T20/><D120/><U105/><E105/><V65/><F65/><W94/><G82/><T11/><D11/><U118/><E118/><V132/><F131/><W8/><G43/><T53/><D99/><U61/><E36/><V79/><F132/><N who="0" m="50730" /><D86/><U114/><E114/><V80/><F79/><W96/><G17/><T107/><D107/><U95/><E0/><V84/><F74/><W83/><G83/><T68/><D68/><U81/><E95/><V49/><F97/><W101/><G101/><T14/><D14/><U100/><E100/><V57/><F10/><W18/><G18/><T122/><D122/><U70/><E70/><V2/><F2/><W35/><G27/><T119/><D119/><U29/><REACH who="1" step="1"/><E19/><REACH who="1" ten="233,265,246,246" step="2"/><V117/><F117/><W3/><G8/><T62/><D128/><U13/><E13/><V39/><F110/><W22/><G9/><T103/><D103/><U12/><E12/><V73/><F108/><W88/><G3/><T123/><D123/><U26/><E26/><N who="2" m="16479" /><F39/><W30/><G94/><T102/><D102/><U78/><AGARI ba="0,1" hai="6,7,25,29,33,40,45,50,59,61,66,78,81,87" machi="78" ten="20,12000,1" yaku="1,1,0,1,7,1,52,1,53,1" doraHai="31" doraHaiUra="52" who="1" fromWho="1" sc="233,-40,265,130,246,-40,246,-40" /><INIT seed="1,1,0,5,0,81" ten="193,395,206,206" oya="1" hai0="110,14,120,101,11,59,95,123,67,131,50,45,94" hai1="119,41,133,31,114,2,10,49,118,104,38,27,63" hai2="135,58,13,8,117,91,22,84,127,109,25,28,92" hai3="108,43,51,68,134,35,100,55,128,53,15,0,21"/><U112/><E104/><V106/><F109/><W54/><G0/><T29/><D110/><U90/><E90/><V124/><F106/><W39/><G108/><T75/><D75/><U80/><E80/><V36/><F117/><N who="1" m="44553" /><E49/><V96/><F135/><W79/><G35/><T122/><D131/><U5/><E63/><V103/><F36/><W129/><G68/><T97/><D29/><U37/><E41/><V78/><F78/><W30/><G134/><T62/><D94/><U47/><E47/><V9/><F58/><W70/><G70/><T87/><D87/><U93/><E93/><N who="2" m="54503" /><F13/><W34/><G100/><T107/><D107/><U33/><E133/><V48/><F48/><W98/><G98/><T32/><D32/><U52/><E52/><N who="3" m="20074" /><G34/><T24/><D24/><U42/><E42/><V18/><F18/><N who="3" m="10463" /><G30/><T89/><D50/><U16/><E37/><V56/><F56/><N who="3" m="32895" /><G79/><T23/><D45/><U40/><E40/><V65/><F65/><W99/><G99/><T76/><D76/><U6/><E38/><V77/><F77/><W102/><G102/><T111/><D111/><U12/><E6/><V115/><F115/><W26/><G26/><T126/><D101/><U113/><E113/><V61/><F61/><W17/><G17/><T60/><D62/><U57/><E57/><V73/><F73/><W125/><G39/><T71/><D71/><U86/><E114/><V130/><F130/><N who="3" m="50283" /><G43/><T3/><D60/><U20/><E112/><V72/><F72/><W66/><G66/><T46/><D67/><U19/><E19/><V74/><F74/><W116/><G116/><RYUUKYOKU ba="1,0" sc="193,-30,395,10,206,10,206,10" hai1="2,5,10,12,16,20,27,31,33,86" hai2="8,9,22,25,28,92,96,103,124,127" hai3="125" /><INIT seed="1,2,0,2,3,71" ten="163,405,216,216" oya="1" hai0="50,96,109,15,41,38,113,25,125,6,14,90,7" hai1="114,116,82,103,42,73,48,44,58,76,35,91,1" hai2="132,68,54,31,66,11,64,47,122,34,101,121,17" hai3="26,89,39,49,127,128,43,20,110,23,29,112,67"/><U134/><E114/><V21/><F101/><W87/><G112/><T117/><D109/><U88/><E116/><V79/><F79/><W130/><G110/><T45/><D113/><U5/><E35/><V60/><F66/><W97/><G127/><T12/><D125/><U2/><E134/><V28/><F132/><W118/><G118/><T3/><D117/><U52/><E103/><V62/><F11/><W100/><G67/><T40/><D3/><U59/><E59/><V61/><F61/><W84/><G49/><T104/><D25/><U77/><E77/><V135/><F135/><W99/><G20/><T80/><D104/><U4/><E4/><V75/><F75/><W85/><G89/><T72/><D72/><U53/><E53/><V123/><F34/><W36/><G43/><T83/><D38/><N who="3" m="14377" /><G100/><T9/><D40/><U65/><E65/><V81/><F81/><N who="0" m="31306" /><D9/><N who="1" m="2223" /><E2/><V18/><F18/><W63/><G63/><T92/><AGARI ba="2,0" hai="6,7,12,14,15,41,45,50,90,92,96" m="31306" machi="92" ten="30,1100,0" yaku="8,1" doraHai="71" who="0" fromWho="0" sc="163,17,405,-7,216,-5,216,-5" /><INIT seed="2,0,0,0,4,27" ten="180,398,211,211" oya="2" hai0="56,89,52,33,65,35,68,23,122,107,118,30,58" hai1="49,121,71,39,36,125,109,14,1,0,60,84,51" hai2="79,44,69,62,114,87,55,72,9,90,85,12,95" hai3="59,80,6,116,13,100,78,115,47,61,50,25,67"/><V120/><F114/><W101/><G115/><T124/><D107/><U135/><E109/><V41/><F120/><W92/><G116/><T42/><D122/><U117/><E121/><V81/><F69/><W11/><G25/><T5/><D68/><U37/><E117/><V38/><F62/><W26/><G26/><N who="0" m="16735" /><D33/><U126/><E135/><V97/><REACH who="2" step="1"/><F55/><REACH who="2" ten="180,398,201,211" step="2"/><W29/><G29/><T8/><D52/><U86/><E60/><V123/><F123/><W21/><G21/><T17/><D118/><U10/><E71/><V70/><F70/><W133/><G133/><T127/><D35/><U119/><E119/><V132/><F132/><W31/><G31/><T28/><D28/><U2/><E51/><V113/><F113/><W43/><REACH who="3" step="1"/><G92/><REACH who="3" ten="180,398,201,201" step="2"/><T24/><D127/><U75/><E126/><V105/><F105/><W83/><G83/><T22/><D124/><U93/><E125/><V91/><F91/><W131/><G131/><T111/><D89/><U3/><E93/><V94/><F94/><W40/><G40/><T18/><D42/><U134/><E134/><V32/><F32/><W77/><G77/><T20/><D111/><U15/><E49/><V102/><F102/><W48/><G48/><T106/><D106/><U103/><E103/><V19/><AGARI ba="0,2" hai="9,12,19,38,41,44,72,79,81,85,87,90,95,97" machi="19" ten="20,3900,0" yaku="1,1,0,1,7,1,53,0" doraHai="27" doraHaiUra="46" who="2" fromWho="2" sc="180,-13,398,-13,201,59,201,-13" /><INIT seed="2,1,0,4,0,58" ten="167,385,260,188" oya="2" hai0="95,106,71,69,86,110,127,132,43,11,99,70,113" hai1="68,31,102,5,7,19,8,85,61,45,76,82,125" hai2="60,24,93,28,9,41,122,21,89,94,129,46,88" hai3="79,118,48,36,112,126,55,97,54,62,4,17,23"/><V29/><F122/><W33/><G118/><T74/><D110/><U65/><E125/><V50/><F129/><W100/><G36/><T80/><D113/><U96/><E31/><V30/><F9/><W49/><G33/><T107/><D127/><U42/><E19/><V0/><F0/><W77/><G112/><T39/><D132/><U27/><E27/><V133/><F133/><W57/><G4/><T121/><D74/><U116/><E116/><V119/><F119/><W51/><G54/><T115/><D115/><U98/><E102/><V128/><F128/><W75/><G75/><T16/><D121/><U44/><E44/><V81/><F81/><W14/><REACH who="3" step="1"/><G126/><REACH who="3" ten="167,385,260,178" step="2"/><T26/><D39/><U56/><E5/><V3/><F3/><W47/><G47/><T2/><D43/><U114/><E45/><V63/><F30/><W59/><G59/><T38/><D38/><U6/><E42/><V13/><F29/><W108/><G108/><T105/><D2/><U18/><E68/><V84/><F13/><W25/><G25/><T83/><D26/><U1/><E114/><V130/><F130/><W134/><G134/><T92/><D69/><U22/><E6/><V103/><F103/><W101/><G101/><N who="0" m="60647" /><D70/><U20/><E7/><V34/><F34/><W120/><G120/><T12/><D71/><U64/><E1/><V78/><F78/><W111/><G111/><T90/><D16/><U67/><E18/><V117/><F117/><W135/><G135/><T104/><N who="0" m="26624" /><DORA hai="40" /><T91/><D91/><U32/><E32/><V72/><F72/><W131/><G131/><RYUUKYOKU ba="1,1" sc="167,10,385,-30,260,10,178,10" hai0="11,12,80,83,86,90,95" hai2="21,24,28,41,46,50,60,63,84,88,89,93,94" hai3="14,17,23,48,49,51,55,57,62,77,79,97,100" /><INIT seed="2,2,1,3,3,9" ten="177,355,270,188" oya="2" hai0="16,61,30,15,72,7,84,86,90,60,2,121,70" hai1="6,13,35,20,89,23,43,127,0,38,83,74,132" hai2="14,113,22,67,48,131,108,63,103,11,12,81,31" hai3="91,135,21,33,66,79,29,100,34,17,128,82,105"/><V106/><F113/><W118/><G118/><T115/><D115/><U62/><E35/><V4/><F131/><W97/><G128/><T59/><D121/><U87/><E132/><V129/><F129/><W39/><G39/><T45/><D72/><U77/><E127/><V73/><F108/><W120/><G135/><T1/><D70/><U42/><E62/><V10/><F48/><W55/><G120/><T117/><D117/><U3/><E3/><V46/><F46/><W47/><G66/><T40/><D30/><U123/><E123/><V26/><F103/><W109/><G109/><T101/><D101/><U111/><E111/><V114/><F106/><W104/><G104/><T53/><D61/><U130/><E130/><V85/><F73/><W99/><G29/><T65/><D65/><U125/><E125/><V71/><F114/><W44/><G91/><T18/><D18/><U54/><E54/><V27/><F27/><W57/><G97/><T95/><D7/><U88/><E89/><V50/><F50/><W51/><G33/><T93/><D95/><U94/><E42/><V134/><F134/><W32/><G32/><T25/><D25/><U68/><E68/><V92/><F92/><W75/><REACH who="3" step="1"/><G34/><REACH who="3" ten="177,355,270,178" step="2"/><T24/><D84/><U102/><E102/><V56/><F71/><W41/><G41/><T126/><D126/><U52/><E43/><V96/><F96/><W69/><G69/><T124/><D124/><U37/><E38/><V28/><F31/><W122/><G122/><T8/><D24/><AGARI ba="2,2" hai="17,21,24,44,47,51,55,57,75,79,82,99,100,105" machi="24" ten="30,3900,0" yaku="1,1,7,1,53,1" doraHai="9" doraHaiUra="98" who="3" fromWho="0" sc="177,-45,355,0,270,0,178,65" /><INIT seed="3,0,0,1,4,92" ten="132,355,270,243" oya="3" hai0="27,70,24,64,17,65,47,73,97,132,38,113,29" hai1="108,51,126,67,84,42,69,74,100,104,39,7,36" hai2="76,111,25,116,1,90,12,21,78,26,79,93,30" hai3="48,60,16,9,45,120,3,10,114,134,58,31,55"/><W96/><G114/><T33/><D113/><U94/><E74/><V112/><F111/><W32/><G120/><T89/><D132/><U5/><E108/><V101/><F1/><W2/><G134/><T107/><D64/><U8/><E126/><V123/><F123/><W56/><G56/><T125/><D125/><U82/><E104/><V41/><F116/><W119/><G119/><T98/><D73/><U11/><E67/><V6/><F101/><W122/><G122/><T14/><D24/><U63/><E63/><V115/><F41/><W71/><G71/><T135/><D135/><U43/><E69/><V99/><F112/><W131/><G131/><T15/><D47/><N who="1" m="26103" /><E43/><V59/><F115/><W13/><G9/><N who="1" m="3658" /><E36/><V80/><F25/><W103/><G31/><T129/><D38/><U124/><E39/><V57/><F80/><W0/><G32/><T19/><D129/><U54/><E54/><V62/><F57/><W18/><G18/><T49/><D49/><U86/><E124/><V68/><F68/><W4/><G4/><T133/><D133/><U61/><E61/><V72/><F72/><W85/><G85/><N who="1" m="32874" /><E82/><V66/><F12/><N who="0" m="4650" /><D65/><U22/><E22/><V118/><REACH who="2" step="1"/><F118/><REACH who="2" ten="132,355,260,243" step="2"/><W37/><G37/><T28/><D70/><U44/><E44/><V121/><F121/><W91/><G0/><T34/><D107/><U105/><E105/><V75/><F75/><W53/><G103/><T20/><D89/><U23/><E100/><V127/><F127/><W110/><G110/><T87/><D87/><U88/><E88/><V128/><F128/><W52/><G53/><RYUUKYOKU ba="0,1" sc="132,-15,355,-15,260,15,243,15" hai2="6,21,26,30,59,62,66,76,78,79,90,93,99" hai3="2,3,10,13,16,45,48,52,55,58,60,91,96" /><INIT seed="3,1,1,4,3,99" ten="117,340,275,258" oya="3" hai0="12,55,132,30,121,105,53,7,134,41,25,119,128" hai1="31,122,88,125,68,101,69,106,52,35,19,76,127" hai2="103,66,67,110,117,34,135,75,5,109,24,102,91" hai3="48,23,87,111,16,73,113,63,115,0,116,29,90"/><W57/><G116/><T36/><D119/><U40/><E122/><V96/><F117/><W15/><G73/><T84/><D121/><U26/><E76/><V74/><F5/><W28/><G0/><T131/><D41/><U95/><E40/><V70/><F135/><N who="0" m="51754" /><D36/><U44/><E19/><V71/><F91/><W18/><G111/><N who="2" m="42505" /><F96/><W126/><G126/><N who="1" m="48138" /><E101/><N who="2" m="38411" /><F34/><W104/><G104/><T20/><D84/><N who="1" m="52615" /><E106/><V112/><F24/><N who="3" m="14439" /><G48/><AGARI ba="1,1" hai="26,31,35,44,48,52,68,69" m="52615,48138" machi="48" ten="30,3900,0" yaku="18,1,54,2" doraHai="99" who="1" fromWho="3" sc="117,0,340,52,275,0,258,-42" owari="117,-38.3,392,49.2,275,7.5,216,-18.4" /></mjloggm>