<mjloggm ver="2.3"><GO type="225" lobby="0"/><UN n0="%E3%81%8B%E3%82%8F%E3%81%A1%E3%82%83%E3%82%93%35%38" n1="%E5%91%A8%E6%9D%B1" n2="%70%68%65%6E%6F%6D%65" n3="%E5%A4%8F%E9%88%B4%E9%88%B4%E5%A4%8F" dan="16,17,16,16" rate="2178.06,2201.06,2135.57,2121.02" sx="M,M,M,F"/><TAIKYOKU oya="0"/><INIT seed="0,0,0,0,0,37" ten="250,250,250,250" oya="0" hai0="80,22,59,128,83,28,23,40,110,7,16,100,48" hai1="74,106,111,81,127,47,15,20,103,114,45,26,18" hai2="54,64,119,85,49,97,134,58,60,5,38,4,41" hai3="63,95,57,42,84,3,11,115,10,107,104,126,65"/><T19/><D128/><U112/><E111/><V21/><F134/><W71/><G115/><N who="1" m="44074" /><E127/><V108/><F108/><W35/><G35/><T75/><D110/><U102/><E106/><V96/><F119/><W76/><G126/><T2/><D2/><U135/><E135/><V132/><F132/><W78/><G71/><T101/><D75/><U14/><E14/><V46/><F85/><W117/><G117/><T50/><D7/><U88/><E26/><V1/><F21/><W32/><G32/><T99/><D28/><U86/><E74/><V113/><F113/><W131/><G131/><T118/><D118/><U55/><E55/><V27/><F27/><W105/><G42/><T92/><D59/><U121/><E121/><V51/><F51/><W34/><G34/><T79/><D79/><U29/><E29/><V43/><F41/><W33/><G33/><T62/><D62/><U98/><E98/><N who="2" m="37995" /><F1/><W44/><G3/><T56/><D56/><U6/><E6/><V12/><F12/><W87/><G44/><AGARI ba="0,0" hai="15,18,20,44,45,47,81,86,88,102,103" m="44074" machi="44" ten="30,2000,0" yaku="11,1,54,1" doraHai="37" who="1" fromWho="3" sc="250,0,250,20,250,0,250,-20" /><INIT seed="1,0,0,0,3,73" ten="250,270,250,230" oya="1" hai0="53,124,14,92,9,128,72,97,105,114,84,68,96" hai1="11,26,40,16,6,86,107,123,108,12,130,50,95" hai2="78,47,116,104,113,2,52,119,29,39,109,89,0" hai3="48,8,35,98,23,21,71,132,102,55,74,17,110"/><U3/><E107/><V83/><F104/><W93/><G110/><T63/><D114/><U1/><E123/><V15/><F109/><W59/><G132/><T7/><D72/><U117/><E117/><V33/><F113/><W66/><G74/><T111/><D111/><U4/><E108/><V24/><F89/><W88/><G35/><T125/><D128/><U57/><E130/><V127/><F127/><N who="0" m="48714" /><D105/><U133/><E133/><V28/><F29/><W75/><G75/><T32/><D32/><U18/><E1/><V56/><F15/><W13/><REACH who="3" step="1"/><G102/><REACH who="3" ten="250,270,250,220" step="2"/><T76/><D92/><U100/><E100/><V38/><F116/><W122/><G122/><T134/><D134/><U115/><E115/><V65/><F119/><W80/><G80/><N who="0" m="47111" /><D68/><U64/><E95/><V62/><F33/><W43/><G43/><T49/><D63/><AGARI ba="0,1" hai="8,13,17,21,23,48,55,59,63,66,71,88,93,98" machi="63" ten="40,2600,0" yaku="1,1,54,1,53,0" doraHai="73" doraHaiUra="31" who="3" fromWho="0" sc="250,-26,270,0,250,0,220,36" /><INIT seed="2,0,0,4,5,101" ten="224,270,250,256" oya="2" hai0="15,76,70,16,108,123,105,109,73,35,92,68,133" hai1="6,125,37,75,118,106,22,96,49,104,129,46,83" hai2="52,25,126,95,3,9,71,43,98,55,78,32,131" hai3="56,10,53,8,50,107,5,58,30,85,13,12,2"/><V42/><F71/><N who="0" m="27178" /><D123/><U128/><E118/><V122/><F122/><W18/><G107/><N who="1" m="41002" /><E96/><V61/><F126/><W86/><G30/><T63/><D35/><U21/><E6/><V59/><F131/><N who="1" m="50249" /><E37/><V94/><F78/><W29/><G29/><T1/><D133/><U0/><E0/><V41/><F55/><W39/><G39/><T17/><D1/><U113/><E113/><V51/><F32/><W45/><G2/><T112/><D112/><U67/><E67/><V36/><F36/><W74/><G74/><T124/><D105/><U93/><E93/><V121/><F121/><W31/><G31/><T134/><D134/><U135/><E125/><V82/><F82/><W115/><G115/><T91/><D124/><U66/><E66/><V33/><F94/><W65/><G65/><T116/><D116/><U11/><E11/><V24/><F33/><W44/><G5/><T38/><D38/><U26/><E26/><N who="2" m="10347" /><F9/><W69/><G8/><T77/><D15/><U34/><E34/><V14/><F14/><W79/><G13/><T81/><D77/><N who="1" m="44479" /><E135/><V110/><F3/><W19/><G10/><T47/><D92/><U54/><AGARI ba="0,0" hai="21,22,46,49,54" m="44479,50249,41002" machi="54" ten="30,7900,0" yaku="19,1,52,3" doraHai="101" who="1" fromWho="1" sc="224,-20,270,79,250,-39,256,-20" /><INIT seed="3,0,0,5,3,23" ten="204,349,211,236" oya="3" hai0="122,119,109,62,66,33,44,50,15,80,5,128,49" hai1="85,72,94,125,63,28,135,43,86,77,95,88,51" hai2="7,78,52,83,114,34,118,57,120,38,73,84,6" hai3="79,121,59,45,112,46,26,21,67,106,69,13,25"/><W65/><G121/><T8/><D119/><U68/><E135/><V36/><F114/><W123/><G123/><T134/><D122/><U110/><E110/><V102/><F120/><W90/><G106/><T14/><D33/><U16/><E125/><V108/><F118/><W17/><G69/><T107/><D107/><U35/><E72/><V10/><F108/><W64/><G79/><T19/><D109/><U22/><E63/><V126/><F126/><W60/><G112/><T89/><D134/><U127/><E68/><V81/><F34/><W3/><G3/><T98/><D128/><U104/><E28/><V91/><F102/><W116/><G90/><T32/><D32/><U54/><E43/><V96/><F96/><W103/><G103/><T1/><D1/><U20/><E35/><V2/><F7/><W117/><G117/><T93/><D80/><U37/><E37/><V75/><F75/><W9/><G26/><T41/><D50/><AGARI ba="0,0" hai="2,6,10,36,38,50,52,57,73,78,81,83,84,91" machi="50" ten="30,2000,0" yaku="7,1,54,1" doraHai="23" who="2" fromWho="0" sc="204,-20,349,0,211,20,236,0" owari="184,-31.6,349,44.9,231,-16.9,236,3.6" /></mjloggm>