<mjloggm ver="2.3"><GO type="225" lobby="0"/><UN n0="%E3%81%95%E3%81%8D%E3%81%9F%E3%81%BE%E6%9E%97%E6%AA%8E" n1="%72%65%6E%6B%75%6E" n2="%E5%8D%A0%E3%81%84%E5%B8%AB%E8%A3%8F%E3%81%AA%E3%81%84%E3%81%97" n3="%72%61%6B%33" dan="16,17,17,16" rate="2140.08,2191.19,2249.78,2165.99" sx="M,M,M,M"/><TAIKYOKU oya="0"/><INIT seed="0,0,0,5,0,10" ten="250,250,250,250" oya="0" hai0="17,59,22,38,18,111,122,23,32,100,94,116,69" hai1="7,14,27,48,78,19,133,81,130,46,118,35,26" hai2="74,114,20,47,53,91,50,110,108,12,85,8,98" hai3="61,70,37,33,11,42,28,2,60,126,67,41,68"/><T21/><D116/><U13/><E118/><V16/><F114/><W129/><G126/><T40/><D122/><U66/><E66/><V115/><F115/><W56/><G129/><T120/><D69/><U106/><E106/><V101/><F74/><W86/><G28/><T31/><D120/><U88/><E130/><V127/><F127/><W89/><G33/><T65/><D32/><U71/><E71/><V107/><REACH who="2" step="1"/><F20/><REACH who="2" ten="250,250,240,250" step="2"/><W30/><G37/><T49/><D31/><U80/><E35/><V62/><F62/><W131/><G30/><T102/><D22/><N who="1" m="11639" /><E133/><V97/><F97/><W51/><G61/><T103/><D23/><U36/><E36/><V99/><F99/><W63/><G60/><T43/><D21/><U134/><E134/><V109/><F109/><W119/><G70/><T125/><D111/><U128/><E128/><V84/><F84/><W57/><G131/><T96/><D125/><U113/><E113/><V25/><F25/><W34/><G34/><T64/><D38/><U73/><E26/><V77/><F77/><W124/><G124/><T54/><D96/><U105/><E27/><V29/><F29/><W1/><G68/><T92/><D103/><U39/><E39/><V135/><F135/><W87/><G63/><T58/><D102/><U52/><E78/><V24/><F24/><W55/><G119/><T95/><D100/><U45/><E73/><V123/><F123/><W112/><G112/><T6/><D65/><U75/><E75/><V132/><F132/><W9/><G67/><T93/><N who="0" m="23552" /><DORA hai="4" /><T72/><D64/><U83/><E48/><RYUUKYOKU ba="0,1" sc="250,-10,250,-10,240,30,250,-10" hai2="8,12,16,47,50,53,85,91,98,101,107,108,110" /><INIT seed="1,1,1,2,5,40" ten="240,240,270,240" oya="1" hai0="116,52,85,84,75,110,12,19,122,115,100,92,80" hai1="104,43,3,119,30,28,71,72,74,131,61,76,38" hai2="11,49,109,98,53,56,35,103,16,91,29,128,39" hai3="107,124,9,102,8,117,65,42,5,112,54,99,90"/><U73/><E119/><V1/><F109/><W44/><G117/><T114/><D116/><U101/><E131/><V25/><F128/><W32/><G112/><T62/><D75/><U63/><E3/><V69/><F39/><W134/><G124/><T106/><D106/><U14/><E76/><V17/><F91/><W83/><G134/><T66/><D110/><U27/><E14/><V93/><REACH who="2" step="1"/><F69/><REACH who="2" ten="240,240,260,240" step="2"/><W133/><G90/><T94/><D115/><U18/><E71/><V95/><F95/><W26/><G133/><T15/><D94/><U118/><E118/><V121/><F121/><W59/><G107/><T67/><D92/><U10/><E104/><V81/><F81/><W88/><G88/><T97/><D80/><U2/><E101/><V21/><F21/><W79/><G83/><T13/><D100/><U135/><E135/><V77/><F77/><W58/><G79/><T48/><D122/><U126/><E126/><V127/><F127/><W125/><G102/><T7/><D114/><U123/><E123/><V68/><F68/><W0/><G125/><T36/><D36/><U64/><E38/><V113/><F113/><W87/><G32/><T47/><D97/><U20/><E20/><V70/><F70/><W23/><G99/><T41/><D85/><U22/><E73/><V31/><F31/><N who="1" m="11817" /><E74/><V89/><F89/><W34/><G87/><T24/><D84/><U33/><E72/><V111/><F111/><W45/><G34/><T46/><D7/><AGARI ba="1,2" hai="1,7,11,16,17,25,29,35,49,53,56,93,98,103" machi="7" ten="40,5200,0" yaku="1,1,54,1,53,1" doraHai="40" doraHaiUra="6" who="2" fromWho="0" sc="240,-55,240,0,260,75,240,0" /><INIT seed="2,0,0,0,1,27" ten="185,240,335,240" oya="2" hai0="127,31,121,7,24,32,10,36,125,109,29,42,115" hai1="99,37,18,105,62,81,108,70,52,113,76,25,4" hai2="55,69,23,5,73,91,102,95,131,96,33,1,8" hai3="107,72,16,79,57,84,61,63,19,124,133,49,75"/><V100/><F33/><W85/><G107/><T89/><D115/><U119/><E113/><V80/><F131/><W126/><G49/><T2/><D121/><U11/><E119/><V68/><F55/><W64/><G79/><T101/><D89/><U53/><E37/><V3/><F3/><W6/><G6/><T28/><D101/><U12/><E108/><V134/><F134/><W35/><G35/><T44/><D109/><U130/><E130/><V9/><F9/><W132/><G57/><T40/><D40/><U129/><E129/><V111/><F111/><W117/><REACH who="3" step="1"/><G64/><REACH who="3" ten="185,240,335,230" step="2"/><T83/><REACH who="0" step="1"/><D83/><REACH who="0" ten="175,240,335,230" step="2"/><U13/><E105/><V14/><F80/><W112/><G112/><T47/><D47/><U77/><E81/><V54/><F5/><W46/><G46/><T114/><D114/><U58/><E4/><V51/><F91/><W110/><G110/><T0/><D0/><U93/><E76/><V104/><F1/><W92/><G92/><T43/><D43/><U45/><E77/><V22/><F100/><W122/><G122/><T15/><D15/><U48/><E13/><V30/><F95/><W21/><G21/><T120/><D120/><U41/><E41/><V34/><F22/><W59/><G59/><T116/><D116/><AGARI ba="0,2" hai="16,19,61,63,72,75,84,85,116,117,124,126,132,133" machi="116" ten="25,6400,0" yaku="1,1,22,2,54,1,53,0" doraHai="27" doraHaiUra="97" who="3" fromWho="0" sc="175,-64,240,0,335,0,230,84" /><INIT seed="3,0,0,3,1,54" ten="111,240,335,314" oya="3" hai0="126,48,130,102,90,44,107,108,112,47,50,72,24" hai1="95,34,101,12,84,66,38,15,20,120,67,17,70" hai2="87,26,77,75,118,5,1,18,7,21,49,8,99" hai3="128,6,125,36,28,4,69,27,62,40,83,52,109"/><W58/><G125/><T124/><D24/><U37/><E34/><V42/><F118/><W129/><G109/><T81/><D107/><U61/><E120/><V115/><F115/><W133/><G133/><T23/><D102/><U30/><E67/><V39/><F39/><W76/><G69/><T65/><D65/><U43/><E43/><V97/><F75/><N who="3" m="43423" /><G40/><T114/><D23/><U35/><E12/><N who="2" m="5135" /><F7/><W45/><G45/><N who="0" m="17483" /><D72/><U106/><E95/><V55/><F42/><W74/><G36/><T22/><D22/><U79/><E84/><V33/><F33/><N who="3" m="20639" /><G74/><T100/><D100/><U0/><E79/><V98/><F1/><W121/><G121/><T16/><D16/><U46/><E46/><N who="2" m="28087" /><F77/><W113/><G113/><N who="0" m="43627" /><D81/><U94/><E94/><V14/><F87/><W68/><G68/><T86/><D86/><U13/><E13/><AGARI ba="0,0" hai="13,14,18,21,26,97,98,99" m="28087,5135" machi="13" ten="30,1000,0" yaku="8,1" doraHai="54" who="2" fromWho="1" sc="111,0,240,-10,335,10,314,0" owari="111,-38.9,230,-17.0,345,44.5,314,11.4" /></mjloggm>