<mjloggm ver="2.3"><GO type="225" lobby="0"/><UN n0="%E3%81%90%E3%81%A1%E3%82%84%E3%81%BE" n1="%30%2E%31%32%30" n2="%E3%83%A9%E3%82%A4%E3%83%B3%E3%81%AE%E8%99%8E" n3="%E6%81%A5%E6%99%92%E3%81%97" dan="16,16,16,16" rate="2122.15,2112.50,2129.71,2157.30" sx="M,M,M,M"/><TAIKYOKU oya="0"/><INIT seed="0,0,0,0,0,93" ten="250,250,250,250" oya="0" hai0="68,75,109,49,76,117,30,118,54,35,89,24,86" hai1="56,95,45,29,58,10,63,48,128,124,123,103,21" hai2="36,47,100,73,57,72,11,84,39,70,134,25,0" hai3="12,115,107,83,79,52,121,113,31,14,40,131,111"/><T92/><D68/><U46/><E123/><V81/><F70/><W120/><G111/><T61/><D61/><U1/><E128/><V5/><F134/><W16/><G131/><T28/><D109/><U6/><E124/><V135/><F135/><W18/><G40/><T69/><D69/><U2/><E2/><V37/><F47/><W77/><G31/><T126/><D126/><U119/><E119/><V33/><F57/><W22/><G107/><T98/><D75/><U19/><E29/><V80/><F80/><W9/><G52/><T8/><D76/><U106/><E106/><V20/><F33/><W34/><G34/><T108/><D108/><U41/><E46/><V3/><F3/><W116/><G116/><T97/><D30/><U101/><E95/><V67/><F67/><W112/><REACH who="3" step="1"/><G79/><REACH who="3" ten="250,250,250,240" step="2"/><T65/><D65/><U85/><E58/><V91/><REACH who="2" step="1"/><F100/><REACH who="2" ten="250,250,240,240" step="2"/><W110/><G110/><T78/><D118/><U55/><E103/><V94/><F94/><W23/><G23/><T90/><D117/><U42/><E101/><V74/><F74/><AGARI ba="0,2" hai="9,12,14,16,18,22,74,77,83,112,113,115,120,121" machi="74" ten="40,2600,0" yaku="1,1,54,1,53,0" doraHai="93" doraHaiUra="96" who="3" fromWho="2" sc="250,0,250,0,240,-26,240,46" /><INIT seed="1,0,0,1,3,89" ten="250,250,214,286" oya="1" hai0="50,87,26,127,4,10,85,81,36,134,7,78,108" hai1="30,13,31,54,93,95,58,75,5,115,15,24,122" hai2="119,116,45,61,104,25,110,29,102,101,57,107,123" hai3="22,27,90,114,117,20,51,64,68,17,49,40,53"/><U33/><E122/><V118/><F123/><W52/><G114/><T120/><D36/><U41/><E115/><V71/><F71/><W38/><G117/><T2/><D120/><U132/><E132/><V56/><F110/><W86/><G38/><T111/><D134/><U100/><E75/><V32/><F45/><N who="3" m="25767" /><G64/><T48/><D127/><U121/><E121/><V99/><REACH who="2" step="1"/><F61/><REACH who="2" ten="250,250,204,286" step="2"/><W135/><G68/><T79/><D111/><U16/><E41/><V84/><F84/><W18/><G135/><T34/><D87/><U21/><E100/><V83/><F83/><N who="3" m="49503" /><G51/><T96/><D50/><U77/><E77/><V130/><F130/><W92/><G92/><T62/><D48/><U39/><E39/><V37/><F37/><W11/><G11/><T60/><D10/><N who="1" m="4303" /><E54/><V67/><F67/><W47/><G47/><T8/><D79/><U23/><E58/><V82/><F82/><W63/><G63/><T43/><D108/><U1/><E33/><V59/><F59/><W124/><G124/><T129/><D129/><U105/><E105/><V69/><F69/><W19/><G53/><T44/><D44/><U131/><E131/><V73/><F73/><W6/><G52/><T126/><D126/><U94/><E1/><V66/><F66/><W106/><G106/><T0/><D43/><U98/><E98/><AGARI ba="0,1" hai="25,29,32,56,57,98,99,101,102,104,107,116,118,119" machi="98" ten="40,2600,0" yaku="1,1,9,1,53,0" doraHai="89" doraHaiUra="65" who="2" fromWho="1" sc="250,0,250,-26,204,36,286,0" /><INIT seed="2,0,0,5,1,69" ten="250,224,240,286" oya="2" hai0="80,97,56,3,83,35,65,68,133,36,39,89,64" hai1="59,28,30,17,13,42,14,25,45,118,47,34,20" hai2="43,48,9,126,75,22,51,53,24,54,108,81,60" hai3="127,76,84,107,55,112,102,103,135,94,120,4,57"/><V132/><F126/><W74/><G4/><T52/><D35/><U2/><E118/><V73/><F132/><W106/><G55/><T129/><D3/><U134/><E134/><V33/><F33/><W124/><G57/><T61/><D133/><U95/><E2/><V11/><F60/><W105/><G135/><T88/><D129/><U77/><E77/><V96/><F43/><W125/><G120/><T23/><D23/><U109/><E109/><V10/><F108/><W26/><G26/><T92/><D65/><U79/><E79/><V122/><F122/><W18/><G18/><T8/><D8/><U99/><E59/><V67/><F67/><W131/><G131/><T41/><D89/><U29/><E45/><V49/><F96/><W6/><G6/><T114/><D114/><U38/><REACH who="1" step="1"/><E14/><REACH who="1" ten="250,214,240,286" step="2"/><V93/><F75/><W78/><G74/><T46/><D36/><U58/><E58/><V1/><F1/><W44/><G76/><T115/><D115/><U37/><E37/><V72/><F72/><W12/><G44/><T130/><D130/><U87/><E87/><V7/><F73/><W111/><G111/><T71/><D68/><U116/><E116/><V123/><F123/><W21/><G112/><T15/><D15/><U0/><E0/><V119/><F119/><W128/><G128/><T62/><AGARI ba="0,1" hai="39,41,46,52,56,61,62,64,71,80,83,88,92,97" machi="62" ten="20,8000,1" yaku="0,1,7,1,52,1,54,2" doraHai="69" who="0" fromWho="0" sc="250,90,214,-20,240,-40,286,-20" /><INIT seed="3,0,0,3,5,54" ten="340,194,200,266" oya="3" hai0="90,49,101,61,43,68,99,113,93,105,132,133,77" hai1="104,20,65,64,119,58,70,117,41,10,82,52,40" hai2="32,94,9,87,14,114,6,35,78,37,38,124,95" hai3="130,11,116,36,15,89,25,98,110,51,96,111,100"/><W109/><G116/><N who="1" m="44618" /><E104/><V2/><F114/><W57/><G36/><T127/><D77/><U42/><E10/><V23/><F124/><W22/><G130/><T102/><D61/><N who="1" m="36039" /><E82/><V74/><F74/><W30/><G89/><T8/><D43/><U88/><E20/><V92/><F78/><W47/><G100/><T3/><D49/><U45/><E88/><V107/><F87/><W4/><G47/><T73/><D68/><U13/><E13/><V48/><F48/><W81/><G81/><T17/><D113/><U62/><E65/><V122/><F107/><W97/><G97/><T27/><D27/><U126/><E126/><V66/><F66/><W128/><G128/><T80/><D80/><U60/><E60/><V33/><REACH who="2" step="1"/><F122/><REACH who="2" ten="340,194,190,266" step="2"/><W86/><G86/><T120/><D105/><U44/><AGARI ba="0,1" hai="40,41,42,44,45,62,64,70" m="36039,44618" machi="44" ten="40,8000,1" yaku="12,1,34,2,52,1,54,1" doraHai="54" who="1" fromWho="1" sc="340,-20,194,90,190,-20,266,-40" owari="320,42.0,284,8.4,170,-33.0,226,-17.4" /></mjloggm>