<mjloggm ver="2.3"><GO type="225" lobby="0"/><UN n0="%E6%98%93%E5%88%A9%E8%96%A9%E4%BC%AF" n1="%72%69%6F%75%63%68%61%6E" n2="%E2%98%86%E5%B0%8F%E5%AD%A6%E7%94%B7%E7%94%9F%E2%98%86" n3="%E3%82%AF%E3%82%A3%E3%82%A6" dan="17,16,17,16" rate="2179.57,2167.36,2203.46,2063.91" sx="F,M,M,M"/><TAIKYOKU oya="0"/><INIT seed="0,0,0,3,5,28" ten="250,250,250,250" oya="0" hai0="84,55,132,8,95,58,85,15,98,30,100,12,76" hai1="117,88,7,36,109,93,10,112,121,129,57,60,42" hai2="44,120,3,23,114,128,54,83,38,99,20,70,25" hai3="59,61,89,133,80,115,53,110,69,26,124,116,63"/><T79/><D132/><U102/><E117/><V45/><F120/><W105/><G115/><T22/><D84/><U73/><E121/><V1/><F114/><W5/><G116/><T9/><D30/><U46/><E112/><V18/><F70/><W68/><G110/><T62/><D22/><U4/><E109/><V66/><F66/><W92/><G133/><T96/><D85/><U135/><E129/><V134/><F134/><W65/><G105/><T113/><D113/><U97/><E73/><V75/><F128/><W81/><G124/><T126/><D126/><U87/><E135/><V19/><F99/><W6/><G69/><T103/><D12/><U86/><E10/><V33/><F33/><W35/><G5/><T74/><D74/><U72/><E86/><V130/><F130/><W67/><G6/><T24/><D24/><U48/><E36/><V49/><F38/><W52/><G81/><T108/><D108/><U82/><REACH who="1" step="1"/><E72/><REACH who="1" ten="250,240,250,250" step="2"/><V64/><F75/><W101/><G80/><T32/><D9/><U125/><E125/><V13/><F83/><W123/><G123/><T0/><D0/><U39/><E39/><V122/><F122/><W16/><G101/><T2/><D2/><U127/><E127/><V56/><F1/><W47/><G89/><T43/><D8/><U71/><E71/><V94/><F3/><W118/><G118/><T78/><D78/><U91/><E91/><V21/><F25/><W107/><G26/><T90/><D79/><U40/><E40/><V37/><F37/><W77/><G68/><T11/><D76/><U50/><E50/><RYUUKYOKU ba="0,1" sc="250,-10,240,30,250,-10,250,-10" hai1="4,7,42,46,48,57,60,82,87,88,93,97,102" /><INIT seed="1,1,1,4,1,8" ten="240,270,240,240" oya="1" hai0="26,91,120,44,24,96,81,100,126,28,68,80,125" hai1="103,10,56,97,90,124,86,82,19,121,122,123,99" hai2="71,85,55,77,37,58,14,70,131,25,83,119,61" hai3="46,114,88,109,29,54,92,66,0,52,134,112,69"/><U35/><E124/><V4/><F119/><W107/><G107/><T47/><D68/><U50/><E35/><V128/><F37/><W116/><G0/><T67/><D67/><U1/><E1/><V18/><F25/><W30/><G109/><T118/><D118/><U42/><E56/><V110/><F4/><W130/><G116/><T108/><D108/><U53/><E42/><V93/><F110/><W105/><G105/><T117/><D120/><U12/><REACH who="1" step="1"/><E103/><REACH who="1" ten="240,260,240,240" step="2"/><V11/><REACH who="2" step="1"/><F93/><REACH who="2" ten="240,260,230,240" step="2"/><W133/><G114/><T13/><D117/><U45/><AGARI ba="1,3" hai="10,12,19,45,50,53,82,86,90,97,99,121,122,123" machi="45" ten="30,18000,2" yaku="1,1,2,1,0,1,25,2,52,1,53,0" doraHai="8" doraHaiUra="60" who="1" fromWho="1" sc="240,-61,260,213,230,-61,240,-61" /><INIT seed="1,2,0,5,2,118" ten="179,473,169,179" oya="1" hai0="75,105,134,78,22,32,28,111,37,121,100,64,93" hai1="91,96,115,132,62,87,66,18,135,125,86,4,103" hai2="45,14,120,110,79,88,30,58,3,9,17,113,70" hai3="49,57,84,98,72,69,60,74,21,56,43,99,41"/><U48/><E115/><V71/><F113/><W101/><G84/><T36/><D111/><U2/><E125/><V133/><F110/><W90/><G90/><T67/><D105/><U102/><E48/><V40/><F133/><W124/><G124/><T83/><D32/><U47/><E47/><V31/><F3/><W25/><G69/><T33/><D33/><U127/><E127/><V7/><F120/><W35/><G35/><T15/><D134/><N who="1" m="51243" /><E18/><V51/><F79/><W126/><G126/><T10/><D37/><U52/><E52/><V54/><F7/><W23/><G49/><T27/><D36/><U106/><E103/><V122/><F122/><W76/><G76/><T81/><D121/><U34/><E34/><V0/><F0/><W109/><G109/><T29/><D29/><U42/><E42/><V130/><F130/><W46/><G46/><T19/><D83/><U107/><E107/><V13/><F13/><W123/><G123/><T44/><D44/><U6/><E2/><V128/><F128/><W50/><G50/><T89/><REACH who="0" step="1"/><D100/><REACH who="0" ten="169,473,169,179" step="2"/><U12/><E102/><V8/><F30/><W38/><G38/><T117/><D117/><U77/><E106/><V112/><F31/><W26/><G101/><T80/><D80/><U65/><E77/><V59/><F112/><W20/><REACH who="3" step="1"/><G20/><REACH who="3" ten="169,473,169,169" step="2"/><T39/><D39/><U95/><E91/><V24/><F88/><W116/><G116/><T61/><D61/><AGARI ba="2,2" hai="21,23,25,26,41,43,56,57,60,61,72,74,98,99" machi="61" ten="25,3200,0" yaku="1,1,22,2,53,0" doraHai="118" doraHaiUra="119" who="3" fromWho="0" sc="169,-38,473,0,169,0,169,58" /><INIT seed="2,0,0,4,1,56" ten="131,473,169,227" oya="2" hai0="113,42,82,65,57,33,11,73,125,71,101,132,68" hai1="96,123,80,119,66,76,49,79,55,93,75,105,48" hai2="24,17,87,108,126,23,122,41,78,63,59,32,103" hai3="102,107,64,25,74,61,116,98,81,46,26,134,72"/><V129/><F122/><W85/><G116/><T1/><D113/><U44/><E119/><V36/><F129/><W43/><G134/><T12/><D33/><U0/><E0/><V60/><F126/><W88/><G74/><T130/><D132/><U112/><E112/><V21/><F32/><W31/><G72/><T94/><D1/><U100/><E123/><V92/><F108/><W28/><G28/><T111/><D111/><U133/><E133/><V52/><F36/><W135/><G135/><T3/><D3/><U118/><E118/><V37/><F41/><W54/><G54/><T104/><D104/><U29/><E29/><N who="2" m="17551" /><F37/><W67/><G67/><T117/><D117/><U45/><E66/><V34/><F34/><W95/><G107/><T16/><D130/><U14/><E79/><V47/><F47/><W124/><G124/><T97/><D42/><U106/><REACH who="1" step="1"/><E14/><REACH who="1" ten="131,463,169,227" step="2"/><N who="2" m="9655" /><F78/><W58/><REACH who="3" step="1"/><G31/><REACH who="3" ten="131,463,169,217" step="2"/><T27/><D125/><U86/><E86/><V84/><F84/><W38/><AGARI ba="0,2" hai="25,26,38,43,46,58,61,64,81,85,88,95,98,102" machi="38" ten="20,12000,2" yaku="1,1,2,1,0,1,7,1,52,1,54,1,53,0" doraHai="56" doraHaiUra="9" who="3" fromWho="3" sc="131,-30,463,-30,169,-60,217,140" /><INIT seed="3,0,0,2,3,63" ten="101,433,109,357" oya="3" hai0="80,1,8,18,134,11,53,59,36,32,51,90,126" hai1="121,48,64,115,83,105,118,97,61,107,72,26,92" hai2="15,130,94,70,14,47,28,33,124,110,46,75,116" hai3="66,50,106,55,125,127,22,98,112,24,109,19,71"/><W73/><G112/><T3/><D36/><U113/><E121/><V95/><F75/><W88/><G73/><T34/><D134/><U25/><E118/><V93/><F70/><W79/><G79/><T12/><D126/><N who="3" m="48137" /><G109/><T29/><D3/><U62/><E62/><V38/><F130/><W17/><G106/><T89/><D32/><U10/><E107/><V21/><F110/><W128/><G128/><T27/><REACH who="0" step="1"/><D80/><REACH who="0" ten="91,433,109,357" step="2"/><U56/><E83/><V114/><F124/><W131/><G131/><T13/><D13/><U4/><E115/><V120/><F114/><W129/><G129/><T65/><D65/><U52/><E113/><V23/><F14/><W86/><G98/><T16/><D16/><U42/><E72/><V31/><F120/><W35/><G35/><T37/><D37/><U108/><E105/><V74/><F33/><W119/><G119/><T54/><D54/><U84/><E84/><V2/><F38/><W87/><G17/><T82/><D82/><U0/><E42/><V43/><F2/><W104/><G104/><T81/><D81/><U99/><E108/><V85/><F116/><W111/><G111/><T102/><D102/><U123/><E123/><V100/><F74/><W57/><G86/><T30/><D30/><N who="2" m="11306" /><F100/><W77/><G77/><T5/><AGARI ba="0,1" hai="1,5,8,11,12,18,27,29,34,51,53,59,89,90" machi="5" ten="30,2000,0" yaku="1,1,0,1,53,0" doraHai="63" doraHaiUra="132" who="0" fromWho="0" sc="91,30,433,-5,109,-5,357,-10" owari="121,-27.9,428,52.8,104,-39.6,347,14.7" /></mjloggm>