<mjloggm ver="2.3"><GO type="225" lobby="0"/><UN n0="%E6%9C%88%E5%B3%B6%E5%9F%BA" n1="%E7%99%BD%E5%80%89%E5%AF%9B%E4%B9%8B" n2="%E3%81%95%E3%81%8D%E3%81%9F%E3%81%BE%E6%9E%97%E6%AA%8E" n3="%E5%8F%AF%E5%85%90%E9%82%A3%E7%94%B1%E5%A4%9A" dan="17,16,16,16" rate="2213.29,2152.62,2082.94,2088.58" sx="M,M,M,F"/><TAIKYOKU oya="0"/><INIT seed="0,0,0,1,1,62" ten="250,250,250,250" oya="0" hai0="128,57,40,20,103,106,29,101,96,5,127,1,122" hai1="83,43,111,6,78,23,129,89,49,123,30,56,51" hai2="27,81,125,42,108,50,3,66,72,48,134,102,115" hai3="52,107,4,11,131,17,13,94,9,39,36,91,26"/><T112/><D112/><U135/><E123/><V12/><F115/><W14/><G107/><T65/><D122/><U109/><E135/><V47/><F3/><W75/><G131/><T74/><D74/><U55/><E129/><V130/><F134/><W38/><G75/><T97/><D128/><U95/><E6/><V54/><F130/><W118/><G118/><T87/><D127/><U60/><E30/><V22/><F125/><W68/><G68/><T82/><D40/><U77/><E23/><V53/><F102/><N who="0" m="38922" /><D1/><U16/><E16/><V90/><F108/><N who="1" m="41545" /><E43/><V33/><F33/><W98/><G26/><N who="0" m="16583" /><D5/><U133/><E133/><V92/><F72/><W46/><REACH who="3" step="1"/><G36/><REACH who="3" ten="250,250,250,240" step="2"/><T15/><D106/><U69/><E69/><V10/><F27/><W80/><G80/><T44/><D15/><U114/><E114/><V116/><F12/><W84/><G84/><T73/><D73/><N who="1" m="43439" /><E78/><V105/><F81/><W132/><G132/><T35/><D35/><U119/><E119/><V70/><F105/><W18/><G18/><T25/><D25/><U85/><AGARI ba="0,1" hai="49,51,55,56,60,85,89,95" m="43439,41545" machi="85" ten="30,1100,0" yaku="14,1" doraHai="62" who="1" fromWho="1" sc="250,-5,250,21,250,-3,240,-3" /><INIT seed="1,0,0,0,3,119" ten="245,271,247,237" oya="1" hai0="20,63,15,71,101,114,21,41,34,109,3,131,0" hai1="52,31,125,14,123,93,22,56,84,121,103,9,81" hai2="57,8,128,29,94,30,108,46,86,59,65,35,18" hai3="10,51,124,73,54,106,78,25,58,49,33,80,5"/><U7/><E125/><V130/><F108/><W39/><G124/><T75/><D75/><U92/><E31/><V134/><F134/><W66/><G39/><T37/><D114/><U40/><E22/><V26/><F30/><W53/><G106/><T64/><D34/><U44/><E93/><V87/><F46/><W36/><G36/><T135/><D131/><N who="2" m="50218" /><F65/><W47/><G66/><T118/><D118/><U48/><E92/><V74/><F74/><W17/><G33/><T23/><D37/><U98/><E98/><V89/><F87/><W1/><G25/><T19/><D41/><U62/><E103/><V129/><N who="2" m="50226" /><V69/><DORA hai="122" /><F69/><W28/><G28/><T104/><D135/><U91/><AGARI ba="0,0" hai="7,9,14,40,44,48,52,56,62,81,84,91,121,123" machi="91" ten="20,12000,1" yaku="0,1,7,1,52,2,54,1" doraHai="119,122" who="1" fromWho="1" sc="245,-40,271,120,247,-40,237,-40" /><INIT seed="1,1,0,1,4,80" ten="205,391,207,197" oya="1" hai0="109,1,77,23,36,37,46,59,34,135,95,111,65" hai1="131,58,72,120,104,40,7,103,85,54,8,91,47" hai2="124,52,57,35,16,44,25,26,53,96,56,66,70" hai3="61,42,22,90,128,108,24,78,48,89,75,117,38"/><U102/><E72/><V84/><F124/><W55/><G108/><N who="0" m="41547" /><D34/><U76/><E76/><V4/><F70/><W60/><G128/><T63/><D135/><U3/><E104/><V116/><F116/><W113/><G113/><T45/><D1/><U121/><E131/><V73/><F73/><W81/><G117/><T122/><D77/><U126/><E126/><V86/><F35/><W64/><G42/><T32/><D32/><U93/><E120/><V101/><F4/><W125/><G38/><N who="0" m="14955" /><D122/><U18/><E121/><V98/><F66/><W123/><G123/><T110/><N who="0" m="41555" /><T12/><DORA hai="118" /><D95/><U28/><E28/><V114/><F114/><W106/><G106/><T74/><D74/><U15/><E47/><N who="0" m="17929" /><D12/><N who="1" m="5151" /><E40/><V9/><F44/><W94/><G125/><T33/><D33/><U107/><E107/><V21/><F9/><W6/><G94/><T31/><D23/><N who="1" m="11743" /><E3/><V39/><F39/><W68/><G78/><T49/><D31/><U133/><E133/><V99/><F21/><W87/><G22/><T43/><D43/><U62/><AGARI ba="1,0" hai="54,58,62,85,91,93,102,103" m="11743,5151" machi="62" ten="30,3000,0" yaku="8,1,52,1" doraHai="80,118" who="1" fromWho="1" sc="205,-11,391,33,207,-11,197,-11" /><INIT seed="1,2,0,5,0,81" ten="194,424,196,186" oya="1" hai0="71,87,12,72,40,64,28,73,55,65,43,88,1" hai1="115,132,104,128,127,62,48,7,124,105,76,79,120" hai2="92,56,101,46,122,111,102,75,16,133,106,130,112" hai3="59,10,29,96,20,91,78,57,61,117,125,36,110"/><U11/><E120/><V108/><F122/><W135/><G36/><T60/><D1/><U83/><E115/><V114/><F75/><W67/><G110/><N who="2" m="42025" /><F106/><W18/><G135/><T103/><D72/><U85/><E132/><V99/><F133/><W14/><G125/><N who="1" m="48202" /><E128/><V42/><F130/><W109/><G109/><T50/><D73/><U8/><E79/><V26/><F56/><W66/><G117/><T123/><D123/><U37/><E37/><N who="2" m="21839" /><F102/><W6/><G78/><T2/><D103/><U63/><E48/><V97/><F97/><W90/><G29/><T129/><D28/><U23/><E23/><AGARI ba="2,0" hai="16,23,26,92,99,101,112,114" m="21839,42025" machi="23" ten="30,2000,0" yaku="14,1,54,1" doraHai="81" who="2" fromWho="1" sc="194,0,424,-26,196,26,186,0" /><INIT seed="2,0,0,0,2,82" ten="194,398,222,186" oya="2" hai0="36,96,110,45,115,59,39,134,72,124,103,54,63" hai1="111,108,38,117,35,55,92,107,121,27,15,19,61" hai2="90,53,78,22,126,65,52,74,34,91,5,25,51" hai3="14,64,9,106,41,125,70,11,100,83,73,120,0"/><V40/><F34/><W135/><G120/><T46/><D72/><U67/><E107/><V98/><F126/><W81/><G125/><T132/><D124/><U7/><E38/><N who="0" m="14377" /><D115/><U112/><E112/><V66/><F5/><W99/><G135/><N who="0" m="51755" /><D110/><U128/><E121/><V58/><F74/><W122/><G122/><T49/><D96/><U127/><E7/><V16/><F78/><W130/><G130/><T30/><D30/><U97/><E117/><V119/><F119/><W43/><G0/><T13/><D103/><U71/><E128/><V60/><F40/><W17/><G9/><T29/><D29/><U33/><E55/><V84/><F98/><W123/><G123/><T6/><D13/><U131/><E27/><V56/><F91/><W86/><G81/><AGARI ba="0,0" hai="16,22,25,51,52,53,56,58,60,65,66,81,84,90" machi="81" ten="30,12000,1" yaku="7,1,8,1,52,1,54,2" doraHai="82" who="2" fromWho="3" sc="194,0,398,0,222,120,186,-120" /><INIT seed="2,1,0,5,5,8" ten="194,398,342,66" oya="2" hai0="80,106,12,57,102,120,56,92,33,36,126,99,44" hai1="31,84,93,90,63,113,69,98,119,49,32,62,29" hai2="74,132,16,128,114,135,118,77,81,35,76,79,100" hai3="73,25,83,5,38,1,48,53,67,23,96,14,94"/><V45/><F35/><W68/><G38/><T72/><D120/><U75/><E75/><V7/><F7/><W17/><G1/><T88/><D33/><U110/><E113/><V64/><F64/><W60/><G73/><T71/><D71/><U2/><E2/><V34/><F34/><W124/><G124/><T19/><D126/><U30/><E119/><V39/><F39/><W104/><G104/><T131/><D131/><U40/><E110/><V21/><F114/><W6/><G83/><T4/><D4/><U122/><E69/><V85/><F118/><W24/><G5/><T134/><D134/><N who="2" m="51242" /><F128/><W97/><G6/><T51/><D36/><U20/><E32/><V47/><F100/><W54/><G97/><T123/><D123/><U105/><E122/><V109/><F109/><W59/><REACH who="3" step="1"/><G54/><REACH who="3" ten="194,398,342,56" step="2"/><N who="0" m="30055" /><D72/><U70/><E105/><V37/><F37/><W127/><G127/><T65/><D106/><U117/><E117/><V101/><F74/><W50/><G50/><T86/><D65/><U18/><E98/><V0/><F0/><W28/><G28/><T10/><AGARI ba="1,1" hai="10,12,19,56,57,80,86,88,92,99,102" m="30055" machi="10" ten="30,7900,0" yaku="25,1,8,1,52,1,54,1" doraHai="8" who="0" fromWho="0" sc="194,92,398,-21,342,-40,56,-21" /><INIT seed="3,0,0,2,4,123" ten="286,377,302,35" oya="3" hai0="53,43,81,127,84,4,22,45,105,34,66,93,59" hai1="130,67,16,54,131,56,25,1,113,132,77,96,52" hai2="27,40,119,12,76,44,41,29,122,80,55,26,31" hai3="14,106,38,46,8,112,82,118,72,49,50,103,125"/><W32/><G112/><T111/><D105/><U115/><E1/><V124/><F124/><W15/><G118/><T69/><D34/><U116/><E67/><V107/><F107/><W63/><G32/><T95/><D127/><U3/><E3/><V7/><F119/><W108/><G125/><T24/><D4/><U30/><E54/><V87/><F122/><W48/><G106/><T89/><D66/><U36/><E36/><V37/><F37/><W20/><G103/><T65/><D65/><U73/><E132/><V47/><F55/><W110/><G63/><T5/><D69/><U58/><E58/><V134/><F134/><W51/><G38/><T99/><D5/><U97/><E16/><V94/><F94/><W70/><G70/><T74/><D74/><U42/><E42/><N who="2" m="16491" /><F12/><W75/><G20/><T88/><D43/><U135/><E116/><V133/><F133/><W21/><G21/><T10/><D10/><U120/><E120/><V121/><F7/><N who="3" m="3359" /><G15/><T117/><D117/><U11/><E135/><V100/><F100/><W9/><G9/><T18/><D45/><N who="2" m="17482" /><F121/><W6/><G6/><T68/><D68/><U114/><E113/><V104/><F104/><W86/><N who="3" m="12288" /><DORA hai="71" /><W85/><G46/><T90/><D53/><U78/><E52/><V17/><F17/><W128/><G128/><T102/><D59/><U33/><E56/><V126/><F126/><W60/><G60/><T28/><D18/><U83/><E114/><V23/><F23/><W109/><G72/><T91/><D95/><U2/><E115/><V61/><F61/><W13/><G13/><RYUUKYOKU ba="0,0" sc="286,10,377,-30,302,10,35,10" hai0="22,24,28,81,84,88,89,90,91,93,99,102,111" hai2="26,27,29,31,76,80,87" hai3="75,82,85,86,108,109,110" /><INIT seed="3,1,0,5,4,14" ten="296,347,312,45" oya="3" hai0="132,37,70,9,100,106,101,114,80,38,46,5,87" hai1="42,27,22,25,47,116,32,130,79,120,35,82,75" hai2="28,26,102,110,94,115,8,54,104,117,124,129,51" hai3="81,105,67,6,126,33,17,36,86,97,119,50,92"/><W58/><G119/><T13/><D70/><U125/><E120/><V88/><F115/><W19/><G36/><T44/><D114/><U20/><E116/><V69/><F117/><W134/><G105/><T113/><D113/><U122/><E122/><V109/><F69/><W77/><G33/><T39/><D132/><U2/><E2/><V30/><F124/><W131/><G131/><T112/><D112/><U65/><E65/><V72/><F72/><W43/><G134/><T91/><REACH who="0" step="1"/><D106/><REACH who="0" ten="286,347,312,45" step="2"/><U85/><E125/><V121/><F121/><W48/><G126/><T31/><D31/><U55/><E130/><V59/><F129/><W57/><G6/><T21/><D21/><U62/><E22/><V127/><F127/><W53/><G67/><T93/><D93/><U29/><E32/><V128/><F128/><W111/><G111/><N who="2" m="42505" /><F8/><W98/><G98/><T40/><D40/><U0/><E42/><V108/><F26/><W1/><G1/><T11/><D11/><U10/><E0/><V23/><F23/><W96/><G96/><T61/><D61/><U34/><E62/><V71/><F71/><W83/><G83/><T66/><D66/><U16/><E10/><V49/><F108/><W12/><G12/><T99/><D99/><U45/><E35/><V4/><F4/><W107/><G107/><T89/><D89/><N who="1" m="51383" /><E55/><N who="2" m="32239" /><F104/><W63/><G43/><T73/><D73/><U95/><E95/><V15/><F15/><W24/><G24/><T84/><D84/><U7/><E7/><V60/><F60/><W41/><G41/><T118/><D118/><U133/><E133/><RYUUKYOKU ba="1,1" sc="286,15,347,15,312,-15,45,-15" hai0="5,9,13,37,38,39,44,46,80,87,91,100,101" hai1="16,20,25,27,29,34,45,47,75,79" owari="301,10.1,372,47.2,297,-10.3,30,-47.0" /></mjloggm>