<mjloggm ver="2.3"><GO type="225" lobby="0"/><UN n0="%E3%83%B4%E3%83%A0%EF%BC%99%E3%81%A6" n1="%E3%81%95%E3%81%8D%E3%81%9F%E3%81%BE%E6%9E%97%E6%AA%8E" n2="%E7%9A%AE%E3%80%85" n3="%E3%83%96%E3%83%83%E3%83%91%E3%82%AA%E3%83%96%E3%83%81%E3%82%AD%E3%83%B3" dan="17,16,16,17" rate="2145.49,2100.76,2129.29,2190.81" sx="M,M,F,M"/><TAIKYOKU oya="0"/><INIT seed="0,0,0,0,0,17" ten="250,250,250,250" oya="0" hai0="80,29,57,19,58,18,131,38,130,6,61,114,50" hai1="129,31,86,64,40,126,60,83,54,116,92,36,7" hai2="1,90,73,48,65,75,34,118,96,122,77,39,113" hai3="3,42,11,70,107,41,127,51,125,44,13,62,128"/><T63/><D38/><U115/><E116/><V28/><F1/><W69/><G107/><T91/><D114/><U43/><E115/><V98/><F39/><W45/><G3/><T30/><D50/><U94/><E126/><N who="3" m="48138" /><G128/><T55/><D80/><U103/><E129/><V110/><F113/><W101/><G101/><T52/><REACH who="0" step="1"/><D91/><REACH who="0" ten="240,250,250,250" step="2"/><U66/><E36/><V4/><F48/><N who="3" m="26639" /><G62/><T82/><D82/><U132/><E83/><V134/><F90/><W21/><G21/><T121/><D121/><U88/><E60/><V14/><F122/><W0/><G0/><T95/><D95/><U71/><E92/><V97/><F118/><W2/><G2/><T35/><D35/><U100/><E94/><V123/><F34/><W135/><G135/><T89/><D89/><U8/><E88/><V78/><F134/><W109/><G109/><T33/><D33/><U68/><E132/><V56/><F110/><W10/><G10/><T111/><D111/><U20/><E8/><V23/><F123/><W108/><G108/><T9/><D9/><U112/><E20/><V120/><F120/><W117/><G117/><T47/><D47/><U15/><E112/><V124/><F124/><W84/><G84/><T32/><D32/><U76/><E86/><V49/><F23/><W22/><G22/><T53/><D53/><U81/><E54/><V27/><F75/><W37/><G37/><T119/><D119/><U87/><E87/><V104/><F73/><W72/><G72/><T26/><D26/><U12/><E81/><V105/><F27/><W5/><AGARI ba="0,1" hai="5,11,13,42,45,51,69,70" m="26639,48138" machi="5" ten="30,1100,0" yaku="18,1" doraHai="17" who="3" fromWho="3" sc="240,-5,250,-3,250,-3,250,21" /><INIT seed="1,0,0,5,3,62" ten="235,247,247,271" oya="1" hai0="99,105,68,37,54,69,77,109,5,115,21,102,10" hai1="124,107,112,20,51,13,18,63,131,55,38,41,14" hai2="39,122,128,114,92,87,79,96,59,17,129,61,44" hai3="6,12,47,90,125,93,48,0,29,45,101,7,127"/><U71/><E112/><V84/><F122/><W118/><G118/><T72/><D115/><U78/><E107/><V126/><F114/><W81/><G0/><T67/><D109/><U19/><E124/><N who="3" m="47690" /><G29/><T134/><D134/><U135/><E135/><V56/><F126/><W100/><G81/><N who="0" m="45223" /><D54/><U30/><E131/><N who="2" m="50251" /><F17/><W74/><G74/><T24/><D21/><U98/><E30/><V95/><F79/><W22/><G22/><T89/><D24/><U8/><E78/><V33/><F33/><W80/><G80/><T25/><D25/><U46/><E98/><V3/><F3/><W94/><G94/><N who="2" m="35881" /><F96/><N who="3" m="57399" /><G47/><T70/><D89/><U32/><E32/><V40/><F59/><W57/><G57/><T43/><D68/><U11/><E71/><V116/><F116/><W82/><G82/><T35/><D35/><U103/><E20/><V66/><AGARI ba="0,0" hai="39,40,44,56,61,66,84,87" m="35881,50251" machi="66" ten="30,2000,0" yaku="19,1,52,1" doraHai="62" who="2" fromWho="2" sc="235,-5,247,-10,247,20,271,-5" /><INIT seed="2,0,0,2,4,13" ten="230,237,267,266" oya="2" hai0="46,100,80,10,3,60,74,128,72,119,130,17,75" hai1="18,104,89,134,83,120,114,38,98,87,6,28,96" hai2="47,1,59,11,93,86,48,12,20,35,127,132,129" hai3="109,63,24,81,91,5,56,118,45,2,65,25,117"/><V82/><F35/><W101/><G109/><T135/><D135/><U16/><E134/><V92/><F132/><W58/><G101/><T124/><D124/><U133/><E133/><V131/><F127/><W95/><G81/><T125/><D125/><U26/><E114/><V90/><F1/><W106/><G106/><T34/><D34/><U67/><E38/><V99/><F59/><W9/><G45/><T105/><D119/><U53/><E6/><V116/><F20/><W102/><G102/><T94/><D60/><U103/><E120/><V113/><F113/><W70/><G70/><T39/><D94/><U77/><E53/><V30/><F30/><W14/><G2/><T15/><D3/><U73/><E67/><V8/><F8/><W51/><G118/><T55/><D80/><U49/><E49/><V108/><F108/><W37/><G37/><T79/><D79/><U44/><E44/><V22/><F22/><W61/><G51/><N who="0" m="29175" /><D39/><U64/><E64/><V122/><F122/><W62/><G117/><T21/><D10/><U115/><E98/><V121/><F121/><W68/><G68/><T111/><D111/><U52/><E52/><N who="2" m="29727" /><F116/><W97/><G63/><T7/><D7/><U88/><E89/><N who="2" m="51415" /><F93/><W43/><REACH who="3" step="1"/><G43/><REACH who="3" ten="230,237,267,256" step="2"/><T0/><D0/><U112/><E112/><V42/><F42/><W85/><G85/><T23/><D105/><U107/><E107/><V32/><F32/><W19/><G19/><AGARI ba="0,1" hai="11,12,19,90,92,99,129,131" m="51415,29727" machi="19" ten="30,5800,0" yaku="25,1,52,1,54,1" doraHai="13" who="2" fromWho="3" sc="230,0,237,0,267,68,256,-58" /><INIT seed="2,1,0,3,5,87" ten="230,237,335,198" oya="2" hai0="110,81,114,130,112,1,7,117,121,78,2,105,48" hai1="131,19,12,55,61,124,24,91,59,46,106,77,65" hai2="50,96,8,82,72,134,102,104,125,70,9,83,15" hai3="120,56,27,18,93,13,113,25,32,79,85,68,119"/><V75/><F70/><W5/><G119/><T92/><D121/><U129/><E124/><V14/><F125/><W52/><G120/><T76/><D105/><U43/><E106/><V29/><F134/><W37/><G68/><T103/><D117/><U30/><E77/><V97/><F29/><W107/><G107/><T45/><D110/><U53/><E91/><V40/><F97/><W60/><G32/><T126/><D126/><U23/><E43/><V123/><F123/><W80/><G113/><T116/><D116/><U28/><E28/><V111/><F111/><W0/><G37/><T135/><D78/><U10/><REACH who="1" step="1"/><E46/><REACH who="1" ten="230,227,335,198" step="2"/><N who="2" m="25927" /><F104/><W132/><G132/><T98/><D135/><U86/><E86/><V67/><F96/><W62/><G93/><T26/><D112/><U35/><E35/><V90/><F90/><W74/><G74/><T71/><D92/><U41/><E41/><V108/><F75/><W89/><G79/><T58/><D76/><U44/><E44/><V49/><BYE who="1" /><F72/><UN n1="%E3%81%95%E3%81%8D%E3%81%9F%E3%81%BE%E6%9E%97%E6%AA%8E" /><W127/><G127/><T99/><D45/><U115/><E115/><V42/><F42/><W38/><G38/><T64/><D114/><U88/><E88/><V57/><F102/><W39/><G39/><T6/><D103/><U20/><E20/><V34/><F34/><W69/><G89/><T47/><D98/><U4/><E4/><V51/><F83/><W63/><G80/><T101/><D81/><U95/><E95/><V73/><F82/><W133/><G85/><T122/><D99/><U84/><E84/><V54/><F73/><W66/><G133/><T100/><D122/><RYUUKYOKU ba="1,1" sc="230,-10,227,30,335,-10,198,-10" hai1="10,12,19,23,24,30,53,55,59,61,65,129,131" /><INIT seed="3,2,1,5,0,132" ten="220,257,325,188" oya="3" hai0="118,123,84,38,117,25,11,1,40,34,82,61,52" hai1="47,39,135,64,133,85,83,36,31,109,126,17,76" hai2="101,57,93,94,128,35,14,69,105,37,121,98,129" hai3="44,80,12,99,0,45,51,32,13,108,23,86,77"/><W3/><BYE who="1" /><G32/><T81/><D123/><U131/><E131/><N who="2" m="50251" /><F69/><UN n1="%E3%81%95%E3%81%8D%E3%81%9F%E3%81%BE%E6%9E%97%E6%AA%8E" /><W28/><G108/><T100/><D100/><U54/><E109/><V120/><F37/><W87/><G0/><T8/><D38/><U15/><E31/><V22/><F35/><W92/><G3/><T7/><D40/><U90/><E76/><V6/><F57/><W73/><G73/><T88/><D8/><N who="1" m="6375" /><E64/><V58/><F58/><W111/><G87/><T20/><D34/><U96/><E96/><V97/><F105/><W46/><G111/><T112/><D81/><U115/><E36/><V59/><F59/><W5/><G5/><T56/><REACH who="0" step="1"/><D112/><REACH who="0" ten="210,257,325,188" step="2"/><U79/><E115/><V43/><F43/><W124/><G124/><T119/><D119/><U103/><E39/><V127/><F127/><W66/><G66/><T89/><D89/><U75/><E103/><N who="2" m="60847" /><F22/><W41/><G41/><T30/><AGARI ba="2,2" hai="1,7,11,20,25,30,52,56,61,82,84,88,117,118" machi="30" ten="20,12000,2" yaku="1,1,0,1,7,1,54,2,53,1" doraHai="132" doraHaiUra="26" who="0" fromWho="0" sc="210,146,257,-32,325,-32,188,-62" owari="356,45.6,225,-17.5,293,9.3,126,-37.4" /></mjloggm>