<mjloggm ver="2.3"><GO type="225" lobby="0"/><UN n0="%E4%BF%BA%E3%81%A8%E5%A6%96%E5%A4%A2" n1="%E3%80%90%E3%83%88%E3%83%AA%E3%83%A5%E3%83%95%E3%80%91" n2="%E3%82%8A%E3%81%93%E3%82%8A%E3%82%93%E3%81%94" n3="%E6%98%93%E5%88%A9%E8%96%A9%E4%BC%AF" dan="16,16,17,17" rate="2192.74,2095.31,2237.28,2183.81" sx="F,M,M,F"/><TAIKYOKU oya="0"/><INIT seed="0,0,0,2,4,92" ten="250,250,250,250" oya="0" hai0="52,40,15,32,42,104,36,55,84,25,45,48,107" hai1="119,98,89,105,30,23,51,0,79,106,17,62,65" hai2="11,24,124,47,114,4,134,103,58,123,46,118,129" hai3="12,19,116,27,113,50,72,16,56,61,96,128,29"/><T135/><D135/><U53/><E119/><V39/><F123/><W120/><G116/><T5/><D84/><U33/><E0/><V130/><F118/><W43/><G113/><T87/><D87/><U9/><E79/><V82/><F114/><W70/><G72/><T126/><D126/><U85/><E9/><V115/><F115/><W91/><G128/><T38/><D5/><U132/><E132/><V22/><F134/><W31/><G70/><T133/><D15/><U28/><E33/><V110/><F110/><W54/><G120/><T122/><D122/><U80/><E106/><V7/><F124/><W71/><G71/><T60/><D133/><U75/><E75/><V66/><F103/><W99/><G19/><T83/><D83/><U86/><E86/><V77/><F58/><N who="3" m="33111" /><G43/><T102/><D60/><U3/><E3/><V94/><F66/><N who="3" m="39207" /><G91/><T20/><D32/><U112/><E112/><V8/><F39/><W67/><G67/><T68/><D68/><U131/><E131/><V37/><F37/><W127/><G127/><T88/><D88/><U34/><E34/><V35/><F35/><W49/><G49/><T111/><D107/><U13/><E65/><V78/><F130/><W108/><G108/><T117/><D111/><U21/><E62/><V10/><F129/><W125/><G125/><T100/><D117/><U81/><E81/><V2/><F82/><W26/><G27/><T93/><D104/><U41/><E41/><N who="0" m="15977" /><D55/><U69/><E69/><V44/><F24/><W14/><G14/><T109/><D109/><U90/><E105/><V74/><F2/><RYUUKYOKU ba="0,0" sc="250,0,250,0,250,0,250,0" /><INIT seed="1,1,0,1,4,11" ten="250,250,250,250" oya="1" hai0="5,114,105,74,13,131,59,89,17,107,112,100,102" hai1="3,26,54,84,85,76,63,70,133,124,80,101,95" hai2="94,27,4,128,93,117,35,92,62,123,87,49,97" hai3="98,130,68,2,61,32,39,36,47,12,122,50,24"/><U75/><E3/><V7/><F117/><W58/><G122/><T125/><D74/><U1/><E1/><V25/><F123/><W115/><G115/><T72/><D72/><U28/><E133/><V103/><F128/><W78/><G2/><T91/><D5/><U64/><E54/><V127/><F127/><W134/><G78/><T96/><D131/><U108/><E124/><V15/><F62/><W86/><G68/><T135/><D125/><U120/><E120/><V111/><F111/><W37/><G130/><T56/><D135/><U0/><E0/><V119/><F119/><W34/><G86/><T43/><D43/><U22/><E108/><V40/><F87/><W19/><G98/><T60/><D60/><U81/><E81/><V118/><F118/><W30/><G34/><T9/><D102/><U116/><E116/><V10/><F7/><W52/><G134/><T51/><D107/><U71/><E71/><V46/><REACH who="2" step="1"/><F35/><REACH who="2" ten="250,250,240,250" step="2"/><W90/><G90/><T57/><D91/><U29/><E85/><V42/><F42/><W126/><G126/><T109/><D109/><U82/><E75/><V113/><F113/><W132/><G132/><T41/><D89/><U67/><E82/><V18/><F18/><W38/><N who="3" m="9216" /><DORA hai="129" /><W53/><REACH who="3" step="1"/><G19/><REACH who="3" ten="250,250,240,240" step="2"/><T99/><D96/><N who="1" m="59551" /><E84/><V21/><F21/><W69/><G69/><T88/><D88/><U6/><E80/><V73/><F73/><W20/><G20/><T104/><D112/><U16/><E76/><V65/><F65/><W83/><G83/><T8/><D114/><U106/><E67/><V14/><F14/><AGARI ba="1,2" hai="12,14,24,30,32,47,50,52,53,58,61" m="9216" machi="14" ten="70,12000,2" yaku="1,1,6,1,52,2,54,1,53,1" doraHai="11,129" doraHaiUra="45,66" who="3" fromWho="2" sc="250,0,250,0,240,-123,240,143" /><INIT seed="2,0,0,2,1,46" ten="250,250,117,383" oya="2" hai0="70,121,97,55,2,50,10,44,47,81,11,68,71" hai1="130,132,86,125,80,135,64,122,111,15,24,123,94" hai2="27,43,103,41,28,78,108,115,119,16,114,100,30" hai3="98,7,92,85,34,79,21,93,0,77,51,48,107"/><V3/><F119/><W4/><G34/><T18/><D121/><N who="1" m="46091" /><E24/><V96/><F3/><W83/><G107/><T67/><D97/><U74/><E64/><V23/><F78/><N who="3" m="46327" /><G0/><T65/><D81/><U131/><E15/><V9/><F108/><W56/><G93/><T106/><D106/><U61/><E94/><V31/><F9/><W53/><G51/><T127/><D127/><U95/><E95/><V99/><F115/><W117/><G21/><T60/><D18/><U120/><E61/><V75/><F75/><W36/><G36/><T126/><D126/><U91/><N who="1" m="46099" /><U90/><DORA hai="124" /><E74/><V1/><F1/><W66/><G66/><T113/><D2/><U104/><E104/><V88/><F114/><W6/><G117/><T13/><D113/><U116/><E111/><V38/><F38/><W101/><AGARI ba="0,0" hai="4,6,7,48,53,56,77,79,92,98,101" m="46327" machi="101" ten="30,2000,0" yaku="8,1,52,1" doraHai="46,124" who="3" fromWho="3" sc="250,-5,250,-5,117,-10,383,20" /><INIT seed="3,0,0,0,4,110" ten="245,245,107,403" oya="3" hai0="91,101,30,50,42,29,23,70,35,102,54,18,5" hai1="1,22,131,127,119,80,52,68,25,58,126,123,49" hai2="15,86,60,13,44,34,79,31,129,64,113,88,61" hai3="32,118,122,56,92,81,106,67,124,40,85,46,37"/><W14/><G118/><T20/><D70/><U107/><E123/><V74/><F129/><W76/><G106/><T99/><D42/><U11/><E107/><V83/><F60/><W111/><G32/><T116/><D116/><U128/><E68/><V27/><F44/><W0/><G0/><T43/><D43/><U75/><E119/><V133/><F133/><W8/><G111/><T6/><D91/><U130/><E80/><V95/><F15/><W41/><G41/><T93/><D102/><U103/><E103/><V77/><F13/><W33/><G33/><T21/><D18/><N who="1" m="12503" /><E75/><V117/><F79/><W2/><G2/><T66/><D66/><U132/><E132/><V71/><REACH who="2" step="1"/><F117/><REACH who="2" ten="245,245,97,403" step="2"/><W4/><G46/><N who="0" m="27991" /><D35/><U125/><E1/><V94/><F94/><W62/><G92/><T39/><D39/><U78/><E78/><V89/><F89/><W57/><G76/><T47/><D47/><U90/><E90/><V72/><F72/><W36/><G36/><T100/><D101/><U108/><E108/><V87/><F87/><W7/><G85/><T84/><D84/><U96/><E96/><V109/><F109/><W38/><G38/><T120/><D99/><U10/><AGARI ba="0,1" hai="10,11,49,52,58,125,126,127,128,130,131" m="12503" machi="10" ten="40,5200,0" yaku="18,1,19,1,54,1" doraHai="110" who="1" fromWho="1" sc="245,-13,245,62,97,-13,403,-26" owari="232,-16.8,307,10.7,84,-41.6,377,47.7" /></mjloggm>