<mjloggm ver="2.3"><GO type="225" lobby="0"/><UN n0="%E3%81%BF%E3%81%BF%E3%81%9A" n1="%E7%89%B9%E6%9D%B1%E5%96%B0%E8%B5%A4%E9%80%9F" n2="%E6%81%A5%E6%99%92%E3%81%97" n3="%5C%28%E2%89%A7%E2%96%BD%E2%89%A6%29%2F" dan="17,16,16,16" rate="2137.14,2021.12,2141.46,2055.42" sx="M,M,M,M"/><TAIKYOKU oya="0"/><INIT seed="0,0,0,5,4,63" ten="250,250,250,250" oya="0" hai0="133,116,108,36,119,87,89,14,10,101,50,131,47" hai1="130,129,96,65,125,24,134,78,15,59,38,97,12" hai2="39,18,13,23,120,43,19,135,40,67,93,60,94" hai3="128,33,29,62,105,118,84,51,132,21,127,73,83"/><T86/><D36/><U53/><E38/><V32/><F135/><W76/><G132/><T117/><D133/><U113/><E134/><V9/><F120/><W66/><G127/><T5/><D131/><N who="1" m="50187" /><E125/><V30/><F30/><W88/><G128/><T79/><D101/><U11/><E113/><V44/><F43/><W56/><G118/><T1/><D108/><U64/><E78/><V110/><F32/><W77/><G33/><T8/><D79/><N who="3" m="30281" /><G73/><T107/><D107/><U3/><E24/><V49/><F39/><W35/><G105/><T114/><D114/><U81/><E81/><V92/><F110/><W46/><G35/><T25/><D25/><U17/><E12/><V45/><F45/><W121/><G121/><T75/><D75/><U41/><E41/><V126/><F126/><W100/><G100/><T34/><D34/><U70/><E70/><V27/><REACH who="2" step="1"/><F94/><REACH who="2" ten="250,250,240,250" step="2"/><W22/><G29/><T4/><REACH who="0" step="1"/><D89/><REACH who="0" ten="240,250,240,250" step="2"/><U72/><E72/><V95/><F95/><W99/><G99/><N who="1" m="37962" /><E3/><V112/><F112/><W123/><G123/><T55/><AGARI ba="0,2" hai="1,4,5,8,10,14,47,50,55,86,87,116,117,119" machi="55" ten="30,3000,0" yaku="1,1,0,1,53,0" doraHai="63" doraHaiUra="68" who="0" fromWho="0" sc="240,50,250,-10,240,-10,250,-10" /><INIT seed="0,1,0,5,4,34" ten="290,240,230,240" oya="0" hai0="2,6,49,75,52,47,100,122,41,22,64,37,93" hai1="21,104,125,98,57,11,14,70,72,73,15,44,129" hai2="123,51,116,48,91,3,26,58,61,0,1,7,5" hai3="32,30,86,106,132,16,101,76,127,135,120,38,74"/><T71/><D122/><U81/><E70/><V89/><F123/><W134/><G38/><T36/><D75/><U108/><E108/><V78/><F116/><W9/><G120/><T66/><D22/><U23/><E129/><V96/><F78/><W8/><G74/><T109/><D109/><U121/><E121/><V84/><F26/><N who="3" m="18519" /><G127/><T95/><D100/><U77/><E125/><V111/><F111/><W53/><G53/><T128/><D128/><U112/><E112/><V10/><F96/><N who="3" m="61735" /><G16/><T28/><D28/><U87/><E44/><V118/><F118/><W83/><AGARI ba="1,0" hai="8,9,76,83,86,132,134,135" m="61735,18519" machi="83" ten="40,1500,0" yaku="20,1" doraHai="34" who="3" fromWho="3" sc="290,-8,240,-5,230,-5,240,18" /><INIT seed="1,0,0,0,2,49" ten="282,235,225,258" oya="1" hai0="21,0,107,6,98,122,16,104,58,72,20,73,81" hai1="77,94,62,1,133,95,124,135,80,46,92,117,48" hai2="85,12,100,50,59,41,129,42,123,71,40,26,57" hai3="29,14,44,67,33,101,45,24,110,125,115,19,68"/><U127/><E1/><V69/><F100/><W43/><G110/><T121/><D20/><U131/><E62/><V96/><F123/><N who="0" m="47114" /><D98/><U90/><E117/><V56/><F96/><W108/><G108/><T78/><D72/><N who="1" m="43047" /><E46/><N who="2" m="25927" /><F12/><W34/><G115/><T103/><D103/><U79/><E79/><V36/><F26/><W83/><G34/><T109/><D109/><U31/><E131/><V39/><F85/><W84/><G125/><N who="1" m="48202" /><E48/><V93/><F93/><N who="1" m="35945" /><E31/><V37/><F129/><W116/><G116/><T75/><D75/><U28/><E28/><V99/><F99/><AGARI ba="0,0" hai="90,95,99,133,135" m="35945,48202,43047" machi="99" ten="30,5800,0" yaku="18,1,34,2" doraHai="49" who="1" fromWho="2" sc="282,0,235,58,225,-58,258,0" /><INIT seed="1,1,0,0,0,46" ten="282,293,167,258" oya="1" hai0="72,25,123,4,29,49,116,20,11,130,40,48,91" hai1="45,80,65,13,24,19,93,23,61,94,43,59,0" hai2="109,34,10,37,106,90,69,3,81,42,119,132,89" hai3="26,52,33,60,121,78,30,96,105,70,85,21,66"/><U135/><E0/><V112/><RYUUKYOKU type="yao9" ba="1,0" sc="282,0,293,0,167,0,258,0" hai2="3,10,34,37,42,69,81,89,90,106,109,112,119,132" /><INIT seed="1,2,0,5,2,17" ten="282,293,167,258" oya="1" hai0="21,40,114,47,90,70,84,95,124,108,130,28,68" hai1="1,0,51,62,15,96,46,131,93,78,128,19,133" hai2="50,58,42,52,113,102,82,126,56,36,91,6,30" hai3="104,123,35,20,83,106,3,107,38,12,37,64,44"/><U80/><E133/><V100/><F126/><W101/><G123/><T2/><D114/><U112/><E112/><V63/><F113/><W24/><G3/><T53/><D2/><U61/><E0/><V59/><F6/><W111/><G111/><T103/><D124/><U79/><E1/><V32/><F59/><W4/><G64/><T60/><D108/><U33/><E33/><V120/><F120/><W22/><G35/><T119/><D119/><U34/><E34/><V31/><F36/><W94/><G83/><T115/><D115/><U118/><E118/><V43/><F32/><W27/><G44/><T26/><D130/><U66/><E80/><V109/><F109/><W11/><G101/><T55/><D103/><U45/><E45/><V127/><F127/><W75/><G75/><T29/><D29/><U25/><E25/><V105/><F105/><W81/><G94/><T88/><D90/><N who="1" m="55351" /><E66/><V7/><F7/><W8/><G81/><T89/><D89/><U74/><E74/><V41/><F100/><W10/><G4/><T23/><D23/><N who="3" m="8745" /><G12/><T117/><D117/><U122/><E122/><V57/><F102/><W71/><G71/><T129/><D129/><U16/><E128/><V87/><REACH who="2" step="1"/><F57/><REACH who="2" ten="282,293,157,258" step="2"/><W65/><G65/><AGARI ba="2,1" hai="30,31,41,42,43,50,52,56,58,63,65,82,87,91" machi="65" ten="40,8000,1" yaku="1,1,2,1,8,1,54,1,53,0" doraHai="17" doraHaiUra="116" who="2" fromWho="3" sc="282,0,293,0,157,96,258,-86" /><INIT seed="2,0,0,0,1,61" ten="282,293,253,172" oya="2" hai0="87,65,60,134,68,100,9,102,101,1,52,67,55" hai1="116,4,104,40,28,47,25,86,114,26,41,48,128" hai2="39,121,66,85,110,77,123,18,113,70,37,38,93" hai3="94,32,111,44,53,98,89,10,122,129,15,133,46"/><V117/><F113/><W50/><G122/><T11/><D134/><U13/><E116/><V58/><F117/><W19/><G133/><T16/><D1/><U90/><E114/><V115/><F115/><W108/><G32/><T120/><D120/><U130/><E104/><V36/><F70/><W106/><G106/><T63/><D87/><U42/><E4/><V35/><F36/><W5/><G129/><N who="1" m="49770" /><E13/><V82/><F35/><W79/><G79/><T83/><D83/><N who="1" m="49503" /><E25/><V125/><F125/><W73/><G73/><T112/><D112/><U29/><E29/><V0/><F0/><W59/><REACH who="3" step="1"/><G5/><REACH who="3" ten="282,293,253,162" step="2"/><T74/><D74/><U99/><E99/><V31/><F121/><W6/><G6/><T76/><D76/><U127/><E127/><V95/><F123/><W22/><G22/><AGARI ba="0,1" hai="22,26,28,40,41,42,47,48" m="49503,49770" machi="22" ten="30,1000,0" yaku="19,1" doraHai="61" who="1" fromWho="3" sc="282,0,293,20,253,0,162,-10" /><INIT seed="3,0,0,2,5,77" ten="282,313,253,152" oya="3" hai0="93,100,8,85,59,120,115,117,9,88,68,80,72" hai1="31,76,44,87,104,129,75,110,48,98,29,97,36" hai2="106,69,17,92,26,47,114,11,99,62,55,65,7" hai3="86,95,39,133,57,22,128,131,64,43,30,1,84"/><W46/><G1/><T0/><D68/><U18/><E36/><V67/><F114/><W94/><G133/><T6/><D117/><U2/><E2/><V134/><F106/><W81/><G64/><T25/><D120/><U61/><E75/><V28/><F134/><W78/><G57/><T82/><D115/><U89/><E76/><V33/><F17/><W130/><REACH who="3" step="1"/><G86/><REACH who="3" ten="282,313,253,142" step="2"/><T40/><D72/><U34/><E87/><V24/><F67/><W12/><G12/><T21/><D0/><U23/><E129/><V124/><F69/><W32/><G32/><T42/><D59/><U13/><E34/><V60/><F65/><W118/><G118/><T96/><D82/><U108/><E108/><V16/><F33/><W73/><G73/><T105/><D105/><U132/><E110/><V45/><F45/><W38/><G38/><T37/><D37/><U102/><E132/><V70/><F70/><W52/><G52/><T35/><D35/><U27/><E13/><V14/><F47/><W19/><G19/><N who="0" m="12479" /><D6/><U123/><E123/><V112/><F55/><W125/><G125/><T135/><D135/><U4/><E4/><V54/><F124/><W50/><G50/><T51/><D51/><U53/><E61/><N who="2" m="23659" /><F112/><W49/><G49/><T121/><D121/><U111/><E111/><V113/><F113/><W101/><G101/><T109/><D109/><U83/><E83/><V107/><F54/><W116/><G116/><T20/><D40/><U56/><E56/><V122/><F7/><W15/><G15/><T126/><D42/><U119/><E119/><V91/><F107/><RYUUKYOKU ba="0,1" sc="282,-15,313,15,253,-15,142,15" hai1="18,23,27,29,31,44,48,53,89,97,98,102,104" hai3="22,30,39,43,46,78,81,84,94,95,128,130,131" /><INIT seed="3,1,1,2,5,134" ten="267,328,238,157" oya="3" hai0="81,132,105,65,120,119,56,18,87,5,118,38,32" hai1="14,75,66,49,121,54,69,98,0,72,93,55,52" hai2="4,13,68,60,100,91,122,97,124,103,20,101,67" hai3="58,48,106,51,78,131,113,30,89,71,83,92,110"/><W107/><G113/><T123/><D32/><U104/><E0/><V96/><F122/><W37/><G71/><T57/><D5/><U34/><E104/><V44/><F124/><W82/><G37/><T90/><D105/><U95/><E34/><V43/><F91/><W99/><G131/><T76/><D38/><U77/><E77/><V63/><F63/><W7/><G110/><T59/><D65/><U108/><E93/><V28/><F4/><W39/><G39/><T9/><D132/><U116/><E121/><V40/><F40/><W17/><G7/><T128/><D128/><U50/><E14/><V11/><F20/><W12/><G30/><T135/><D135/><U45/><E108/><V62/><F28/><W112/><G112/><T31/><D31/><U41/><E49/><N who="2" m="26783" /><F67/><W79/><G106/><T53/><D123/><U88/><E116/><V129/><F68/><W15/><G107/><T16/><D120/><U27/><E27/><V10/><F129/><W109/><G109/><T86/><D119/><U21/><E21/><V6/><F11/><W2/><G2/><T94/><D118/><U46/><E46/><V61/><AGARI ba="1,1" hai="6,10,13,60,61,62,96,97,100,101,103" m="26783" machi="61" ten="30,1100,0" yaku="8,1" doraHai="134" who="2" fromWho="2" sc="267,-4,328,-4,238,24,157,-6" owari="263,6.3,324,42.4,262,-13.8,151,-34.9" /></mjloggm>