<mjloggm ver="2.3"><GO type="225" lobby="0"/><UN n0="%E3%81%99%E3%83%BC%5F%E9%88%B4%E6%9C%A8%E6%B5%A9%E5%B9%B3" n1="%E3%83%A9%E3%83%BC%E3%83%A1%E3%83%B3%E4%BA%94%E9%83%8E" n2="%E6%81%A5%E6%99%92%E3%81%97" n3="%E6%A1%9C%E8%8A%B1%E9%96%83%E3%80%85" dan="16,16,17,16" rate="2062.40,2138.75,2171.99,2148.59" sx="M,M,M,M"/><TAIKYOKU oya="0"/><INIT seed="0,0,0,1,2,13" ten="250,250,250,250" oya="0" hai0="129,76,113,10,96,67,79,75,6,111,16,74,108" hai1="64,97,100,39,33,87,17,80,99,121,90,106,19" hai2="37,82,72,126,135,2,63,11,132,40,7,48,112" hai3="41,73,47,115,65,119,131,46,128,85,114,124,123"/><T3/><D129/><N who="3" m="49737" /><G73/><T93/><D113/><N who="3" m="43017" /><G85/><T101/><D67/><U77/><E121/><V0/><F112/><W52/><G123/><T23/><D74/><U92/><E39/><V70/><F0/><W61/><G124/><T4/><D4/><U89/><E33/><V117/><F126/><W12/><G12/><N who="0" m="9607" /><D75/><U21/><E64/><N who="2" m="41247" /><F48/><N who="3" m="28703" /><G119/><T118/><D118/><U32/><E32/><V25/><F117/><W81/><G81/><T35/><D35/><U51/><E51/><V102/><F102/><W38/><G65/><T62/><D62/><AGARI ba="0,0" hai="38,41,46,61,62" m="28703,43017,49737" machi="62" ten="30,7700,0" yaku="19,1,34,2,54,1" doraHai="13" who="3" fromWho="0" sc="250,-77,250,0,250,0,250,77" /><INIT seed="1,0,0,0,5,69" ten="173,250,250,327" oya="1" hai0="103,111,31,60,73,109,134,25,8,62,0,101,2" hai1="11,132,83,94,79,50,108,54,6,133,106,72,17" hai2="96,95,120,122,53,52,48,34,74,127,40,64,59" hai3="77,45,98,97,84,58,107,85,32,57,33,135,39"/><U51/><E106/><V92/><F74/><W125/><G125/><T117/><D117/><U102/><E17/><V46/><F127/><W82/><G135/><N who="1" m="51786" /><E108/><N who="0" m="41545" /><D73/><U86/><E54/><V126/><F126/><W42/><G85/><T131/><D134/><U110/><E110/><V80/><F34/><W121/><G121/><T87/><D131/><U27/><E27/><V89/><F120/><W75/><G75/><T44/><D87/><U66/><E66/><V70/><F122/><W43/><G43/><T1/><D44/><U112/><E112/><V124/><F70/><W13/><G13/><T10/><D25/><U3/><E86/><N who="2" m="50375" /><F124/><W114/><G114/><T24/><D24/><U9/><E11/><N who="0" m="4137" /><D31/><U81/><E81/><V88/><F95/><W104/><G104/><T93/><D93/><U71/><E71/><V118/><F118/><W47/><G47/><T22/><D22/><U12/><E3/><V20/><F20/><W15/><G15/><T29/><D29/><U76/><E76/><V105/><F105/><W116/><G116/><T65/><D65/><U128/><E128/><V78/><F78/><W130/><G130/><T18/><D18/><U63/><E94/><V99/><F96/><N who="3" m="36971" /><G107/><T23/><D23/><U26/><E72/><V28/><F28/><W113/><G113/><T61/><AGARI ba="0,0" hai="0,1,2,60,61,62,101,103" m="4137,41545" machi="61" ten="40,5200,0" yaku="28,2,14,1" doraHai="69" who="0" fromWho="0" sc="173,52,250,-26,250,-13,327,-13" /><INIT seed="2,0,0,3,1,58" ten="225,224,237,314" oya="2" hai0="91,98,81,15,130,90,131,17,1,97,45,31,12" hai1="129,26,77,19,2,86,41,104,127,24,13,123,28" hai2="18,88,102,30,66,113,101,74,133,42,48,40,116" hai3="55,57,62,7,63,82,121,32,83,11,56,80,89"/><V51/><F113/><W6/><G121/><T44/><D1/><U0/><E104/><V54/><F116/><W95/><G32/><T120/><D120/><U118/><E123/><V22/><F74/><W92/><G11/><T38/><D38/><U71/><E118/><V25/><F66/><N who="3" m="39239" /><G95/><T96/><D96/><AGARI ba="0,0" hai="6,7,55,57,63,80,82,83,89,92,96" m="39239" machi="96" ten="30,3900,0" yaku="8,1,52,2" doraHai="58" who="3" fromWho="0" sc="225,-39,224,0,237,0,314,39" /><INIT seed="3,0,0,2,5,33" ten="186,224,237,353" oya="3" hai0="39,53,57,92,4,72,115,51,25,15,7,111,61" hai1="36,64,110,6,121,103,98,87,45,130,49,20,67" hai2="89,5,40,12,10,88,22,23,105,127,104,96,132" hai3="1,34,133,95,38,123,84,85,31,28,97,129,47"/><W8/><G123/><T119/><D119/><U0/><E121/><V27/><F127/><W42/><G129/><T100/><D39/><U24/><E36/><V63/><F132/><W37/><G37/><T99/><D72/><U62/><E130/><V50/><F23/><W113/><G113/><T122/><D122/><U52/><E110/><V118/><F118/><W86/><G34/><T117/><D117/><U80/><E0/><V9/><F63/><W14/><G1/><T68/><D115/><U55/><E6/><V32/><F32/><W46/><G46/><T135/><D135/><U75/><E75/><V94/><F10/><W18/><G133/><T101/><D111/><U35/><E35/><V107/><F89/><W93/><G93/><T58/><D68/><U81/><E55/><V77/><F77/><W124/><G124/><T90/><D25/><U116/><E116/><V44/><F107/><W78/><G78/><T19/><D4/><U76/><E81/><V21/><F21/><W3/><G3/><T125/><D7/><U120/><E62/><V16/><AGARI ba="0,0" hai="5,9,12,16,22,27,40,44,50,88,94,96,104,105" machi="16" ten="20,5200,0" yaku="0,1,7,1,54,2" doraHai="33" who="2" fromWho="2" sc="186,-13,224,-13,237,52,353,-26" owari="173,-32.7,211,-18.9,289,8.9,327,42.7" /></mjloggm>