<mjloggm ver="2.3"><GO type="225" lobby="0"/><UN n0="%E3%83%A9%E3%82%B9%E7%8E%87%EF%BC%93%E5%89%B2" n1="%E5%91%A8%E6%9D%B1" n2="%E4%BF%BA%E3%81%A8%E5%A6%96%E5%A4%A2" n3="%E6%A1%9C%E8%8A%B1%E9%96%83%E3%80%85" dan="17,17,16,16" rate="2205.15,2124.32,2102.31,2126.49" sx="F,M,F,M"/><TAIKYOKU oya="0"/><INIT seed="0,0,0,4,2,94" ten="250,250,250,250" oya="0" hai0="5,90,19,55,3,80,98,58,50,124,57,0,69" hai1="20,129,13,28,65,59,12,91,81,93,132,74,15" hai2="128,45,31,60,135,107,44,42,101,111,33,104,97" hai3="121,127,26,10,49,66,24,130,106,113,22,25,35"/><T125/><D69/><U18/><E132/><V16/><F111/><W122/><G106/><T133/><D133/><U117/><E117/><V119/><F135/><W32/><G66/><T4/><D19/><U109/><E109/><V68/><F119/><W95/><G49/><T46/><D46/><U7/><E129/><V89/><F128/><W79/><G130/><T37/><D37/><U52/><E65/><V51/><F68/><W116/><G116/><T99/><D90/><U131/><E28/><V53/><F89/><W23/><G95/><T1/><D80/><U108/><E108/><V73/><F73/><W48/><G48/><T115/><D115/><U6/><E131/><V47/><F47/><W8/><G79/><T11/><D57/><U100/><E100/><V41/><F41/><W123/><G127/><N who="0" m="48715" /><D5/><N who="1" m="1547" /><E74/><V29/><F33/><N who="3" m="12875" /><G113/><T83/><D83/><U110/><E81/><V40/><F40/><W85/><G85/><T84/><D84/><N who="1" m="52455" /><E110/><V71/><F71/><W96/><G96/><AGARI ba="0,0" hai="0,1,3,4,11,50,55,58,96,98,99" m="48715" machi="96" ten="30,11600,0" yaku="18,1,52,3" doraHai="94" who="0" fromWho="3" sc="250,116,250,0,250,0,250,-116" /><INIT seed="0,1,0,3,5,47" ten="366,250,250,134" oya="0" hai0="61,49,1,126,50,7,107,11,16,44,95,12,42" hai1="127,110,94,68,33,52,13,48,117,14,80,10,83" hai2="2,84,5,122,51,26,129,101,39,74,40,92,102" hai3="114,79,135,121,78,4,55,99,70,66,72,65,6"/><T85/><D126/><U45/><E117/><V58/><F122/><W37/><G114/><T118/><D107/><U128/><E127/><V104/><F74/><W87/><G72/><T29/><D118/><U111/><E68/><V81/><F104/><W28/><G37/><T67/><D29/><U106/><E106/><V0/><F129/><W90/><G121/><T77/><D95/><U112/><E33/><V71/><F71/><W91/><G135/><T31/><D31/><U9/><E128/><V21/><F39/><W60/><G28/><T76/><D85/><U3/><E3/><V93/><F0/><W96/><G70/><T133/><D49/><U34/><E94/><N who="2" m="36459" /><F5/><W103/><G87/><T46/><D46/><U134/><E34/><V69/><F69/><W124/><G124/><T23/><D133/><U24/><E24/><V22/><F2/><W53/><REACH who="3" step="1"/><G60/><REACH who="3" ten="366,250,250,124" step="2"/><T109/><D109/><N who="1" m="41483" /><E134/><V75/><F75/><W113/><G113/><T62/><D61/><U17/><E112/><V119/><F84/><W115/><G115/><T18/><D18/><AGARI ba="1,1" hai="9,10,13,14,17,18,45,48,52,80,83" m="41483" machi="18" ten="30,3900,0" yaku="14,1,52,1,54,1" doraHai="47" who="1" fromWho="0" sc="366,-42,250,52,250,0,124,0" /><INIT seed="1,0,0,0,1,6" ten="324,302,250,124" oya="1" hai0="16,1,117,57,4,40,108,34,45,105,127,61,99" hai1="131,110,112,92,86,93,56,130,29,83,15,104,114" hai2="118,76,51,82,65,129,111,132,68,95,8,31,81" hai3="74,79,64,7,35,123,0,19,27,9,13,50,17"/><U66/><E29/><V25/><F118/><W24/><G64/><T37/><D117/><U90/><E66/><V96/><F111/><W133/><G123/><T75/><D34/><U135/><E56/><V62/><F129/><N who="1" m="49161" /><E15/><V126/><F126/><W49/><G133/><T11/><D127/><U73/><E135/><V58/><F132/><W77/><G19/><T41/><D108/><U120/><E120/><V12/><F51/><W20/><G24/><T116/><D116/><U119/><E119/><V109/><F68/><W38/><G38/><T10/><D75/><U63/><E63/><V59/><F59/><W54/><G74/><T2/><D41/><U60/><E60/><V125/><F76/><W23/><G23/><T36/><D37/><U69/><E69/><V89/><F125/><W55/><G50/><T67/><D105/><U44/><E44/><V128/><F109/><W48/><G48/><T47/><D99/><U70/><E70/><V72/><F72/><W122/><G122/><T88/><D45/><U87/><E104/><V98/><F98/><W43/><G43/><T100/><D47/><U115/><E110/><V107/><F107/><W106/><G106/><T21/><D40/><U18/><E73/><V52/><F65/><W71/><G71/><T121/><D121/><U30/><E30/><V101/><F101/><W32/><G32/><T91/><D100/><U46/><E46/><V42/><F42/><W53/><REACH who="3" step="1"/><G49/><REACH who="3" ten="324,302,250,114" step="2"/><T5/><D36/><U102/><E115/><V113/><F113/><W3/><G3/><T103/><D103/><U14/><E102/><RYUUKYOKU ba="0,1" sc="324,15,302,-15,250,-15,114,15" hai0="1,2,4,5,10,11,16,21,57,61,67,88,91" hai3="0,7,9,13,17,20,27,35,53,54,55,77,79" /><INIT seed="2,1,1,5,3,104" ten="339,287,235,129" oya="2" hai0="41,3,69,55,130,37,112,8,102,111,135,90,52" hai1="133,15,80,22,129,118,94,122,114,103,7,50,66" hai2="87,124,71,128,24,79,98,101,47,25,84,0,95" hai3="29,36,49,53,85,28,58,127,44,54,83,119,26"/><V38/><F71/><W78/><G127/><T57/><D69/><U93/><E118/><V120/><F120/><W42/><G119/><T19/><D112/><U109/><E114/><V16/><F0/><W105/><G105/><T70/><D70/><U17/><E122/><V51/><F124/><W82/><G54/><T12/><D111/><U11/><E109/><V132/><F132/><W91/><REACH who="3" step="1"/><G26/><REACH who="3" ten="339,287,235,119" step="2"/><T63/><D55/><U60/><E133/><V100/><F25/><W75/><AGARI ba="1,2" hai="28,29,36,42,44,49,53,58,75,78,82,83,85,91" machi="75" ten="20,8000,1" yaku="1,1,2,1,0,1,7,1,52,1,53,0" doraHai="104" doraHaiUra="113" who="3" fromWho="3" sc="339,-21,287,-21,235,-41,119,103" /><INIT seed="3,0,0,3,1,95" ten="318,266,194,222" oya="3" hai0="115,27,36,123,0,78,25,125,11,75,86,101,82" hai1="1,61,84,4,6,111,34,49,45,133,79,74,64" hai2="51,57,32,98,88,14,83,112,117,52,129,56,13" hai3="68,8,94,47,53,110,93,102,50,59,105,15,7"/><W28/><G68/><T128/><D123/><U135/><E34/><V126/><F112/><W122/><G122/><T81/><D128/><U89/><E111/><V31/><F117/><W30/><G110/><T41/><D125/><U116/><E116/><V118/><F118/><W10/><G105/><T63/><D63/><U92/><E1/><V119/><F119/><W12/><G93/><T22/><D101/><U35/><E35/><V18/><F129/><W43/><G94/><T73/><D73/><U96/><E74/><V91/><F126/><W42/><G102/><T113/><D22/><U109/><E109/><V127/><F127/><W103/><G103/><T132/><D132/><N who="1" m="50763" /><E79/><V46/><F98/><W65/><G65/><T55/><D55/><N who="1" m="30127" /><E84/><N who="2" m="50207" /><F32/><W9/><G42/><T121/><D121/><U131/><E131/><V134/><F134/><W38/><REACH who="3" step="1"/><G9/><REACH who="3" ten="318,266,194,212" step="2"/><T20/><D11/><U66/><E66/><V60/><F91/><W80/><G80/><T37/><D82/><U3/><E3/><V97/><F97/><W107/><G107/><T100/><D0/><U16/><E64/><N who="2" m="38919" /><F31/><W87/><G87/><T2/><D86/><U104/><E104/><V39/><F39/><W108/><G108/><T29/><D2/><U21/><E96/><V5/><F5/><AGARI ba="0,1" hai="5,7,8,10,12,15,28,30,38,43,47,50,53,59" machi="5" ten="30,11600,0" yaku="1,1,7,1,9,1,53,1" doraHai="95" doraHaiUra="71" who="3" fromWho="2" sc="318,0,266,0,194,-116,212,126" owari="318,11.8,266,-13.4,78,-42.2,338,43.8" /></mjloggm>