<mjloggm ver="2.3"><GO type="225" lobby="0"/><UN n0="%E3%83%81%E3%83%83%E3%82%BF%E3%82%BD%E3%83%BC" n1="%E3%83%B4%E3%83%A0%EF%BC%99%E3%81%A6" n2="%E3%81%8B%E3%82%8F%E3%81%A1%E3%82%83%E3%82%93%35%38" n3="%E3%81%BF%E3%81%BF%E3%81%9A" dan="16,17,16,17" rate="2120.73,2150.06,2122.16,2215.67" sx="F,M,M,M"/><TAIKYOKU oya="0"/><INIT seed="0,0,0,1,5,119" ten="250,250,250,250" oya="0" hai0="102,85,73,105,42,96,132,69,72,22,61,74,17" hai1="26,62,36,92,19,67,117,87,98,125,82,23,54" hai2="81,110,78,13,28,33,84,118,57,64,31,58,29" hai3="3,95,68,7,59,77,104,112,21,91,71,109,103"/><T113/><D132/><U37/><E125/><V130/><F33/><W45/><G112/><T121/><D113/><U116/><E116/><V12/><F118/><W133/><G77/><T128/><D128/><U55/><E117/><V70/><F130/><W106/><G109/><T20/><D42/><U122/><E122/><V86/><F110/><W93/><G133/><T5/><D5/><U108/><E108/><V41/><F41/><W48/><G3/><T79/><D121/><U88/><E37/><V40/><F40/><W15/><G59/><N who="2" m="22537" /><F70/><W38/><G38/><T94/><D105/><U127/><E127/><V52/><F64/><W76/><G76/><T35/><D35/><U10/><E36/><V1/><F1/><W65/><G65/><T0/><D0/><U6/><E6/><V49/><F84/><W111/><G111/><T90/><D69/><U120/><E120/><V134/><F134/><W60/><G60/><T124/><D61/><U11/><E67/><V4/><F4/><W75/><G75/><T129/><D124/><U24/><E24/><V63/><F63/><W135/><G135/><T2/><D2/><U56/><E55/><V46/><AGARI ba="0,0" hai="12,13,28,29,31,46,49,52,78,81,86" m="22537" machi="46" ten="30,2000,0" yaku="8,1,54,1" doraHai="119" who="2" fromWho="2" sc="250,-10,250,-5,250,20,250,-5" /><INIT seed="1,0,0,3,3,131" ten="240,245,270,245" oya="1" hai0="13,57,107,71,102,125,5,9,16,44,25,89,92" hai1="14,135,82,36,84,42,129,2,104,93,10,39,46" hai2="61,69,63,76,119,15,38,45,128,81,98,108,33" hai3="40,19,85,100,133,126,116,8,79,31,94,27,47"/><U65/><E104/><V78/><F119/><W110/><G110/><T22/><D125/><U62/><E129/><V124/><F33/><W0/><G126/><T80/><D71/><U112/><E112/><V37/><F124/><W1/><G116/><T95/><D44/><U49/><E2/><V7/><F69/><W6/><G133/><T121/><D121/><U18/><E93/><V75/><F128/><W20/><G1/><T113/><D113/><U30/><E30/><V70/><F70/><W52/><G100/><T17/><D107/><U103/><E103/><V28/><F28/><W34/><G94/><T106/><D106/><U134/><E62/><V130/><F98/><W51/><G85/><N who="0" m="50343" /><D102/><U91/><REACH who="1" step="1"/><E65/><REACH who="1" ten="240,235,270,245" step="2"/><V105/><F63/><W23/><G79/><T115/><D115/><U83/><E83/><V73/><F61/><W54/><REACH who="3" step="1"/><G34/><REACH who="3" ten="240,235,270,235" step="2"/><T97/><D97/><U66/><E66/><V118/><F118/><W48/><G48/><T96/><D96/><U21/><E21/><V120/><F105/><W64/><G64/><T12/><D92/><U77/><E77/><V72/><F130/><W117/><G117/><T53/><D95/><U3/><E3/><V58/><F78/><W86/><G86/><T26/><D22/><U68/><E68/><V127/><F127/><W56/><G56/><T11/><D57/><U87/><E87/><N who="2" m="48551" /><F58/><W114/><G114/><T50/><D50/><U59/><E59/><V111/><F73/><W74/><G74/><T101/><D101/><U35/><E35/><V4/><F75/><W90/><G90/><T109/><D109/><RYUUKYOKU ba="0,2" sc="240,-15,235,15,270,-15,235,15" hai1="10,14,18,36,39,42,46,49,82,84,91,134,135" hai3="0,6,8,19,20,23,27,31,40,47,51,52,54" /><INIT seed="1,1,2,0,5,5" ten="225,250,255,250" oya="1" hai0="107,118,58,21,131,18,126,71,129,39,112,20,22" hai1="105,32,81,45,46,114,87,41,36,63,15,72,100" hai2="117,104,0,44,38,134,14,57,98,97,8,2,29" hai3="99,35,89,122,124,92,33,27,76,47,54,55,6"/><U51/><E114/><V26/><F117/><W49/><G122/><T43/><D112/><U53/><E32/><V135/><F57/><W80/><G124/><T111/><D118/><U70/><E72/><V68/><F68/><W119/><G119/><T133/><D71/><U109/><E109/><V31/><F44/><W91/><G6/><T96/><D126/><U132/><E132/><N who="2" m="50731" /><F38/><W24/><G35/><T103/><D133/><U110/><E110/><V121/><F121/><W106/><G106/><T66/><D111/><U12/><E105/><V59/><F59/><W74/><G33/><T90/><D90/><U108/><E108/><V61/><F61/><W4/><G4/><T130/><D43/><U9/><E100/><N who="2" m="62479" /><F98/><W78/><G78/><T86/><D39/><U102/><E102/><V17/><F29/><W82/><G55/><T84/><D18/><U75/><E75/><V62/><F62/><AGARI ba="1,2" hai="20,21,22,58,62,66,84,86,96,103,107,129,130,131" machi="62" ten="50,1600,0" yaku="19,1" doraHai="5" who="0" fromWho="2" sc="225,39,250,0,255,-19,250,0" /><INIT seed="2,0,0,3,0,127" ten="264,250,236,250" oya="2" hai0="2,117,66,128,135,61,54,6,94,60,102,129,88" hai1="17,65,0,104,22,106,46,25,130,95,120,38,9" hai2="108,4,115,74,131,51,78,11,39,73,63,80,91" hai3="71,21,83,68,79,114,45,18,126,87,53,105,28"/><V44/><F115/><W43/><G126/><T15/><D135/><U77/><E65/><V116/><F116/><W85/><G105/><T93/><D2/><U107/><E120/><V113/><F113/><W42/><G114/><T89/><D117/><U48/><E38/><V101/><F39/><W5/><G28/><T76/><D76/><U36/><E36/><V26/><F108/><W37/><G5/><T19/><D6/><U1/><E77/><V23/><F101/><W31/><G31/><T110/><D110/><U67/><E67/><V7/><F91/><W125/><G43/><T122/><D122/><U16/><E95/><V90/><F90/><N who="0" m="34922" /><D102/><U32/><E32/><V75/><F63/><N who="0" m="24138" /><D54/><U109/><E109/><V24/><F4/><W20/><G125/><T56/><D56/><U81/><E81/><V70/><F70/><W3/><G3/><T30/><D30/><U27/><E0/><V29/><F24/><W96/><G53/><T92/><D66/><U69/><E69/><V55/><REACH who="2" step="1"/><F131/><REACH who="2" ten="264,250,226,250" step="2"/><N who="0" m="50250" /><D93/><U82/><E130/><V52/><F52/><W49/><G71/><T84/><D84/><N who="3" m="32329" /><G68/><T62/><D62/><U34/><E106/><V8/><F8/><AGARI ba="0,1" hai="8,15,19,92,94" m="50250,24138,34922" machi="8" ten="30,8000,1" yaku="19,1,52,3,54,1" doraHai="127" who="0" fromWho="2" sc="264,90,250,0,226,-80,250,0" /><INIT seed="3,0,0,1,0,15" ten="354,250,146,250" oya="3" hai0="0,46,24,26,105,94,80,16,77,32,17,41,45" hai1="34,75,9,40,78,89,1,99,106,64,14,81,62" hai2="87,49,31,112,100,22,134,115,25,101,28,92,90" hai3="120,63,61,108,44,47,52,114,21,91,123,121,7"/><W39/><G7/><T51/><D105/><U53/><E34/><V73/><F134/><W118/><G91/><T135/><D135/><U8/><E40/><V93/><F73/><W18/><G114/><T43/><D0/><U125/><E125/><V109/><F109/><W83/><G83/><T128/><D128/><U124/><E124/><V56/><F115/><W58/><G118/><T50/><D94/><U5/><E53/><V57/><F112/><W4/><G4/><T69/><D69/><U36/><E36/><V116/><F116/><W95/><G95/><T119/><D119/><U11/><E1/><V127/><F127/><W70/><G108/><T23/><D32/><U27/><E27/><V2/><F2/><W111/><G111/><T103/><D103/><U126/><E126/><V85/><F49/><W59/><G70/><T97/><D97/><U29/><E29/><V130/><F130/><W65/><REACH who="3" step="1"/><G39/><REACH who="3" ten="354,250,146,240" step="2"/><T6/><D6/><U33/><E106/><V102/><REACH who="2" step="1"/><F31/><REACH who="2" ten="354,250,136,240" step="2"/><W67/><G67/><T68/><D68/><U38/><E64/><V71/><F71/><W19/><G19/><T30/><D24/><AGARI ba="0,2" hai="18,21,24,44,47,52,58,59,61,63,65,120,121,123" machi="24" ten="40,7700,0" yaku="1,1,52,1,54,1,53,0" doraHai="15" doraHaiUra="3" who="3" fromWho="0" sc="354,-77,250,0,136,0,240,97" owari="277,7.7,250,-15.0,136,-36.4,337,43.7" /></mjloggm>