<mjloggm ver="2.3"><GO type="225" lobby="0"/><UN n0="%4C%4F%4C%49%54%41" n1="%E3%82%AF%E3%82%A3%E3%82%A6" n2="%70%68%65%6E%6F%6D%65" n3="%E3%83%B4%E3%83%A0%EF%BC%99%E3%81%A6" dan="16,16,16,16" rate="2111.85,2064.85,2139.71,2136.65" sx="F,M,M,M"/><TAIKYOKU oya="0"/><INIT seed="0,0,0,5,4,97" ten="250,250,250,250" oya="0" hai0="63,31,90,54,103,133,115,111,66,71,93,74,41" hai1="107,7,22,124,51,91,12,13,104,94,60,132,20" hai2="23,114,48,122,0,64,18,77,39,98,21,78,65" hai3="101,15,57,126,83,85,80,1,16,131,62,30,2"/><T55/><D115/><U86/><E124/><V32/><F122/><W100/><G126/><T108/><D74/><U129/><E129/><V11/><F39/><W69/><G69/><T49/><D133/><U25/><E132/><V58/><F32/><W6/><G131/><T113/><D113/><U4/><E60/><V3/><F114/><W61/><G30/><T99/><D31/><U47/><E107/><V102/><F3/><W118/><G118/><T70/><D70/><U79/><E79/><V88/><F0/><W128/><G128/><T67/><D67/><N who="2" m="25674" /><F11/><W8/><G1/><T35/><D35/><U53/><E104/><V134/><F23/><N who="1" m="8745" /><E25/><V135/><F134/><W17/><G2/><T82/><D41/><U75/><E75/><V72/><F72/><W56/><G61/><T127/><D127/><U27/><E27/><V40/><F135/><W84/><G62/><T38/><D38/><U73/><E73/><V44/><F58/><W110/><G110/><N who="0" m="42027" /><D49/><U96/><E86/><AGARI ba="0,0" hai="54,55,63,66,71,82,86,90,93,99,103" m="42027" machi="86" ten="30,5800,0" yaku="14,1,10,1,52,1" doraHai="97" who="0" fromWho="1" sc="250,58,250,-58,250,0,250,0" /><INIT seed="0,1,0,2,2,8" ten="308,192,250,250" oya="0" hai0="130,100,92,105,61,78,50,10,103,66,119,33,15" hai1="29,30,14,9,12,124,107,83,88,134,73,53,32" hai2="38,47,84,27,77,58,104,115,2,74,51,97,17" hai3="18,1,109,13,89,111,57,28,106,113,87,49,0"/><T35/><D119/><U98/><E32/><V3/><F74/><W70/><G70/><T6/><D105/><U131/><E124/><V81/><F115/><W55/><G106/><T59/><D130/><U5/><E131/><V79/><F38/><W39/><G39/><T75/><D75/><U46/><E134/><V102/><F58/><W126/><G28/><N who="1" m="10858" /><E107/><V123/><F79/><W71/><G71/><T117/><D78/><N who="1" m="44495" /><E53/><V69/><F69/><W112/><G126/><T86/><D117/><U19/><E98/><V48/><F48/><W44/><G113/><T108/><D108/><N who="3" m="41545" /><G112/><T20/><D33/><U67/><E88/><V4/><F4/><W11/><G57/><N who="0" m="37167" /><D20/><U64/><E19/><V116/><F123/><W31/><G31/><T118/><D35/><U95/><E95/><AGARI ba="1,0" hai="0,1,11,13,18,44,49,55,87,89,95" m="41545" machi="95" ten="30,2000,0" yaku="14,1,52,1" doraHai="8" who="3" fromWho="1" sc="308,0,192,-23,250,0,250,23" /><INIT seed="1,0,0,0,4,135" ten="308,169,250,273" oya="1" hai0="77,134,18,28,36,126,99,53,103,44,23,21,5" hai1="63,93,42,78,57,67,34,97,114,0,45,82,68" hai2="125,128,81,92,60,87,84,48,50,96,85,122,102" hai3="31,52,38,71,24,25,73,105,110,33,62,131,7"/><U56/><E34/><V66/><F122/><W6/><G73/><T112/><D112/><U121/><E114/><V83/><F128/><W75/><G75/><T130/><D130/><U115/><E115/><V10/><F125/><W29/><G131/><T123/><D134/><U119/><E119/><V11/><F50/><W133/><G38/><T118/><D118/><U55/><E121/><V16/><F48/><W90/><G133/><T49/><D123/><U3/><E3/><V65/><F65/><W40/><G40/><T4/><D36/><U88/><E0/><V30/><F30/><W12/><G105/><T9/><D77/><U70/><E42/><V89/><F16/><W35/><G110/><T74/><D74/><U41/><E57/><N who="2" m="37135" /><F85/><W91/><G71/><T64/><D64/><U37/><REACH who="1" step="1"/><E67/><REACH who="1" ten="308,159,250,273" step="2"/><V69/><F69/><W59/><REACH who="3" step="1"/><G6/><REACH who="3" ten="308,159,250,263" step="2"/><T26/><D4/><U107/><E107/><V80/><F80/><W58/><G58/><T22/><D5/><U46/><E46/><V98/><F83/><W95/><G95/><T61/><D44/><U94/><E94/><N who="2" m="58647" /><F81/><W111/><G111/><T8/><D126/><U13/><E13/><V47/><F47/><W108/><G108/><T14/><D14/><U20/><E20/><V120/><F120/><W27/><G27/><N who="0" m="14775" /><D22/><U17/><E17/><V79/><F10/><AGARI ba="0,2" hai="7,10,12,24,25,29,31,33,35,52,59,62,90,91" machi="10" ten="40,5200,0" yaku="1,1,9,1,54,1,53,0" doraHai="135" doraHaiUra="101" who="3" fromWho="2" sc="308,0,159,0,250,-52,263,72" /><INIT seed="2,0,0,3,4,134" ten="308,159,198,335" oya="2" hai0="101,84,126,83,56,30,132,3,121,92,42,26,36" hai1="97,17,70,12,48,39,20,34,32,0,29,104,74" hai2="120,55,1,90,62,128,16,19,116,76,10,112,125" hai3="47,38,63,117,64,110,93,71,43,135,80,106,108"/><V88/><F112/><W86/><G117/><T60/><D121/><U27/><E39/><V7/><F116/><W44/><G135/><T51/><D132/><U8/><E74/><V73/><F120/><W23/><G106/><T130/><D3/><U85/><E70/><V35/><F125/><W31/><G93/><T107/><D107/><U61/><E61/><V22/><F35/><W79/><G44/><T57/><D36/><U4/><E85/><V46/><F128/><W119/><G119/><T5/><D5/><U40/><E48/><V67/><F73/><W59/><G71/><T99/><D130/><U127/><E40/><V102/><F76/><W58/><G58/><T6/><D6/><U41/><E41/><V54/><F19/><W133/><G133/><T14/><D14/><U68/><E68/><V103/><F102/><W109/><G23/><N who="0" m="15711" /><D60/><U69/><E69/><V118/><F103/><W37/><G37/><T91/><D126/><U77/><E77/><V124/><F118/><W65/><G31/><T89/><D91/><N who="2" m="34858" /><F46/><AGARI ba="0,0" hai="42,46,51,56,57,83,84,89,92,99,101" m="15711" machi="46" ten="30,1000,0" yaku="8,1" doraHai="134" who="0" fromWho="2" sc="308,10,159,0,198,-10,335,0" /><INIT seed="3,0,0,3,4,6" ten="318,159,188,335" oya="3" hai0="19,92,40,39,50,49,100,25,44,87,134,77,114" hai1="81,101,123,47,96,111,105,131,73,57,83,90,59" hai2="120,104,76,129,110,74,88,65,107,11,34,124,26" hai3="98,133,85,60,94,106,122,31,109,17,14,20,7"/><W128/><G122/><T55/><D134/><U28/><E123/><V0/><F120/><W135/><G128/><T58/><D114/><U51/><E111/><V53/><F65/><W103/><G109/><T48/><D39/><U42/><E131/><V80/><F110/><W75/><G75/><T132/><D132/><N who="3" m="50761" /><G7/><T56/><D100/><U12/><E28/><V4/><F53/><W116/><G116/><T78/><D56/><U126/><E126/><V108/><F124/><W21/><G60/><T117/><D49/><U67/><E67/><V121/><F26/><N who="3" m="16839" /><G85/><T130/><D117/><U36/><E36/><V3/><F108/><W41/><G41/><T118/><D118/><U115/><E115/><V89/><F121/><W93/><AGARI ba="0,0" hai="14,17,21,93,94,98,103,106" m="16839,50761" machi="93" ten="30,1500,0" yaku="20,1" doraHai="6" who="3" fromWho="3" sc="318,-5,159,-5,188,-5,335,15" owari="313,11.3,154,-34.6,183,-21.7,350,45.0" /></mjloggm>