<mjloggm ver="2.3"><GO type="225" lobby="0"/><UN n0="%72%69%6F%75%63%68%61%6E" n1="%E3%82%AF%E3%82%A3%E3%82%A6" n2="%E3%81%8B%E3%82%8F%E3%81%A1%E3%82%83%E3%82%93%35%38" n3="%50%69%73%38" dan="16,16,16,16" rate="2112.94,2072.45,2154.42,2154.57" sx="M,M,M,M"/><TAIKYOKU oya="0"/><INIT seed="0,0,0,3,4,108" ten="250,250,250,250" oya="0" hai0="109,120,25,128,69,68,105,13,112,15,39,14,116" hai1="2,5,115,72,84,27,121,71,4,41,30,132,98" hai2="91,66,54,117,22,44,107,94,89,7,49,62,24" hai3="74,97,57,125,45,52,51,59,102,65,104,31,130"/><T135/><RYUUKYOKU type="yao9" ba="0,0" sc="250,0,250,0,250,0,250,0" hai0="13,14,15,25,39,68,69,105,109,112,116,120,128,135" /><INIT seed="0,1,0,4,1,16" ten="250,250,250,250" oya="0" hai0="60,47,39,12,91,41,65,81,63,121,3,13,125" hai1="82,131,62,18,124,94,126,115,31,103,109,37,40" hai2="104,75,34,1,133,66,123,15,48,55,4,25,97" hai3="93,132,6,43,51,79,99,5,64,77,17,69,21"/><T106/><D121/><U24/><E109/><V101/><F123/><W54/><G132/><T20/><D125/><N who="1" m="48235" /><E131/><V26/><F75/><W71/><G43/><T130/><D130/><U44/><E82/><V122/><F122/><W114/><G114/><T10/><D106/><U108/><E108/><V102/><F34/><W45/><G64/><T74/><D91/><U36/><E62/><V98/><F1/><W127/><G71/><T61/><D65/><U135/><E135/><V76/><F76/><N who="3" m="29259" /><G69/><T88/><D74/><U112/><E18/><V49/><F66/><W22/><G127/><T119/><D119/><U90/><E103/><V78/><F78/><W110/><G110/><T73/><D73/><U113/><E94/><V28/><F133/><W116/><G116/><T35/><D35/><N who="1" m="20967" /><E90/><V0/><F104/><W9/><G9/><T7/><REACH who="0" step="1"/><D20/><REACH who="0" ten="240,250,250,250" step="2"/><N who="3" m="7785" /><G17/><T111/><D111/><U67/><E67/><V46/><F28/><W100/><AGARI ba="1,1" hai="5,6,45,51,54,93,99,100" m="7785,29259" machi="100" ten="30,7900,0" yaku="8,1,52,3" doraHai="16" who="3" fromWho="3" sc="240,-40,250,-21,250,-21,250,92" /><INIT seed="1,0,0,3,2,41" ten="200,229,229,342" oya="1" hai0="82,73,98,22,122,67,77,27,6,16,3,38,113" hai1="130,2,51,63,104,23,118,88,93,4,107,97,53" hai2="90,21,84,92,89,44,50,60,124,120,116,25,19" hai3="74,39,35,43,126,100,70,87,12,54,15,7,132"/><U79/><E118/><V37/><F124/><W33/><G74/><T30/><D113/><U81/><E130/><V65/><F120/><W83/><G100/><T129/><D129/><U68/><E2/><V36/><F116/><W34/><G126/><T128/><D128/><U47/><E4/><V96/><F84/><W123/><G123/><T58/><D122/><U99/><E23/><V75/><F75/><W134/><G7/><T59/><D67/><U125/><E125/><V0/><F0/><W40/><G54/><T11/><D38/><U55/><E97/><V80/><F80/><W117/><G70/><T94/><REACH who="0" step="1"/><D30/><REACH who="0" ten="190,229,229,342" step="2"/><U72/><REACH who="1" step="1"/><E55/><REACH who="1" ten="190,219,229,342" step="2"/><V101/><F36/><W112/><G39/><T135/><D135/><U61/><E61/><V17/><F37/><W8/><G132/><T1/><D1/><U64/><AGARI ba="0,2" hai="47,51,53,63,64,68,72,79,81,88,93,99,104,107" machi="64" ten="30,12000,1" yaku="1,1,0,1,52,1,54,1,53,1" doraHai="41" doraHaiUra="45" who="1" fromWho="1" sc="190,-40,219,140,229,-40,342,-40" /><INIT seed="1,1,0,4,5,19" ten="150,359,189,302" oya="1" hai0="91,31,45,130,97,64,35,81,66,42,59,5,72" hai1="50,47,80,114,77,55,120,20,54,21,46,65,37" hai2="121,132,126,89,133,70,112,57,105,41,128,100,40" hai3="82,99,0,71,39,117,107,103,53,127,48,93,86"/><U63/><E114/><V28/><F28/><W123/><G123/><T101/><D130/><U6/><E120/><V68/><F89/><W87/><G39/><T94/><D5/><U60/><E6/><V96/><F121/><W15/><G0/><T24/><D59/><N who="1" m="37119" /><E37/><V76/><F128/><W26/><G71/><N who="2" m="27177" /><F76/><W25/><G127/><T129/><D129/><U73/><E73/><V12/><F126/><W29/><G117/><T109/><D109/><U1/><E1/><V69/><N who="2" m="27185" /><V7/><DORA hai="43" /><F112/><W88/><G15/><T44/><D44/><N who="1" m="16939" /><E60/><V10/><F57/><N who="3" m="32935" /><G107/><T38/><REACH who="0" step="1"/><D72/><REACH who="0" ten="140,359,189,302" step="2"/><U34/><E34/><V118/><F118/><W75/><G75/><T16/><D16/><U90/><E77/><V56/><F56/><W104/><G104/><T108/><D108/><U122/><E122/><V17/><F7/><W13/><G29/><T78/><D78/><U116/><E116/><V74/><F74/><W67/><G67/><T113/><D113/><U61/><E61/><V85/><F17/><W95/><G13/><T135/><D135/><U32/><E32/><V102/><F133/><W22/><G25/><T36/><D36/><U119/><E119/><V79/><F132/><W92/><G82/><T9/><D9/><U62/><E62/><V33/><F33/><W51/><G26/><T14/><D14/><U134/><E134/><V8/><F12/><W115/><G115/><T98/><D98/><U83/><E50/><V106/><F8/><W4/><G51/><T27/><D27/><U131/><E131/><V3/><F10/><W58/><G99/><RYUUKYOKU ba="1,1" sc="140,30,359,-10,189,-10,302,-10" hai0="24,31,35,38,42,45,64,66,81,91,94,97,101" /><INIT seed="2,2,1,4,0,133" ten="170,349,179,292" oya="2" hai0="69,24,22,79,81,37,106,84,34,102,92,98,107" hai1="63,95,29,86,96,35,51,68,25,109,32,23,55" hai2="44,54,39,6,56,14,74,124,129,11,33,27,85" hai3="7,59,3,0,123,105,20,43,2,72,111,131,8"/><V40/><F129/><W12/><G72/><T71/><D34/><U100/><E109/><V90/><F74/><W115/><G105/><T99/><D37/><U75/><E75/><V120/><F120/><W65/><G43/><T48/><D48/><U19/><E86/><V118/><F118/><W46/><G46/><T57/><D57/><U50/><E35/><V122/><F122/><W53/><G53/><T82/><D82/><U58/><E68/><V45/><F45/><W9/><G59/><T1/><D1/><N who="3" m="617" /><G65/><T128/><D128/><U70/><E70/><V10/><F10/><N who="3" m="2431" /><G123/><T80/><D80/><U134/><E134/><V130/><F130/><W47/><G47/><T78/><D78/><U31/><E32/><V16/><F33/><W101/><G101/><T64/><D64/><N who="1" m="39031" /><E51/><V117/><F117/><W5/><G8/><T93/><D107/><U62/><E62/><V121/><F121/><W135/><G135/><T18/><REACH who="0" step="1"/><D106/><REACH who="0" ten="160,349,179,292" step="2"/><U110/><E50/><V17/><F124/><W26/><G115/><T36/><D36/><U21/><E95/><V126/><F126/><W113/><G113/><T28/><D28/><U91/><E31/><V119/><F119/><W97/><G131/><T60/><D60/><U52/><E29/><V83/><REACH who="2" step="1"/><F27/><REACH who="2" ten="160,349,169,292" step="2"/><W15/><G26/><T4/><D4/><U73/><E25/><V116/><F116/><W94/><G5/><T103/><AGARI ba="2,3" hai="18,22,24,69,71,79,81,84,92,93,98,99,102,103" machi="103" ten="20,12000,2" yaku="1,1,0,1,7,1,9,1,53,2" doraHai="133" doraHaiUra="66" who="0" fromWho="0" sc="160,156,349,-32,169,-62,292,-32" /><INIT seed="3,0,0,1,5,10" ten="316,317,107,260" oya="3" hai0="58,48,112,44,68,126,94,124,34,118,111,12,93" hai1="78,1,33,70,116,134,19,32,47,115,109,49,30" hai2="97,85,6,60,103,77,92,106,108,24,28,71,123" hai3="82,130,53,76,100,59,56,17,0,41,125,80,91"/><W114/><G114/><T63/><D111/><U69/><E115/><V129/><F108/><W2/><G130/><T79/><D118/><U21/><E109/><V87/><F129/><W86/><G125/><N who="0" m="48235" /><D34/><U62/><E134/><V64/><F123/><W81/><G41/><N who="0" m="24591" /><D112/><U74/><E116/><V98/><F77/><W35/><G100/><T22/><D68/><U27/><E33/><V89/><REACH who="2" step="1"/><F6/><REACH who="2" ten="316,317,97,260" step="2"/><W84/><G35/><AGARI ba="0,1" hai="24,28,35,60,64,71,85,87,89,92,97,98,103,106" machi="35" ten="30,12000,2" yaku="1,1,2,1,7,1,25,2,53,1" doraHai="10" doraHaiUra="90" who="2" fromWho="3" sc="316,0,317,0,97,130,260,-120" owari="316,11.6,317,41.7,227,-17.3,140,-36.0" /></mjloggm>