<mjloggm ver="2.3"><GO type="225" lobby="0"/><UN n0="%E5%B8%86%E7%AB%8B%E5%A4%8F%E8%A1%A3" n1="%E7%99%BD%E9%9B%AA%E4%B9%83%E6%84%9B" n2="%E5%8F%AF%E5%85%90%E9%82%A3%E7%94%B1%E5%A4%9A" n3="%E5%91%A8%E6%9D%B1" dan="17,16,16,17" rate="2215.89,2034.23,2076.15,2171.96" sx="M,F,F,M"/><TAIKYOKU oya="0"/><INIT seed="0,0,0,5,1,8" ten="250,250,250,250" oya="0" hai0="6,68,57,53,45,32,49,112,77,34,104,110,135" hai1="40,120,125,65,13,66,36,102,123,107,99,73,51" hai2="88,95,133,44,100,86,83,35,4,82,33,48,10" hai3="115,91,126,55,121,5,56,92,15,41,22,21,3"/><T14/><D104/><U18/><E36/><V7/><F133/><W69/><G115/><T87/><D68/><U103/><E73/><V118/><F118/><W93/><G69/><T1/><D112/><U90/><E125/><V114/><F114/><W27/><G126/><T67/><D135/><U19/><E102/><V2/><F4/><W116/><G116/><T59/><D1/><U52/><E40/><V71/><F71/><W60/><G3/><T28/><D110/><U0/><E0/><V101/><F101/><W132/><G132/><T38/><D28/><U24/><E90/><V25/><F25/><W76/><G76/><T63/><D38/><U62/><E19/><V61/><F61/><W98/><G121/><T111/><D111/><U74/><E74/><V105/><F105/><W124/><G124/><T81/><REACH who="0" step="1"/><D59/><REACH who="0" ten="240,250,250,250" step="2"/><U39/><E39/><V20/><F20/><W94/><G22/><T130/><D130/><U127/><E127/><V84/><F100/><W43/><G21/><T26/><D26/><U117/><E24/><V80/><REACH who="2" step="1"/><F86/><REACH who="2" ten="240,250,240,250" step="2"/><W46/><G27/><T30/><D30/><U42/><E117/><V23/><F23/><W47/><G98/><T78/><D78/><U37/><E99/><V97/><F97/><W29/><G29/><T11/><AGARI ba="0,2" hai="6,11,14,32,34,45,49,53,57,63,67,77,81,87" machi="11" ten="30,6000,0" yaku="1,1,0,1,52,1,53,0" doraHai="8" doraHaiUra="131" who="0" fromWho="0" sc="240,80,250,-20,240,-20,250,-20" /><INIT seed="0,1,0,3,0,86" ten="320,230,220,230" oya="0" hai0="68,127,63,36,34,84,110,120,3,11,129,7,59" hai1="81,67,79,65,135,17,53,115,45,19,123,134,132" hai2="28,48,33,70,121,133,16,97,15,83,96,24,105" hai3="40,75,25,101,114,90,91,71,57,39,124,42,113"/><T51/><D120/><U112/><E123/><V73/><F133/><W93/><G71/><T8/><D127/><U77/><E45/><V131/><F121/><W38/><G75/><T12/><D129/><U61/><E53/><V4/><F131/><W30/><G101/><T6/><D36/><U54/><E54/><V1/><F70/><W22/><G124/><T10/><D34/><U111/><E111/><V13/><F13/><W80/><G57/><T85/><D110/><U49/><E49/><V100/><F96/><W5/><G5/><T23/><D51/><U69/><E65/><V66/><F66/><W2/><G2/><T46/><D46/><U9/><E77/><V119/><F119/><W108/><G108/><T122/><D68/><U32/><E32/><V116/><F116/><W104/><G104/><T60/><D60/><U56/><E69/><V72/><F83/><W14/><G14/><T109/><D109/><U31/><E31/><V107/><F107/><W78/><G39/><T128/><D128/><U87/><REACH who="1" step="1"/><E9/><REACH who="1" ten="320,220,220,230" step="2"/><N who="2" m="2191" /><F48/><W125/><G125/><T76/><D122/><U41/><E41/><V47/><F47/><W102/><G42/><T88/><D10/><U18/><AGARI ba="1,1" hai="17,18,19,56,61,67,79,81,87,112,115,132,134,135" machi="18" ten="40,5200,0" yaku="1,1,0,1,20,1,53,0" doraHai="86" doraHaiUra="118" who="1" fromWho="1" sc="320,-27,220,65,220,-14,230,-14" /><INIT seed="1,0,0,1,5,57" ten="293,285,206,216" oya="1" hai0="40,133,89,48,101,6,82,29,68,10,122,7,80" hai1="108,45,73,18,53,64,60,4,93,46,11,81,87" hai2="54,76,131,55,86,79,135,99,58,5,25,74,123" hai3="100,91,32,104,90,72,24,44,35,130,115,85,83"/><U71/><E108/><V69/><F123/><W121/><G121/><T43/><D68/><U42/><E53/><V117/><F117/><W13/><G115/><T1/><D122/><U111/><E111/><V106/><F69/><W21/><G130/><T124/><D124/><U0/><E18/><V63/><F74/><W17/><G72/><T92/><D133/><U128/><E128/><V97/><F131/><W23/><G91/><T105/><D29/><U116/><E116/><V61/><F135/><W33/><G44/><T114/><D114/><U65/><E65/><V36/><F36/><W15/><REACH who="3" step="1"/><G21/><REACH who="3" ten="293,285,206,206" step="2"/><T39/><D89/><U9/><E46/><V66/><F79/><W20/><G20/><T34/><D43/><U47/><E42/><V19/><F76/><W59/><G59/><T16/><D40/><U110/><E110/><V77/><F77/><W26/><G26/><T112/><D112/><U27/><E27/><V132/><F25/><W50/><G50/><T119/><D48/><U78/><E45/><V125/><F58/><W88/><G88/><T38/><D38/><U94/><E47/><V120/><F120/><W3/><G3/><T127/><D39/><U31/><E73/><V109/><F109/><W14/><G14/><T51/><D1/><U96/><E0/><V41/><F41/><W22/><G22/><T95/><D51/><U49/><E49/><V30/><F132/><W12/><G12/><T52/><D119/><U107/><E78/><V113/><F113/><W103/><G103/><T129/><D101/><U84/><E71/><V102/><F102/><RYUUKYOKU ba="0,1" sc="293,-10,285,-10,206,-10,206,30" hai3="13,15,17,23,24,32,33,35,83,85,90,100,104" /><INIT seed="2,1,1,5,3,26" ten="283,275,196,236" oya="2" hai0="40,52,25,66,123,12,107,48,53,104,18,100,87" hai1="5,90,89,33,72,19,84,118,9,74,7,91,115" hai2="106,27,13,93,125,92,17,135,39,127,64,34,42" hai3="113,46,131,36,38,116,45,112,134,70,43,56,97"/><V21/><F106/><W114/><G116/><T101/><D123/><U1/><E118/><V109/><F135/><W79/><G79/><T85/><D107/><U20/><E115/><V47/><F64/><W121/><G97/><T3/><D3/><U120/><E120/><V51/><F39/><W11/><G121/><T73/><D73/><U8/><E33/><V68/><F68/><W99/><G99/><T59/><D25/><U50/><E84/><N who="0" m="32329" /><D40/><U94/><E94/><V80/><F80/><W24/><G134/><T44/><D66/><U132/><E50/><V124/><REACH who="2" step="1"/><F109/><REACH who="2" ten="283,275,186,236" step="2"/><W63/><G70/><T81/><D81/><U133/><E133/><V16/><F16/><W88/><G113/><T65/><D65/><U29/><E132/><V28/><AGARI ba="1,2" hai="13,17,21,27,28,34,42,47,51,92,93,124,125,127" machi="28" ten="40,12000,1" yaku="1,1,0,1,18,1,52,1,53,1" doraHai="26" doraHaiUra="10" who="2" fromWho="2" sc="283,-41,275,-41,186,143,236,-41" /><INIT seed="2,2,0,5,3,82" ten="242,234,329,195" oya="2" hai0="66,68,95,62,70,47,10,34,31,60,114,71,63" hai1="74,18,22,45,118,125,23,134,12,3,98,101,56" hai2="1,72,120,81,48,96,102,21,46,6,38,50,119" hai3="37,99,55,30,42,91,29,0,109,131,13,19,104"/><V15/><F119/><W75/><G0/><T20/><D34/><U113/><E118/><V116/><F116/><W5/><G5/><T67/><D10/><U88/><E113/><V117/><F117/><W8/><G75/><T76/><D76/><U132/><E3/><V9/><F120/><W53/><G131/><T123/><D123/><U135/><E74/><V40/><F21/><W115/><G115/><T32/><D32/><U39/><E125/><V105/><F15/><W64/><G109/><T128/><D128/><U61/><E23/><V124/><F124/><W107/><G64/><N who="0" m="24619" /><D95/><N who="1" m="56679" /><E101/><V78/><AGARI ba="2,0" hai="1,6,9,38,40,46,48,50,72,78,81,96,102,105" machi="78" ten="30,6000,0" yaku="0,1,25,2" doraHai="82" who="2" fromWho="2" sc="242,-22,234,-22,329,66,195,-22" /><INIT seed="2,3,0,3,2,38" ten="220,212,395,173" oya="2" hai0="124,130,32,88,119,102,45,75,64,41,20,84,47" hai1="24,54,128,33,106,35,94,92,86,40,90,12,114" hai2="68,10,122,22,9,19,77,31,69,99,61,42,80" hai3="76,30,81,134,127,72,108,1,21,18,8,79,43"/><V59/><F122/><W28/><G108/><T29/><D32/><U16/><E114/><V13/><F99/><W66/><G134/><T56/><D75/><U7/><E106/><V97/><F97/><W57/><G127/><T126/><D130/><U105/><E105/><V103/><F103/><W36/><G79/><T67/><D102/><U82/><E128/><V5/><F31/><W52/><G66/><T2/><D2/><U53/><E7/><V123/><F10/><W98/><G98/><T55/><D119/><U15/><E15/><V25/><F42/><W85/><G72/><T104/><D47/><U95/><E40/><V51/><F51/><W71/><G71/><T65/><D20/><U101/><E101/><V26/><F26/><W107/><G107/><T116/><D29/><U120/><E120/><V91/><F91/><W50/><G1/><T131/><D104/><U100/><E100/><V110/><F110/><W129/><G8/><T58/><D116/><U6/><E6/><V70/><F123/><W39/><G129/><T135/><D135/><U23/><E33/><V83/><REACH who="2" step="1"/><F77/><REACH who="2" ten="220,212,385,173" step="2"/><W37/><REACH who="3" step="1"/><G43/><REACH who="3" ten="220,212,385,163" step="2"/><T3/><D131/><U27/><E35/><V4/><F4/><W96/><G96/><T112/><D41/><U89/><E89/><V11/><F11/><W132/><G132/><T63/><D88/><U109/><E109/><V115/><F115/><W111/><G111/><T44/><D112/><U34/><E34/><V62/><F62/><W87/><G87/><T118/><D84/><U46/><E86/><V48/><F48/><W60/><G60/><RYUUKYOKU ba="3,2" sc="220,-15,212,-15,385,15,163,15" hai2="5,9,13,19,22,25,59,61,68,69,70,80,83" hai3="18,21,28,30,36,37,39,50,52,57,76,81,85" /><INIT seed="2,4,2,2,2,124" ten="205,197,400,178" oya="2" hai0="132,78,3,9,113,67,35,58,38,121,24,87,32" hai1="71,43,118,34,122,41,54,100,49,0,36,60,53" hai2="128,130,76,39,33,74,8,55,81,25,105,99,5" hai3="2,52,96,61,88,51,11,129,12,131,47,10,65"/><V45/><F55/><W127/><G127/><T125/><D38/><U69/><E0/><N who="2" m="39" /><F25/><W62/><G2/><T90/><D132/><U29/><E100/><N who="2" m="62623" /><F33/><W26/><G26/><T91/><D113/><U42/><E29/><V15/><F15/><W57/><G62/><T98/><D121/><U103/><E103/><V79/><F79/><W109/><G109/><T48/><D125/><U94/><E94/><V22/><F22/><W17/><REACH who="3" step="1"/><G11/><REACH who="3" ten="205,197,400,168" step="2"/><T101/><D24/><U73/><E34/><V30/><F30/><W104/><G104/><T66/><D35/><U83/><E122/><V31/><F31/><W23/><G23/><T70/><D32/><U28/><E28/><V80/><F80/><W123/><G123/><T120/><D120/><U72/><E83/><V50/><F50/><W92/><AGARI ba="4,3" hai="10,12,17,47,51,52,57,61,65,88,92,96,129,131" machi="92" ten="30,12000,2" yaku="1,1,0,1,52,2,54,2,53,1" doraHai="124" doraHaiUra="40" who="3" fromWho="3" sc="205,-34,197,-34,400,-64,168,162" /><INIT seed="3,0,0,4,5,89" ten="171,163,336,330" oya="3" hai0="100,114,28,134,17,24,127,98,27,8,91,51,130" hai1="108,43,126,116,59,15,10,128,49,40,77,135,113" hai2="9,7,47,93,109,55,14,1,39,11,61,36,35" hai3="83,99,110,69,121,2,97,42,90,64,60,88,68"/><W75/><G2/><T66/><D127/><U118/><E113/><V123/><F35/><W76/><G121/><T34/><D130/><U120/><E120/><V115/><F115/><W86/><G110/><T111/><D134/><U32/><E32/><V104/><F104/><W73/><G42/><T5/><D111/><U74/><E108/><V107/><F107/><W6/><G6/><T124/><D124/><U18/><E126/><V13/><F123/><W92/><G69/><T112/><D91/><U58/><E135/><V106/><F106/><W72/><REACH who="3" step="1"/><G90/><REACH who="3" ten="171,163,336,320" step="2"/><T125/><D125/><U45/><E128/><V102/><F109/><W48/><G48/><T103/><D51/><U96/><E40/><V101/><F1/><W117/><G117/><N who="1" m="45162" /><E96/><AGARI ba="0,1" hai="60,64,68,72,73,75,76,83,86,88,92,96,97,99" machi="96" ten="40,7700,0" yaku="1,1,52,1,54,1,53,0" doraHai="89" doraHaiUra="22" who="3" fromWho="1" sc="171,0,163,-77,336,0,320,87" owari="171,-22.9,86,-41.4,336,13.6,407,50.7" /></mjloggm>