<mjloggm ver="2.3"><GO type="225" lobby="0"/><UN n0="%E3%82%A2%E3%83%B3%E3%83%93%E3%83%90%E3%83%AC%E3%83%B3%E3%83%88" n1="%E9%A6%AC%E5%BC%95%E7%81%AB%33" n2="%78%52%65" n3="%E3%81%90%E3%81%A1%E3%82%84%E3%81%BE" dan="16,16,17,16" rate="2084.37,2152.76,2172.43,2131.61" sx="F,M,M,M"/><TAIKYOKU oya="0"/><INIT seed="0,0,0,5,3,36" ten="250,250,250,250" oya="0" hai0="23,104,33,77,0,55,88,85,35,79,135,28,109" hai1="118,80,53,101,45,50,26,60,38,9,10,114,41" hai2="51,56,86,34,13,6,48,25,40,52,17,61,99" hai3="3,58,108,90,73,116,112,67,111,59,19,63,105"/><T30/><BYE who="1" /><D104/><UN n1="%E9%A6%AC%E5%BC%95%E7%81%AB%33" /><U95/><E118/><V132/><F132/><W1/><G116/><T91/><D0/><U57/><E114/><V84/><F6/><W7/><G112/><T93/><D135/><U18/><E80/><V74/><F74/><W103/><G73/><T83/><D109/><N who="3" m="42057" /><G90/><T110/><D110/><U131/><E131/><V125/><F125/><W133/><G133/><T46/><D35/><U76/><E76/><V14/><F34/><W115/><G115/><T97/><D33/><U117/><E117/><V107/><F107/><W123/><G123/><T120/><D120/><U5/><E5/><V78/><F99/><N who="3" m="61695" /><G7/><T24/><D30/><U20/><REACH who="1" step="1"/><E38/><REACH who="1" ten="250,240,250,250" step="2"/><V62/><F78/><W102/><G102/><T87/><D97/><AGARI ba="0,1" hai="9,10,18,20,26,41,45,50,53,57,60,95,97,101" machi="97" ten="40,8000,1" yaku="1,1,2,1,8,1,52,1,53,1" doraHai="36" doraHaiUra="47" who="1" fromWho="0" sc="250,-80,240,90,250,0,250,0" /><INIT seed="1,0,0,5,5,134" ten="170,330,250,250" oya="1" hai0="116,19,127,47,118,15,84,100,48,57,124,77,55" hai1="94,60,92,1,33,49,36,129,128,17,70,108,68" hai2="125,59,27,43,106,86,2,51,96,37,18,34,102" hai3="63,122,72,109,112,114,90,74,99,45,29,115,132"/><U26/><E36/><V58/><F2/><W135/><G29/><T111/><D100/><U80/><E1/><V10/><F10/><W46/><G122/><T35/><D35/><U28/><E80/><V101/><F101/><W62/><G109/><T64/><D111/><U38/><E38/><V79/><F37/><W104/><G90/><T31/><D31/><U120/><E120/><V75/><F75/><N who="3" m="28715" /><G99/><T3/><D3/><U73/><E73/><V11/><F11/><W52/><G104/><T78/><D64/><N who="1" m="40967" /><E70/><V40/><F79/><W22/><G22/><T6/><D6/><U24/><E49/><V5/><F86/><W0/><G0/><T93/><D57/><U39/><E39/><V133/><F5/><W16/><G16/><T7/><D7/><U85/><E85/><V98/><F18/><W91/><G91/><N who="0" m="53479" /><D78/><U67/><E67/><V21/><F34/><W12/><G115/><T113/><D77/><U50/><E50/><V8/><F51/><W76/><G76/><T97/><D97/><N who="2" m="37482" /><F8/><W71/><G114/><T130/><D113/><U121/><E121/><V131/><F106/><W82/><G112/><T32/><D32/><U44/><E108/><V69/><F102/><W117/><G132/><T89/><D89/><U4/><E4/><V65/><F133/><W81/><G135/><T126/><D130/><U103/><E103/><V23/><F131/><W88/><G88/><T56/><D56/><N who="2" m="21546" /><F65/><W30/><G71/><T110/><D110/><U9/><E28/><N who="2" m="17519" /><F69/><W13/><G30/><T53/><D53/><U87/><E33/><V105/><F105/><RYUUKYOKU ba="0,0" sc="170,30,330,-10,250,-10,250,-10" hai0="15,19,47,48,55,116,118,124,126,127" /><INIT seed="2,1,0,3,3,90" ten="200,320,240,240" oya="2" hai0="106,34,14,81,93,11,32,102,56,5,107,44,3" hai1="89,76,40,57,78,135,65,16,9,54,13,61,49" hai2="117,95,19,74,21,127,82,50,55,2,88,84,18" hai3="100,112,108,68,51,130,103,58,86,101,31,75,69"/><V66/><F2/><W4/><G112/><T79/><D3/><U113/><E113/><V8/><F117/><W87/><G75/><T28/><D56/><N who="1" m="37031" /><E135/><V109/><F127/><W128/><G108/><T42/><D107/><U15/><E40/><V70/><F70/><N who="3" m="27243" /><G4/><T46/><D106/><U97/><E15/><N who="2" m="7527" /><F66/><W119/><G119/><T129/><D28/><U25/><E25/><N who="2" m="14527" /><F74/><W48/><G31/><T10/><D10/><U122/><E122/><V59/><F109/><W124/><G124/><T63/><D63/><U131/><E131/><N who="3" m="50218" /><G58/><T94/><D129/><U62/><E62/><V33/><F33/><W17/><G17/><T1/><D1/><U116/><E116/><V126/><F126/><W105/><G105/><T24/><D46/><U23/><E9/><V64/><F64/><W133/><G133/><T110/><D110/><U26/><E26/><V20/><F20/><W111/><G111/><T104/><D104/><U85/><E97/><V71/><F71/><W67/><G67/><T52/><D52/><U0/><E0/><V98/><F98/><W99/><G99/><T29/><D102/><U12/><E12/><V72/><F72/><W22/><G22/><T123/><D34/><U91/><E85/><AGARI ba="1,0" hai="48,51,85,86,87,100,101,103" m="50218,27243" machi="85" ten="40,5200,0" yaku="28,2,19,1" doraHai="90" who="3" fromWho="1" sc="200,0,320,-55,240,0,240,55" /><INIT seed="3,0,0,2,2,65" ten="200,265,240,295" oya="3" hai0="25,51,116,128,38,42,35,102,87,5,34,22,39" hai1="41,113,86,97,59,7,73,67,27,88,36,123,110" hai2="81,20,9,115,28,1,2,56,107,103,55,63,125" hai3="61,60,53,114,121,0,45,16,120,92,11,46,17"/><W19/><G114/><T62/><D116/><U40/><E113/><V31/><F115/><W78/><G78/><T72/><D72/><U21/><E73/><V15/><F1/><W98/><G0/><T6/><D128/><U48/><E123/><V133/><F2/><W14/><G121/><T85/><D102/><U47/><E110/><V77/><F107/><W131/><G131/><T135/><D62/><N who="3" m="24169" /><G120/><T132/><D51/><U129/><E67/><V74/><F103/><N who="3" m="60871" /><G53/><T95/><D95/><U64/><E64/><V43/><F43/><W75/><G75/><T82/><D22/><U104/><E7/><AGARI ba="0,0" hai="7,11,14,16,17,19,45,46" m="60871,24169" machi="7" ten="30,2900,0" yaku="8,1,54,1" doraHai="65" who="3" fromWho="1" sc="200,0,265,-29,240,0,295,29" owari="200,-30.0,236,-16.4,240,4.0,324,42.4" /></mjloggm>