<mjloggm ver="2.3"><GO type="225" lobby="0"/><UN n0="%E3%83%B4%E3%82%A3%E3%83%AF%E3%82%B3%E3%82%B0%E3%83%8B" n1="%E3%81%A4%E3%81%A3%E3%81%B1%E3%82%8A%E3%83%9D%E3%83%BC%E3%83%AB" n2="%E6%81%A5%E6%99%92%E3%81%97" n3="%E6%98%93%E5%88%A9%E8%96%A9%E4%BC%AF" dan="17,17,17,17" rate="2208.05,2189.41,2104.38,2115.86" sx="M,M,M,F"/><TAIKYOKU oya="0"/><INIT seed="0,0,0,2,1,132" ten="250,250,250,250" oya="0" hai0="62,129,96,133,39,123,23,128,104,26,55,74,6" hai1="98,21,114,134,135,86,15,76,16,32,102,51,70" hai2="84,59,80,88,25,130,28,87,0,103,54,110,22" hai3="11,53,111,107,8,117,48,36,127,41,30,90,97"/><T56/><D133/><N who="1" m="50699" /><E114/><V69/><F69/><W105/><G117/><T119/><D119/><U1/><E70/><V109/><F0/><W112/><G111/><N who="2" m="42505" /><F130/><W7/><G112/><T99/><D123/><U10/><E32/><V33/><F103/><W46/><G30/><T31/><D74/><U9/><E1/><V43/><F43/><W2/><G11/><N who="1" m="4106" /><E51/><N who="2" m="31199" /><F87/><W5/><G5/><T92/><D6/><U78/><E86/><V42/><F42/><W13/><G2/><T122/><D122/><U12/><E12/><V120/><F120/><W63/><G63/><T95/><D104/><AGARI ba="0,0" hai="15,16,21,76,78,98,102,104" m="4106,50699" machi="104" ten="30,2000,0" yaku="20,1,54,1" doraHai="132" who="1" fromWho="0" sc="250,-20,250,20,250,0,250,0" /><INIT seed="1,0,0,0,1,50" ten="230,270,250,250" oya="1" hai0="52,12,114,125,11,85,37,36,116,96,73,61,22" hai1="100,92,87,102,26,109,39,0,108,88,33,38,94" hai2="89,7,106,107,131,27,41,72,84,2,80,133,78" hai3="14,77,65,93,75,62,90,97,101,10,8,134,105"/><U60/><E0/><V76/><F76/><W44/><G134/><T103/><D114/><U15/><E15/><V5/><F133/><W67/><G44/><T135/><D116/><U4/><E4/><V23/><F131/><W47/><G47/><T115/><D115/><U123/><E123/><V70/><F70/><W46/><G46/><T57/><D73/><U18/><E60/><V40/><F106/><W48/><G48/><T25/><D85/><U34/><E18/><V82/><F107/><W98/><G14/><T54/><D125/><U74/><E74/><V42/><REACH who="2" step="1"/><F2/><REACH who="2" ten="230,270,240,250" step="2"/><W112/><G112/><T56/><D135/><U86/><E26/><V68/><F68/><W29/><G77/><T59/><D36/><U122/><E122/><V32/><F32/><W21/><G75/><T95/><D37/><U126/><E126/><V3/><F3/><W117/><G117/><T110/><D110/><U127/><E127/><V53/><F53/><W28/><G67/><T19/><REACH who="0" step="1"/><D54/><REACH who="0" ten="220,270,240,250" step="2"/><U104/><E104/><V16/><AGARI ba="0,2" hai="5,7,16,23,27,40,41,42,72,78,80,82,84,89" machi="16" ten="30,4000,0" yaku="1,1,0,1,54,1,53,0" doraHai="50" doraHaiUra="129" who="2" fromWho="2" sc="220,-10,270,-20,240,60,250,-10" /><INIT seed="2,0,0,1,1,97" ten="210,250,300,240" oya="2" hai0="37,120,110,124,43,79,102,66,44,106,116,119,92" hai1="78,83,0,125,108,57,74,60,36,76,69,27,14" hai2="33,103,65,77,105,82,72,38,45,111,17,52,93" hai3="73,23,135,12,21,67,11,86,130,2,41,84,113"/><V61/><F33/><W87/><G2/><T75/><D120/><U85/><E0/><V15/><F105/><W68/><G73/><T54/><D124/><U24/><E125/><V80/><F111/><W122/><G122/><T95/><D110/><U98/><E108/><V107/><F107/><W35/><G35/><T30/><D66/><U71/><E36/><V89/><F38/><W25/><G130/><T100/><D30/><U47/><E47/><V94/><F65/><W131/><G131/><T88/><D106/><U39/><E39/><V50/><F61/><W9/><G135/><T10/><D54/><U118/><E118/><N who="0" m="45097" /><D10/><U114/><E114/><V32/><F32/><W59/><G68/><T26/><D26/><U101/><E27/><V123/><F123/><W56/><G41/><T81/><D92/><U1/><E24/><V48/><F94/><W63/><G113/><T96/><AGARI ba="0,0" hai="37,43,44,75,79,81,88,95,96,100,102" m="45097" machi="96" ten="30,7900,0" yaku="12,1,52,2,54,1" doraHai="97" who="0" fromWho="0" sc="210,79,250,-20,300,-39,240,-20" /><INIT seed="3,0,0,4,4,116" ten="289,230,261,220" oya="3" hai0="84,4,39,27,81,117,14,58,96,124,33,75,90" hai1="29,40,99,41,125,123,24,56,61,79,6,50,105" hai2="15,18,54,112,95,132,7,107,129,26,55,3,68" hai3="100,35,85,57,36,134,38,5,0,122,16,2,93"/><W64/><G35/><T130/><D117/><U43/><E123/><V12/><F112/><W32/><G32/><T1/><D39/><U8/><E125/><V92/><F107/><W37/><G134/><T98/><D75/><U113/><E113/><V25/><F132/><W21/><G122/><T11/><D124/><U94/><E79/><V121/><F68/><W72/><G72/><T62/><D130/><U120/><E105/><V42/><F121/><W10/><G2/><T106/><D106/><U126/><E126/><V47/><F3/><W51/><G100/><T53/><REACH who="0" step="1"/><D1/><REACH who="0" ten="279,230,261,220" step="2"/><U22/><E120/><V101/><F129/><W45/><G64/><T67/><D67/><U86/><E43/><V9/><F42/><W34/><G34/><T108/><D108/><U66/><E41/><V133/><F133/><W78/><G45/><T114/><D114/><U104/><E40/><V70/><F47/><W46/><G46/><T97/><D97/><U48/><E104/><V71/><F55/><W59/><G51/><T87/><D87/><U135/><E86/><V30/><F54/><W115/><G115/><T13/><D13/><N who="1" m="5271" /><E135/><V31/><F12/><W74/><G74/><T83/><D83/><U131/><E131/><V44/><F44/><W65/><G65/><T17/><D17/><U19/><E19/><V91/><F18/><W111/><G111/><T88/><D88/><AGARI ba="0,1" hai="22,24,29,48,50,56,61,66,88,94,99" m="5271" machi="88" ten="30,2000,0" yaku="8,1,54,1" doraHai="116" who="1" fromWho="0" sc="279,-20,230,30,261,0,220,0" /><INIT seed="4,0,0,4,2,72" ten="259,260,261,220" oya="0" hai0="134,65,84,8,81,117,102,33,34,6,67,39,66" hai1="31,101,58,127,93,96,21,89,123,129,50,91,0" hai2="17,55,57,114,119,27,9,41,94,30,85,112,29" hai3="77,10,121,73,69,106,109,90,43,36,18,115,125"/><T120/><D117/><U11/><E123/><V128/><F128/><W64/><G109/><T113/><D120/><U44/><E129/><V5/><F119/><W16/><G121/><T71/><D71/><U54/><E127/><V80/><F41/><W75/><G106/><T24/><D113/><U70/><E70/><V98/><F17/><W59/><G69/><T103/><D39/><U62/><E0/><V68/><F68/><W108/><G125/><T60/><D60/><U20/><E11/><V79/><F27/><W135/><G115/><T48/><D48/><U111/><E111/><V124/><F124/><W14/><G108/><T42/><D42/><U37/><E37/><V35/><F35/><W126/><G126/><T52/><D52/><N who="1" m="29767" /><E31/><V104/><F104/><W12/><G135/><T63/><D63/><U110/><E110/><V25/><F25/><W45/><G90/><AGARI ba="0,0" hai="20,21,54,58,62,89,90,91,93,96,101" m="29767" machi="90" ten="30,2000,0" yaku="8,1,54,1" doraHai="72" who="1" fromWho="3" sc="259,0,260,20,261,0,220,-20" /><INIT seed="5,0,0,3,2,47" ten="259,280,261,200" oya="1" hai0="110,102,14,78,51,38,37,118,133,46,134,114,53" hai1="111,43,129,1,89,40,132,58,117,69,64,17,135" hai2="113,68,23,11,36,119,28,107,56,81,87,30,15" hai3="70,103,13,21,126,27,106,80,116,44,131,86,95"/><U31/><E117/><V101/><F119/><W98/><G116/><T61/><D110/><U48/><E1/><V63/><F36/><W54/><G131/><T33/><D33/><U79/><E79/><V75/><F75/><W105/><G126/><T128/><D118/><U62/><E31/><V71/><F113/><W9/><G70/><T50/><D114/><U67/><E111/><V8/><F101/><W127/><G127/><T66/><D78/><U76/><E76/><V84/><F107/><W12/><G106/><T96/><D14/><U123/><E123/><V35/><F35/><W115/><G105/><T65/><D96/><U93/><E17/><V32/><F32/><W91/><G115/><T3/><D102/><U90/><E90/><V74/><F74/><W88/><G103/><T94/><D94/><U45/><E43/><V121/><F121/><W24/><G21/><T109/><D3/><U77/><E77/><V52/><F23/><W130/><G130/><T4/><D4/><U16/><E16/><N who="2" m="8295" /><F11/><W104/><G104/><T85/><D109/><U2/><E2/><V29/><F81/><W59/><G44/><N who="0" m="27847" /><D128/><U72/><E72/><V0/><F0/><W39/><G39/><N who="0" m="14859" /><D85/><U42/><E129/><V57/><F57/><W82/><G82/><T112/><D112/><U108/><E108/><V99/><F99/><W41/><G41/><N who="0" m="25039" /><D66/><U19/><E40/><V7/><F7/><N who="3" m="3135" /><G13/><T6/><D6/><U26/><E93/><V100/><F100/><W124/><G124/><T10/><D10/><U34/><E34/><V55/><F55/><W92/><G92/><RYUUKYOKU ba="0,0" sc="259,10,280,-30,261,10,200,10" hai0="61,65,133,134" hai2="28,29,30,52,56,63,68,71,84,87" hai3="24,27,54,59,80,86,88,91,95,98" /><INIT seed="6,1,0,3,2,77" ten="269,250,271,210" oya="2" hai0="34,71,69,13,12,40,116,120,46,58,54,10,123" hai1="39,70,98,14,31,124,94,104,45,121,7,72,42" hai2="36,3,25,113,65,130,127,61,131,101,129,43,28" hai3="48,44,9,63,49,103,88,81,106,75,32,79,107"/><V109/><F109/><W73/><G32/><T108/><D108/><U4/><E72/><V117/><F117/><W118/><G118/><T62/><D34/><U57/><E70/><N who="2" m="42287" /><F113/><W52/><G73/><T23/><D116/><U15/><E104/><V20/><F127/><W76/><G76/><T132/><D132/><U2/><E124/><V38/><F43/><W96/><G63/><T27/><D69/><U84/><E31/><V8/><F101/><W122/><G122/><T16/><D12/><U29/><E29/><V21/><F21/><W33/><G33/><T1/><D1/><U105/><E121/><V56/><F56/><W99/><G48/><T115/><D71/><U125/><E125/><V135/><F135/><W53/><G9/><T55/><D55/><U68/><E68/><V18/><F18/><W133/><G133/><T66/><D66/><U83/><E57/><V35/><F20/><W78/><G78/><T95/><D95/><U59/><E59/><V6/><AGARI ba="1,0" hai="3,6,8,25,28,35,36,38,129,130,131" m="42287" machi="6" ten="40,3900,0" yaku="19,1,23,1" doraHai="77" who="2" fromWho="2" sc="269,-14,250,-14,271,42,210,-14" owari="255,5.5,236,-16.4,313,41.3,196,-30.4" /></mjloggm>