<mjloggm ver="2.3"><GO type="225" lobby="0"/><UN n0="%E3%82%A2%E3%83%9E%E3%83%9D%EF%BD%9E%EF%BD%9E%E3%83%A9" n1="%E3%81%A4%E3%81%A3%E3%81%B1%E3%82%8A%E3%83%9D%E3%83%BC%E3%83%AB" n2="%E6%81%A5%E6%99%92%E3%81%97" n3="%E6%A1%9C%E8%8A%B1%E9%96%83%E3%80%85" dan="17,17,16,16" rate="2070.46,2180.20,2091.97,2157.28" sx="M,M,M,M"/><TAIKYOKU oya="0"/><INIT seed="0,0,0,0,3,3" ten="250,250,250,250" oya="0" hai0="90,67,65,48,83,121,104,37,56,91,53,41,88" hai1="52,19,86,60,92,129,123,27,16,34,25,45,26" hai2="73,81,35,29,78,20,89,17,115,21,93,118,10" hai3="68,135,109,12,124,36,11,128,130,42,84,77,63"/><T69/><D121/><U87/><E123/><V33/><F115/><W111/><G77/><T7/><D104/><U85/><E34/><V132/><F118/><W64/><G84/><T58/><D69/><U9/><E129/><N who="3" m="49770" /><G135/><T112/><D112/><U14/><E92/><V100/><F100/><W47/><G124/><T57/><D83/><U39/><E39/><V116/><F132/><W2/><G2/><T59/><REACH who="0" step="1"/><D7/><AGARI ba="0,0" hai="7,11,12,36,42,47,63,64,68,109,111" m="49770" machi="7" ten="30,2000,0" yaku="19,1,52,1" doraHai="3" who="3" fromWho="0" sc="250,-20,250,0,250,0,250,20" /><INIT seed="1,0,0,5,3,108" ten="230,250,250,270" oya="1" hai0="32,83,27,68,29,113,17,46,48,128,72,12,129" hai1="101,6,13,3,23,131,62,34,69,114,93,30,63" hai2="95,74,61,119,51,115,35,44,85,92,116,126,50" hai3="42,88,39,1,80,59,0,53,98,15,70,4,66"/><U2/><E69/><V105/><F74/><W134/><G134/><T84/><D72/><U82/><E82/><V100/><F105/><W124/><G124/><T77/><D68/><U103/><E34/><V73/><F73/><W109/><G109/><T11/><REACH who="0" step="1"/><D113/><REACH who="0" ten="220,250,250,270" step="2"/><U106/><E114/><V5/><F116/><W43/><G70/><T65/><D65/><U75/><E75/><V52/><F119/><W112/><G66/><T56/><D56/><U118/><E118/><V47/><F115/><W8/><G112/><T60/><D60/><U86/><E63/><V67/><F61/><W37/><G37/><T71/><D71/><U38/><E62/><V120/><F67/><W36/><G36/><T45/><D45/><U99/><E38/><V41/><F47/><W14/><G39/><T127/><D127/><U55/><E131/><V24/><F126/><W104/><G59/><T87/><D87/><U111/><E86/><V97/><F85/><W102/><G42/><AGARI ba="0,1" hai="11,12,17,27,29,32,42,46,48,77,83,84,128,129" machi="42" ten="40,1300,0" yaku="1,1,53,0" doraHai="108" doraHaiUra="57" who="0" fromWho="3" sc="220,23,250,0,250,0,270,-13" /><INIT seed="2,0,0,3,3,36" ten="243,250,250,257" oya="2" hai0="106,20,132,81,88,102,87,129,28,42,35,124,26" hai1="86,92,1,100,9,29,75,121,41,40,133,105,10" hai2="127,95,27,103,91,16,94,116,43,52,19,31,70" hai3="96,112,58,15,101,135,39,120,47,44,5,37,11"/><V14/><F116/><W89/><G120/><T128/><D124/><U97/><E75/><V126/><F70/><W45/><G135/><T55/><D132/><U113/><E113/><V63/><F103/><W130/><G112/><T46/><D55/><U71/><E71/><V34/><F43/><N who="1" m="16457" /><E1/><V118/><F118/><W12/><G130/><N who="0" m="50283" /><D102/><U90/><E105/><V32/><F32/><W117/><G117/><T111/><D111/><U48/><E133/><V2/><F2/><W82/><G58/><T104/><D35/><U134/><E134/><V77/><F77/><W62/><G62/><T50/><AGARI ba="0,0" hai="20,26,28,42,46,50,81,87,88,104,106" m="50283" machi="50" ten="30,4000,0" yaku="19,1,52,1,54,1" doraHai="36" who="0" fromWho="0" sc="243,40,250,-10,250,-20,257,-10" /><INIT seed="3,0,0,5,2,54" ten="283,240,230,247" oya="3" hai0="83,16,78,127,125,25,66,57,67,89,100,44,79" hai1="103,131,14,126,106,82,27,124,39,70,47,17,122" hai2="97,94,71,68,13,87,95,65,99,49,32,9,111" hai3="56,12,128,53,64,134,10,55,29,101,26,102,129"/><W93/><G134/><T92/><D100/><N who="3" m="38505" /><G93/><T84/><D44/><U76/><E122/><V30/><F111/><W33/><G64/><T52/><D127/><N who="1" m="48683" /><E131/><N who="3" m="50250" /><G56/><T11/><D125/><U15/><E70/><V0/><F71/><W41/><G41/><T80/><D80/><U112/><E112/><V38/><F68/><W74/><G74/><T43/><D43/><N who="1" m="23039" /><E103/><V18/><F97/><W133/><G133/><T91/><D67/><U7/><E106/><V28/><F99/><W72/><G72/><T116/><D66/><U51/><E51/><V45/><F65/><W73/><G73/><T69/><D69/><U96/><E96/><V35/><F38/><W135/><G135/><T24/><D116/><U105/><E105/><V46/><F95/><W77/><G77/><T63/><D79/><U8/><E76/><V110/><F49/><W62/><G62/><T58/><D58/><U123/><E82/><V61/><F61/><W60/><G60/><T115/><D115/><U113/><E113/><V130/><F130/><W81/><G81/><T20/><D78/><U22/><E123/><V85/><F46/><W118/><G118/><T50/><D63/><U114/><E114/><V117/><F45/><W48/><G48/><T37/><D37/><U109/><E109/><V6/><F117/><W21/><G33/><N who="2" m="12873" /><F110/><W2/><G2/><AGARI ba="0,0" hai="2,7,8,14,15,17,22,27" m="23039,48683" machi="2" ten="30,1000,0" yaku="18,1" doraHai="54" who="1" fromWho="3" sc="283,0,240,10,230,0,247,-10" /><INIT seed="4,0,0,0,5,124" ten="283,250,230,237" oya="0" hai0="62,117,121,16,20,132,94,74,122,109,46,133,66" hai1="91,85,9,129,13,128,5,42,116,88,130,48,19" hai2="23,104,106,72,10,134,51,93,60,63,8,78,90" hai3="24,115,77,89,101,61,123,82,0,33,110,54,34"/><T107/><D107/><U65/><E116/><V2/><F134/><N who="0" m="51818" /><D109/><U27/><E65/><V92/><F51/><W80/><G54/><T32/><D32/><U37/><E37/><V40/><F40/><W76/><G61/><N who="2" m="23625" /><F23/><W64/><G89/><N who="1" m="34378" /><E85/><V53/><F90/><W55/><G24/><N who="0" m="14343" /><D117/><U36/><E36/><V83/><F53/><W86/><G55/><T103/><D74/><U71/><E71/><V22/><F22/><W102/><G110/><T97/><D46/><N who="1" m="25687" /><E27/><V81/><F72/><W120/><G0/><T56/><AGARI ba="0,0" hai="56,62,66,94,97,103,121,122" m="14343,51818" machi="56" ten="30,3000,0" yaku="20,1,54,1" doraHai="124" who="0" fromWho="0" sc="283,30,250,-10,230,-10,237,-10" owari="313,41.3,240,4.0,220,-28.0,227,-17.3" /></mjloggm>