<mjloggm ver="2.3"><GO type="225" lobby="0"/><UN n0="%E3%81%BD%E3%81%A1%E3%81%9F%E3%81%93%E3%82%84" n1="%6C%65%74%69%74%62%65" n2="%E5%91%A8%E6%9D%B1" n3="%E5%A4%8F%E9%88%B4%E9%88%B4%E5%A4%8F" dan="17,16,17,16" rate="2208.02,2106.81,2229.93,2095.81" sx="M,M,M,F"/><TAIKYOKU oya="0"/><INIT seed="0,0,0,2,1,76" ten="250,250,250,250" oya="0" hai0="48,46,64,79,65,129,62,59,23,94,123,78,43" hai1="75,133,37,17,13,120,63,19,99,5,115,55,38" hai2="134,88,103,105,71,130,32,110,121,102,61,11,101" hai3="95,128,22,33,9,70,27,52,57,68,16,51,10"/><T54/><D123/><U93/><E120/><V127/><F121/><W35/><G128/><T31/><D129/><U82/><E133/><V26/><F130/><W73/><G73/><T41/><D65/><U85/><E75/><V15/><F134/><W36/><G36/><T53/><D43/><U122/><E122/><V21/><F32/><W58/><G58/><T91/><D31/><U1/><E1/><V18/><F127/><W3/><G9/><T60/><D23/><U96/><E37/><V89/><F105/><W117/><G117/><T44/><D44/><U67/><E38/><V47/><F110/><W119/><G119/><T106/><D106/><U72/><E72/><V6/><REACH who="2" step="1"/><F47/><REACH who="2" ten="250,250,240,250" step="2"/><W107/><G107/><T12/><D12/><U40/><E13/><V114/><F114/><W25/><G33/><T74/><D74/><U87/><E115/><V81/><F81/><W131/><G131/><T125/><D125/><U90/><E82/><V8/><F8/><W34/><G35/><T39/><D39/><U135/><E135/><V83/><F83/><W86/><G34/><T2/><D2/><U28/><E40/><V118/><F118/><W4/><REACH who="3" step="1"/><G27/><REACH who="3" ten="250,250,240,240" step="2"/><T111/><D111/><U24/><E24/><V100/><N who="2" m="25600" /><DORA hai="69" /><V109/><F109/><W45/><G45/><T116/><D116/><U124/><E124/><V108/><F108/><W132/><G132/><T92/><D41/><U112/><E112/><V84/><F84/><W30/><G30/><T66/><D46/><U49/><E28/><V104/><F104/><W14/><G14/><T98/><D98/><RYUUKYOKU ba="0,2" sc="250,-15,250,-15,240,15,240,15" hai2="6,11,15,18,21,26,61,71,88,89" hai3="3,4,10,16,22,25,51,52,57,68,70,86,95" /><INIT seed="1,1,2,5,0,24" ten="235,235,255,255" oya="1" hai0="100,55,51,43,2,54,53,110,72,67,65,105,104" hai1="61,69,27,9,93,42,80,50,71,41,40,95,32" hai2="75,96,111,135,84,5,12,8,20,76,77,28,78" hai3="19,36,88,46,23,86,134,68,30,39,132,21,108"/><U10/><E80/><V130/><F135/><N who="3" m="51755" /><G68/><T47/><D110/><U57/><E69/><V90/><F111/><W44/><G108/><T129/><D129/><U14/><E71/><V117/><F130/><W126/><G126/><T122/><D72/><U1/><E1/><V87/><F117/><W113/><G113/><T4/><D122/><U29/><E50/><V52/><F75/><W74/><G74/><T34/><D34/><U62/><E62/><V13/><F52/><W123/><G123/><T48/><D48/><U101/><E101/><V26/><REACH who="2" step="1"/><F13/><REACH who="2" ten="235,235,245,255" step="2"/><N who="3" m="9455" /><G46/><T45/><D45/><U11/><REACH who="1" step="1"/><E14/><REACH who="1" ten="235,225,245,255" step="2"/><V107/><F107/><W116/><G116/><T121/><D121/><U83/><E83/><V7/><F7/><W109/><G109/><T115/><D4/><U33/><E33/><V124/><F124/><W81/><G44/><T91/><D47/><U120/><E120/><V66/><F66/><AGARI ba="1,4" hai="9,10,11,27,29,32,40,41,42,57,61,66,93,95" machi="66" ten="40,3900,0" yaku="1,1,52,1,53,0" doraHai="24" doraHaiUra="85" who="1" fromWho="2" sc="235,0,225,82,245,-42,255,0" /><INIT seed="1,2,0,5,1,24" ten="235,307,203,255" oya="1" hai0="54,45,15,112,2,50,68,38,102,3,55,66,75" hai1="116,81,52,89,77,110,23,58,64,46,73,97,59" hai2="18,36,93,91,57,88,22,6,4,0,72,56,122" hai3="128,28,11,134,31,125,27,42,7,117,62,131,82"/><U19/><E116/><V14/><F122/><W114/><G114/><T132/><D112/><U78/><E110/><V40/><F72/><W74/><G117/><T106/><D132/><U1/><E1/><V101/><F36/><W34/><G134/><T47/><D75/><U115/><E115/><V70/><F40/><W41/><G125/><T94/><D106/><U123/><E123/><V90/><F70/><W35/><G62/><T104/><D104/><U127/><E127/><V65/><F0/><N who="3" m="487" /><G82/><T13/><D68/><U37/><E64/><V33/><F33/><N who="3" m="12299" /><G74/><T32/><D32/><U103/><E89/><V85/><F85/><W44/><G27/><T9/><D66/><U109/><E109/><V49/><F57/><W26/><G26/><T76/><D76/><U10/><E77/><V63/><REACH who="2" step="1"/><F49/><REACH who="2" ten="235,307,193,255" step="2"/><N who="3" m="26767" /><G42/><T135/><D135/><U84/><E37/><V86/><F86/><W83/><G83/><T69/><D69/><U71/><E71/><V133/><F133/><W30/><G30/><T16/><D38/><U79/><E73/><V61/><F61/><W39/><G39/><T80/><D2/><U98/><E58/><V100/><F100/><W126/><G126/><T95/><D3/><U87/><E59/><V21/><F21/><W43/><G43/><T60/><D60/><U48/><E23/><V118/><F118/><W119/><G119/><T121/><D102/><U29/><E103/><V130/><F130/><N who="3" m="49707" /><G28/><T108/><D121/><U53/><E29/><V96/><AGARI ba="2,1" hai="4,6,14,18,22,56,63,65,88,90,91,93,96,101" machi="96" ten="30,7900,0" yaku="1,1,0,1,8,1,54,1,53,0" doraHai="24" doraHaiUra="20" who="2" fromWho="2" sc="235,-22,307,-41,193,95,255,-22" /><INIT seed="2,0,0,1,1,8" ten="213,266,288,233" oya="2" hai0="89,64,42,119,15,86,62,0,46,7,84,25,95" hai1="61,132,48,122,101,134,82,116,108,115,113,91,123" hai2="93,6,31,30,35,59,3,99,16,41,39,26,76" hai3="69,114,11,78,49,120,2,135,34,98,4,71,19"/><V27/><F76/><W77/><G120/><N who="1" m="46122" /><E61/><V81/><F81/><W44/><G135/><N who="1" m="51754" /><E48/><V55/><F6/><W14/><G34/><T20/><D119/><U73/><E116/><V118/><F3/><W105/><G114/><N who="1" m="43530" /><E108/><V133/><F118/><W36/><G36/><T104/><D0/><U127/><E127/><V94/><F133/><W51/><G71/><T5/><D104/><U100/><E91/><V117/><F117/><W12/><G69/><T13/><D86/><U22/><E22/><V112/><F112/><W17/><G51/><N who="0" m="27095" /><D62/><U128/><E128/><V40/><F39/><W124/><G124/><T110/><D64/><U54/><E54/><V131/><F131/><W28/><G49/><T72/><D72/><U121/><N who="1" m="46130" /><U87/><DORA hai="130" /><E87/><V53/><F59/><W70/><G70/><T126/><D110/><U10/><E10/><V106/><F55/><W80/><G11/><T33/><D33/><U56/><E56/><V66/><F53/><W85/><G85/><T88/><D89/><U68/><E68/><V47/><F35/><W67/><G67/><T79/><D79/><AGARI ba="0,0" hai="73,79,82,100,101" m="43530,51754,46130" machi="79" ten="50,12000,2" yaku="13,1,20,1,34,2,52,3" doraHai="8,130" who="1" fromWho="0" sc="213,-120,266,120,288,0,233,0" /><INIT seed="3,0,0,1,5,127" ten="93,386,288,233" oya="3" hai0="63,115,103,50,129,83,107,52,122,110,80,120,53" hai1="135,1,123,72,128,46,82,29,32,13,85,41,48" hai2="118,108,131,96,20,5,101,88,43,117,91,87,99" hai3="71,9,62,15,73,119,24,77,35,12,34,105,109"/><W132/><G119/><N who="2" m="45577" /><F5/><W28/><G132/><T59/><D110/><U68/><E68/><V92/><F20/><W76/><G109/><T64/><D115/><U79/><E1/><V78/><F43/><W84/><G35/><T16/><D107/><U26/><E135/><V114/><F108/><W6/><G73/><T69/><D103/><U33/><E123/><V31/><F31/><W11/><G105/><T18/><D122/><U134/><E134/><V61/><F61/><W111/><G111/><T75/><D120/><U7/><E72/><V133/><F114/><W60/><G84/><T22/><D129/><U4/><E128/><V106/><F78/><W126/><G62/><T42/><D75/><U125/><E125/><V121/><F133/><W2/><G2/><T113/><D113/><U94/><E32/><V65/><F65/><W30/><G30/><T66/><D42/><U44/><E13/><V21/><F21/><W93/><G93/><T74/><D66/><U14/><E94/><N who="2" m="54655" /><F121/><W0/><G0/><T58/><D74/><U39/><E14/><V56/><F56/><W38/><G38/><T36/><D36/><U130/><E4/><V97/><F97/><W100/><G100/><T81/><REACH who="0" step="1"/><D22/><REACH who="0" ten="83,386,288,233" step="2"/><U19/><E39/><V23/><F23/><N who="3" m="15391" /><G126/><T86/><D86/><U25/><E41/><V47/><F47/><W10/><G34/><T37/><D37/><U51/><E44/><V54/><F54/><W95/><G71/><T104/><D104/><U57/><E46/><V67/><F131/><W112/><G112/><T102/><D102/><U8/><E130/><RYUUKYOKU ba="0,1" sc="83,15,386,-15,288,15,233,-15" hai0="16,18,50,52,53,58,59,63,64,69,80,81,83" hai2="67,88,92,96,99,101,106" owari="98,-40.2,381,48.1,303,10.3,218,-18.2" /></mjloggm>