<mjloggm ver="2.3"><GO type="225" lobby="0"/><UN n0="%E5%91%A8%E6%9D%B1" n1="%E3%83%B4%E3%82%A3%E3%83%AF%E3%82%B3%E3%82%B0%E3%83%8B" n2="%73%74%61%72%E6%98%9F%E8%BE%B0" n3="%E3%81%8B%E3%82%8F%E3%81%A1%E3%82%83%E3%82%93%35%38" dan="17,17,16,16" rate="2175.27,2205.74,2112.32,2116.71" sx="M,M,M,M"/><TAIKYOKU oya="0"/><INIT seed="0,0,0,2,1,132" ten="250,250,250,250" oya="0" hai0="75,28,8,41,45,134,33,39,67,61,36,73,131" hai1="129,79,114,30,108,40,98,21,89,94,49,120,96" hai2="123,48,4,51,25,29,50,112,9,20,109,32,66" hai3="13,60,62,5,125,15,34,23,80,103,106,133,104"/><T46/><D134/><U102/><E108/><V3/><F123/><W52/><G34/><T81/><D131/><U135/><E135/><V82/><F112/><W86/><G133/><T63/><D8/><U19/><E120/><V128/><F109/><W77/><G125/><T85/><D28/><U115/><E79/><V95/><F128/><W47/><G103/><T117/><D33/><U121/><E121/><V90/><F66/><W56/><G47/><T130/><D117/><U24/><E129/><V16/><F82/><W76/><G76/><T53/><D130/><U68/><E68/><V59/><F59/><W38/><G38/><T22/><D22/><U57/><E30/><V100/><F100/><W122/><G122/><T74/><D67/><U35/><E35/><V64/><F64/><W113/><G113/><N who="1" m="43018" /><E57/><V58/><F58/><W101/><G101/><T31/><D31/><U18/><E18/><V91/><REACH who="2" step="1"/><F95/><REACH who="2" ten="250,250,240,250" step="2"/><W0/><G106/><T71/><D71/><U116/><E116/><V124/><F124/><W10/><G104/><T127/><D127/><U42/><E49/><V78/><F78/><W83/><G62/><T2/><D63/><U105/><AGARI ba="0,1" hai="19,21,24,40,42,89,94,96,98,102,105" m="43018" machi="105" ten="30,1100,0" yaku="11,1" doraHai="132" who="1" fromWho="1" sc="250,-5,250,21,240,-3,250,-3" /><INIT seed="1,0,0,4,2,118" ten="245,271,237,247" oya="1" hai0="46,45,133,57,25,29,85,26,59,93,52,51,22" hai1="134,135,114,131,58,119,12,10,115,109,20,53,16" hai2="40,84,8,73,34,86,6,27,42,79,83,110,87" hai3="106,80,17,56,39,77,108,89,70,116,63,62,95"/><U7/><E119/><V15/><REACH who="2" step="1"/><F110/><REACH who="2" ten="245,271,227,247" step="2"/><W101/><G108/><T69/><D133/><N who="1" m="50699" /><E109/><V120/><F120/><W129/><G116/><T132/><D132/><U74/><E131/><V23/><F23/><W88/><G129/><T36/><D69/><U76/><E74/><V107/><F107/><W38/><G106/><T61/><D36/><U65/><E76/><V48/><F48/><W33/><G38/><T9/><D9/><U94/><E94/><V0/><F0/><W66/><G39/><T99/><D85/><U28/><E65/><V113/><F113/><W100/><G33/><T47/><D25/><N who="1" m="14471" /><E28/><AGARI ba="0,1" hai="6,8,15,27,28,34,40,42,73,79,83,84,86,87" machi="28" ten="40,5200,0" yaku="21,2,53,1" doraHai="118" doraHaiUra="30" who="2" fromWho="1" sc="245,0,271,-52,227,62,247,0" /><INIT seed="2,0,0,5,3,4" ten="245,219,289,247" oya="2" hai0="123,67,64,113,81,47,131,6,58,105,42,104,14" hai1="53,2,0,110,32,13,121,120,91,52,86,72,88" hai2="84,74,106,19,41,49,114,65,55,37,135,76,97" hai3="25,5,29,85,15,102,130,100,124,20,77,69,68"/><V101/><F114/><W87/><G69/><T34/><D113/><U9/><E110/><V92/><F135/><W83/><G68/><T78/><D123/><N who="1" m="47179" /><E72/><V73/><F65/><W115/><G115/><T54/><D34/><U21/><E32/><V60/><F60/><W48/><G130/><T98/><D131/><U117/><E21/><V45/><F19/><W62/><G124/><T61/><D98/><U122/><N who="1" m="47187" /><U79/><DORA hai="129" /><E79/><V46/><REACH who="2" step="1"/><F92/><REACH who="2" ten="245,219,279,247" step="2"/><W8/><G62/><T35/><D67/><U39/><E117/><V43/><F43/><W127/><G127/><T112/><D64/><U1/><E39/><V118/><F118/><W66/><G66/><T7/><D112/><U3/><N who="1" m="0" /><DORA hai="116" /><U51/><E51/><V90/><F90/><N who="1" m="34345" /><E86/><V56/><F56/><W57/><G85/><T103/><D58/><U109/><E109/><V36/><F36/><W10/><G57/><T40/><D61/><U17/><AGARI ba="0,1" hai="9,13,17,52,53" m="34345,0,47187" machi="17" ten="80,16000,3" yaku="13,1,52,5,54,2" doraHai="4,129,116" who="1" fromWho="1" sc="245,-40,219,170,279,-80,247,-40" /><INIT seed="3,0,0,0,5,39" ten="205,389,199,207" oya="3" hai0="29,110,129,90,7,19,52,84,15,111,74,44,48" hai1="66,117,85,100,57,135,72,132,14,8,124,103,114" hai2="116,83,16,96,11,134,105,61,43,2,76,13,4" hai3="9,35,59,54,56,94,47,102,25,53,30,12,17"/><W109/><G109/><N who="0" m="41483" /><D74/><U5/><E72/><V130/><F116/><W42/><G59/><T41/><D29/><U113/><E117/><V77/><F134/><N who="1" m="51241" /><E124/><V20/><F130/><W22/><G56/><T91/><D129/><U81/><E66/><V82/><F61/><W33/><G33/><T112/><D112/><N who="1" m="43115" /><E57/><V88/><F43/><W10/><G10/><N who="0" m="6647" /><D7/><U24/><E24/><V60/><F60/><W79/><G79/><AGARI ba="0,0" hai="5,8,14,79,81,85,100,103" m="43115,51241" machi="79" ten="30,1000,0" yaku="20,1" doraHai="39" who="1" fromWho="3" sc="205,0,389,10,199,0,207,-10" owari="205,0.5,399,49.9,199,-20.1,197,-30.3" /></mjloggm>