<mjloggm ver="2.3"><GO type="225" lobby="0"/><UN n0="%72%65%6E%6B%75%6E" n1="%E4%BF%BA%E3%81%A8%E5%A6%96%E5%A4%A2" n2="%E6%B7%91%E5%A5%B3%E3%81%AE%E5%97%9C%E3%81%BF" n3="%33%74%72%65%65" dan="17,16,16,16" rate="2247.92,2126.41,2108.17,2161.04" sx="M,F,M,F"/><TAIKYOKU oya="0"/><INIT seed="0,0,0,1,4,88" ten="250,250,250,250" oya="0" hai0="90,103,104,19,60,125,4,106,64,8,92,96,39" hai1="112,127,76,129,105,95,52,18,23,99,74,102,121" hai2="122,9,48,38,108,35,119,57,17,111,42,58,132" hai3="55,124,109,24,81,20,97,120,75,73,15,67,41"/><T134/><D134/><U46/><E121/><V110/><F122/><W33/><G120/><T94/><D125/><U89/><E127/><V135/><F35/><W87/><G124/><T80/><D39/><U27/><E129/><V36/><F17/><W7/><G109/><T49/><D80/><U44/><E112/><V84/><F9/><W21/><G67/><T117/><D49/><U62/><E76/><V50/><F84/><W114/><G114/><T43/><D43/><U69/><E74/><V10/><F10/><W66/><G66/><T130/><D19/><U82/><E69/><V59/><F119/><W72/><G41/><T11/><D130/><U22/><E22/><V56/><N who="2" m="14336" /><DORA hai="3" /><V83/><F83/><W37/><G37/><N who="2" m="14441" /><F42/><W0/><G0/><T101/><D117/><U54/><E62/><V68/><F68/><W85/><G85/><T26/><D26/><U47/><REACH who="1" step="1"/><E82/><REACH who="1" ten="250,240,250,250" step="2"/><V40/><F50/><W30/><G81/><T53/><D8/><U77/><E77/><V113/><F113/><W12/><G72/><T6/><D11/><U71/><E71/><V32/><F32/><W25/><G33/><T70/><D104/><U14/><E14/><V78/><F78/><W16/><G75/><T63/><D106/><U13/><E13/><V2/><F2/><W79/><G73/><T45/><D63/><U118/><E118/><V93/><F48/><W116/><G116/><T51/><REACH who="0" step="1"/><D103/><REACH who="0" ten="240,240,250,250" step="2"/><U131/><E131/><V128/><F128/><W65/><G12/><T100/><D100/><U28/><E28/><V5/><F110/><W29/><G29/><RYUUKYOKU ba="0,2" sc="240,15,240,15,250,-15,250,-15" hai0="4,6,45,51,53,60,64,70,90,92,94,96,101" hai1="18,23,27,44,46,47,52,54,89,95,99,102,105" /><INIT seed="0,1,2,1,3,107" ten="255,255,235,235" oya="0" hai0="25,9,15,23,79,52,29,101,18,51,131,3,90" hai1="49,61,70,8,87,127,89,108,32,82,12,110,97" hai2="91,22,105,135,34,46,76,40,53,5,134,85,65" hai3="83,123,30,95,41,129,84,42,73,6,62,4,71"/><T64/><D131/><U125/><E32/><V103/><F34/><W0/><G129/><T99/><D3/><U63/><E49/><V11/><F65/><W96/><G123/><T31/><D64/><N who="1" m="41231" /><E63/><V24/><F76/><W109/><G109/><N who="1" m="42090" /><E97/><N who="2" m="61679" /><F40/><W37/><G42/><T26/><D79/><U60/><E60/><V128/><F46/><W10/><G41/><T36/><D36/><U81/><E81/><N who="2" m="49583" /><F53/><W114/><G37/><T35/><D90/><U77/><E77/><V59/><F59/><W118/><G62/><T93/><REACH who="0" step="1"/><D51/><REACH who="0" ten="245,255,235,235" step="2"/><U104/><E104/><V72/><F128/><W133/><G0/><T78/><D78/><U27/><E27/><V120/><F120/><W116/><G116/><T7/><D7/><AGARI ba="1,3" hai="7,8,12,82,87,89,125,127" m="42090,41231" machi="7" ten="30,1000,0" yaku="14,1" doraHai="107" who="1" fromWho="0" sc="245,-13,255,43,235,0,235,0" /><INIT seed="1,0,0,3,5,120" ten="232,298,235,235" oya="1" hai0="14,28,66,63,123,36,102,52,92,59,103,97,51" hai1="125,93,95,50,113,29,11,128,56,106,5,108,10" hai2="42,34,26,2,111,73,89,114,57,16,104,94,35" hai3="61,109,71,49,24,115,53,44,131,84,127,18,105"/><U19/><E113/><V96/><F114/><W88/><G115/><T12/><D123/><U86/><E106/><V20/><F2/><W15/><G131/><T3/><D3/><U85/><E29/><V25/><F73/><W126/><G105/><T65/><D36/><U110/><E19/><V22/><F111/><N who="1" m="42537" /><E128/><V27/><F42/><W6/><G6/><T132/><D132/><U32/><E32/><V80/><F80/><W124/><G24/><T17/><D28/><U68/><E68/><V99/><F26/><W129/><G109/><T78/><D78/><U117/><E117/><V67/><F104/><W121/><G129/><T122/><D122/><U76/><E10/><V70/><F70/><W37/><G71/><T4/><D17/><U118/><E125/><V100/><F35/><W45/><G121/><T79/><D79/><U98/><E76/><V87/><F34/><W54/><G127/><T39/><D39/><U69/><E69/><V43/><F16/><W41/><G126/><T7/><D7/><U82/><E82/><V91/><F22/><W46/><G124/><T135/><D4/><U23/><E23/><V62/><F20/><W21/><G37/><T13/><D135/><U60/><E50/><V38/><F38/><W130/><G130/><T1/><D51/><U77/><E77/><V81/><F25/><W112/><G112/><T133/><D133/><U72/><E72/><V83/><F27/><W101/><G18/><T9/><D103/><N who="1" m="60879" /><E95/><N who="2" m="58399" /><F81/><N who="3" m="49167" /><G21/><T55/><D9/><U75/><E118/><V8/><F8/><W64/><G49/><T33/><D33/><RYUUKYOKU ba="0,0" sc="232,-10,298,-10,235,30,235,-10" hai2="43,57,62,67,83,87,89,91,94,99" /><INIT seed="2,1,0,1,5,107" ten="222,288,265,225" oya="2" hai0="8,4,103,9,19,62,73,59,87,39,129,124,126" hai1="127,34,105,122,21,14,117,81,110,29,38,31,76" hai2="70,102,32,18,68,78,6,25,13,27,23,28,58" hai3="99,0,119,85,108,132,82,61,65,111,40,52,109"/><V106/><F78/><N who="3" m="46295" /><G119/><T47/><D129/><U97/><E117/><V75/><F75/><W37/><G132/><T43/><D103/><U24/><E110/><N who="3" m="28162" /><W118/><DORA hai="72" /><G118/><T41/><D73/><U2/><E2/><V53/><F102/><W80/><G0/><T12/><D41/><U134/><E38/><V96/><F96/><W45/><G99/><T92/><D92/><U112/><E112/><V74/><F74/><W63/><G80/><T95/><D95/><U114/><E114/><V88/><F88/><W83/><G83/><T3/><REACH who="0" step="1"/><D87/><REACH who="0" ten="212,288,265,225" step="2"/><U69/><E105/><V57/><F106/><W125/><G125/><T115/><D115/><U123/><E127/><V98/><F98/><W66/><G52/><AGARI ba="1,1" hai="3,4,8,9,12,19,39,43,47,52,59,62,124,126" machi="52" ten="40,8000,1" yaku="1,1,54,1,53,2" doraHai="107,72" doraHaiUra="30,7" who="0" fromWho="3" sc="212,93,288,0,265,0,225,-83" /><INIT seed="3,0,0,0,0,107" ten="305,288,265,142" oya="3" hai0="13,20,75,92,119,44,9,59,98,132,24,71,38" hai1="120,51,99,56,19,4,86,126,6,29,121,8,58" hai2="130,103,47,62,64,18,36,11,61,82,50,129,42" hai3="67,33,35,110,80,123,124,111,48,37,115,55,100"/><W3/><G115/><T52/><D71/><U135/><E135/><V109/><F103/><W43/><G123/><T134/><D75/><U112/><E112/><V74/><F109/><N who="3" m="41483" /><G124/><T94/><D119/><U90/><E126/><V60/><F18/><W127/><G127/><T79/><D79/><U102/><E29/><V26/><F26/><W101/><G3/><T14/><D44/><U125/><E19/><V87/><F11/><W116/><G116/><T97/><D38/><U122/><E51/><V76/><F87/><W96/><G67/><T78/><D78/><U0/><E4/><V66/><REACH who="2" step="1"/><F36/><REACH who="2" ten="305,288,255,142" step="2"/><W118/><G118/><T93/><D9/><U16/><E125/><V77/><F77/><W70/><G70/><T40/><D132/><U45/><E16/><V12/><F12/><W28/><G28/><N who="0" m="17415" /><D134/><U49/><E86/><V91/><F91/><W2/><G2/><T21/><D13/><U15/><E90/><V133/><F133/><W117/><G117/><T108/><D108/><U89/><E89/><V106/><F106/><N who="3" m="63751" /><G101/><T65/><D14/><U113/><E113/><V114/><F114/><W57/><G80/><T39/><D98/><U63/><E0/><V34/><F34/><N who="3" m="12811" /><G37/><T95/><D97/><U41/><REACH who="1" step="1"/><E63/><REACH who="1" ten="305,278,255,142" step="2"/><V88/><F88/><W72/><G72/><T73/><D73/><U69/><E69/><V17/><F17/><W32/><N who="3" m="12819" /><W84/><DORA hai="27" /><G84/><T54/><D39/><U23/><E23/><V105/><F105/><AGARI ba="0,2" hai="6,8,15,41,45,49,56,58,99,102,105,120,121,122" machi="105" ten="40,2600,0" yaku="1,1,53,1" doraHai="107,27" doraHaiUra="10,85" who="1" fromWho="2" sc="305,0,278,46,255,-26,142,0" owari="305,10.5,324,42.4,229,-17.1,142,-35.8" /></mjloggm>