<mjloggm ver="2.3"><GO type="225" lobby="0"/><UN n0="%E7%99%BD%E5%80%89%E5%AF%9B%E4%B9%8B" n1="%77%72%77%72%77%72%77%72" n2="%E3%81%A4%E3%81%A3%E3%81%B1%E3%82%8A%E3%83%9D%E3%83%BC%E3%83%AB" n3="%74%61%6B%65%2D%79%6F%75" dan="16,16,17,16" rate="2119.15,2135.42,2153.04,2116.38" sx="M,M,M,M"/><TAIKYOKU oya="0"/><INIT seed="0,0,0,1,4,16" ten="250,250,250,250" oya="0" hai0="82,46,44,88,75,115,65,7,83,85,15,17,130" hai1="131,106,56,110,62,102,109,101,28,73,10,104,42" hai2="6,96,31,124,59,48,91,79,55,99,13,121,66" hai3="107,89,0,24,40,135,92,41,125,87,97,126,93"/><T51/><D130/><U100/><E42/><V105/><F121/><W122/><G0/><T19/><D115/><U32/><E131/><V43/><F124/><N who="3" m="47723" /><G107/><T39/><D39/><U72/><E10/><N who="2" m="4311" /><F105/><N who="1" m="40553" /><E28/><V119/><F119/><W54/><G135/><T70/><D70/><U132/><E32/><V22/><F79/><W128/><G128/><T47/><D75/><N who="1" m="28747" /><E56/><V103/><F103/><N who="3" m="60839" /><G122/><T2/><D2/><U90/><E62/><N who="2" m="38239" /><F43/><W95/><G54/><T120/><D120/><U9/><E9/><V71/><F91/><N who="3" m="53503" /><G24/><T69/><D69/><U117/><E117/><V14/><F71/><W80/><G80/><T133/><D82/><U5/><E5/><V3/><F3/><W20/><G20/><T67/><D133/><U113/><E132/><V37/><F37/><W52/><G52/><N who="0" m="29799" /><D7/><U78/><E78/><V34/><F34/><W134/><G134/><T116/><D116/><U114/><E90/><V1/><F1/><W50/><G50/><T118/><D118/><U27/><E27/><N who="2" m="16887" /><F14/><W108/><G41/><T30/><D15/><U111/><AGARI ba="0,0" hai="100,101,102,109,110,111,113,114" m="28747,40553" machi="111" ten="50,8000,1" yaku="28,2,14,1,34,2" doraHai="16" who="1" fromWho="1" sc="250,-40,250,80,250,-20,250,-20" /><INIT seed="1,0,0,1,4,100" ten="210,330,230,230" oya="1" hai0="81,31,132,24,62,119,26,6,114,110,130,10,18" hai1="85,22,74,124,12,58,51,122,55,61,52,36,72" hai2="75,102,19,94,107,80,125,73,28,89,104,129,97" hai3="37,109,84,113,47,42,105,40,1,76,48,17,133"/><U123/><E36/><V41/><F28/><W13/><G113/><T25/><D114/><U21/><E124/><V79/><F41/><W135/><G1/><T49/><D119/><U68/><E68/><V64/><F19/><W131/><G109/><T128/><D81/><U70/><E70/><V86/><F64/><W20/><G131/><N who="0" m="50219" /><D62/><U66/><E66/><V63/><F63/><W56/><G76/><T65/><D49/><U8/><E74/><N who="2" m="28171" /><F129/><W4/><G4/><T27/><D65/><U35/><E35/><V54/><F54/><W121/><G121/><T91/><D91/><U39/><E39/><V46/><F46/><W92/><G105/><N who="2" m="40521" /><F125/><W7/><G7/><T44/><D44/><U115/><E72/><V32/><F32/><W108/><G40/><T99/><D99/><U59/><E115/><V106/><N who="2" m="40529" /><V34/><DORA hai="95" /><F34/><W98/><G56/><T60/><D60/><U71/><E71/><V0/><F0/><W116/><G48/><T120/><D110/><U14/><E61/><V127/><F127/><W112/><G108/><T90/><D31/><U33/><E51/><V69/><F69/><W9/><G112/><T88/><D18/><U93/><E33/><V29/><F29/><W78/><G17/><T87/><D27/><U126/><E126/><V16/><F16/><W101/><G47/><T111/><D26/><U15/><E15/><V53/><F53/><W5/><G13/><N who="0" m="5335" /><D25/><U118/><E12/><V11/><F11/><W45/><G9/><T30/><D24/><U3/><E8/><V96/><F96/><W134/><G98/><RYUUKYOKU ba="0,0" sc="210,-10,330,-10,230,30,230,-10" hai2="79,80,86,89,94,97,102" /><INIT seed="2,1,0,4,0,115" ten="200,320,260,220" oya="2" hai0="68,122,108,119,46,120,34,58,111,74,51,99,47" hai1="50,55,104,3,60,41,80,105,71,25,32,22,93" hai2="31,11,44,72,37,127,66,89,15,70,69,103,77" hai3="132,12,48,133,16,8,20,128,1,100,29,101,5"/><V130/><F130/><W81/><G128/><T2/><D74/><U126/><E3/><V52/><F127/><W86/><G48/><T26/><D2/><U56/><E32/><V121/><F121/><N who="0" m="46698" /><D99/><U85/><E126/><V0/><F0/><W109/><G109/><N who="0" m="42059" /><D34/><U36/><E93/><V13/><F31/><W102/><REACH who="3" step="1"/><G29/><REACH who="3" ten="200,320,260,210" step="2"/><T78/><D51/><U129/><E129/><V84/><F37/><W94/><G94/><T38/><D38/><U83/><E36/><V43/><F43/><W19/><G19/><T6/><D6/><U98/><E41/><V124/><F124/><W131/><G131/><T53/><D47/><U64/><E105/><V57/><F44/><W42/><G42/><T76/><D46/><U33/><E104/><V4/><F4/><W125/><G125/><T7/><D7/><U110/><E50/><V79/><F70/><W112/><G112/><T134/><D68/><U30/><E71/><V118/><F69/><W95/><G95/><T62/><D134/><U107/><E107/><V39/><F39/><W82/><G82/><T67/><D26/><U17/><E83/><V9/><F57/><W75/><G75/><T88/><D62/><U116/><E80/><V92/><F92/><W123/><G123/><T21/><D58/><U91/><E56/><V24/><F24/><W65/><G65/><T28/><D67/><U114/><E64/><V40/><F66/><W87/><G87/><T73/><D73/><U14/><E25/><V135/><F40/><W90/><AGARI ba="1,1" hai="1,5,8,12,16,20,81,86,90,100,101,102,132,133" machi="90" ten="30,4000,0" yaku="1,1,0,1,54,1,53,0" doraHai="115" doraHaiUra="113" who="3" fromWho="3" sc="200,-11,320,-11,260,-21,210,53" /><INIT seed="3,0,0,5,5,12" ten="189,309,239,263" oya="3" hai0="119,5,53,121,115,42,117,133,29,0,66,26,106" hai1="32,8,124,67,79,46,7,98,76,87,38,50,114" hai2="41,99,103,94,60,58,100,37,1,89,125,129,116" hai3="80,132,97,45,28,86,11,30,48,3,113,43,109"/><W128/><G113/><T93/><D106/><U64/><E114/><V47/><F116/><N who="0" m="44618" /><D66/><N who="1" m="25131" /><E32/><V71/><F129/><W112/><G112/><T20/><D42/><N who="1" m="24919" /><E38/><V13/><F1/><W2/><G132/><T52/><D93/><U107/><E107/><V27/><F71/><W85/><G109/><T40/><D40/><U44/><E124/><V111/><F125/><W78/><G128/><T16/><D115/><U35/><E35/><V70/><F111/><W22/><G3/><T84/><D84/><U126/><E126/><V54/><F70/><W108/><G86/><T33/><D133/><U15/><E98/><V91/><F27/><W17/><G97/><T56/><D56/><U88/><E44/><V24/><F24/><W55/><G108/><T65/><D65/><U131/><E131/><V19/><F103/><W18/><G55/><T101/><D101/><U68/><E68/><V134/><F134/><W69/><G69/><T104/><D104/><U118/><E118/><V39/><F37/><W34/><G34/><T74/><D74/><U31/><E31/><V127/><F127/><W4/><REACH who="3" step="1"/><G18/><REACH who="3" ten="189,309,239,253" step="2"/><T123/><D53/><U90/><E87/><V21/><AGARI ba="0,1" hai="13,19,21,39,41,47,54,58,60,89,91,94,99,100" machi="21" ten="20,2700,0" yaku="0,1,7,1,52,1" doraHai="12" who="2" fromWho="2" sc="189,-7,309,-7,239,37,253,-13" owari="182,-31.8,302,40.2,276,7.6,240,-16.0" /></mjloggm>