<mjloggm ver="2.3"><GO type="225" lobby="0"/><UN n0="%E3%82%A4%E3%83%BC%E3%82%B1%E3%83%97%E3%83%A9" n1="%E6%9C%88%E5%B3%B6%E5%9F%BA" n2="%65%76%69%61%6E%36%31%39" n3="%E3%83%81%E3%83%83%E3%82%BF%E3%82%BD%E3%83%BC" dan="16,16,16,16" rate="2128.74,2108.33,2075.98,2133.03" sx="M,M,M,F"/><TAIKYOKU oya="0"/><INIT seed="0,0,0,3,5,98" ten="250,250,250,250" oya="0" hai0="84,112,27,124,75,3,53,16,97,132,11,30,69" hai1="19,128,114,44,60,121,87,25,9,122,58,51,28" hai2="78,80,92,96,17,59,90,43,70,18,22,111,37" hai3="110,125,1,50,14,39,5,34,2,48,135,74,102"/><T129/><D75/><U40/><E128/><V133/><F111/><W127/><G34/><T52/><D69/><U93/><E114/><V54/><F133/><W33/><G33/><T55/><D112/><U99/><E87/><V82/><F70/><W116/><G110/><T64/><D132/><U57/><E57/><V76/><F37/><W105/><G135/><T47/><D129/><U126/><E126/><N who="3" m="48138" /><G39/><T6/><D124/><U83/><E83/><N who="2" m="31787" /><F43/><W72/><G116/><T77/><D64/><U13/><E25/><N who="2" m="14543" /><F18/><W86/><G86/><T113/><D113/><U0/><E28/><V109/><F109/><W63/><G63/><AGARI ba="0,0" hai="54,59,63,76,78,90,92,96" m="14543,31787" machi="63" ten="30,2000,0" yaku="25,1,8,1" doraHai="98" who="2" fromWho="3" sc="250,0,250,0,250,20,250,-20" /><INIT seed="1,0,0,2,2,52" ten="250,250,270,230" oya="1" hai0="83,126,60,45,133,29,63,98,3,97,105,21,120" hai1="11,95,79,6,43,62,77,48,123,65,27,61,13" hai2="127,90,54,37,14,10,59,20,15,5,117,36,92" hai3="72,7,131,110,104,46,33,85,106,80,71,130,99"/><U124/><E123/><V132/><F132/><W118/><G33/><T12/><D3/><U101/><E124/><V68/><F68/><W56/><G71/><T41/><D133/><U25/><E101/><V23/><F117/><W51/><G72/><T49/><D126/><U74/><E95/><V115/><F115/><W73/><G73/><T86/><D120/><U109/><E109/><V111/><F111/><W19/><G110/><T119/><D119/><U135/><E74/><V81/><F81/><W89/><G118/><T22/><D105/><U35/><E35/><V1/><F1/><W17/><G7/><T116/><D116/><U42/><E135/><V94/><F94/><W39/><G39/><T121/><D121/><U0/><E0/><V134/><F23/><N who="0" m="8714" /><D12/><U30/><E30/><V114/><F114/><W125/><G125/><T113/><D29/><U84/><E43/><V96/><F134/><W9/><G106/><T38/><D38/><U31/><E31/><V66/><F66/><W16/><G9/><T44/><D44/><N who="1" m="25623" /><E77/><V91/><F91/><W50/><G104/><T34/><D34/><U129/><E129/><N who="3" m="49162" /><G99/><N who="0" m="37899" /><D113/><U4/><E4/><V88/><F127/><W47/><G46/><T93/><D93/><U82/><E65/><V67/><F67/><W76/><G76/><AGARI ba="0,0" hai="41,45,49,60,63,76,83,86" m="37899,8714" machi="76" ten="30,1000,0" yaku="8,1" doraHai="52" who="0" fromWho="3" sc="250,10,250,0,270,0,230,-10" /><INIT seed="2,0,0,1,0,112" ten="260,250,270,220" oya="2" hai0="104,74,72,108,49,56,131,67,113,55,46,121,95" hai1="13,124,77,130,66,39,103,105,29,126,12,38,90" hai2="37,15,71,127,106,36,81,11,101,102,31,98,128" hai3="62,6,79,34,43,84,45,4,47,119,89,75,69"/><V135/><F102/><W78/><G34/><T65/><D104/><U1/><E1/><V52/><F71/><W86/><G75/><T24/><D113/><U68/><E130/><V94/><F31/><W3/><G3/><T27/><D121/><U76/><E29/><V111/><F128/><W80/><G119/><T7/><D131/><U73/><E90/><V8/><F8/><W19/><G19/><T41/><D108/><U17/><E66/><V132/><F127/><N who="1" m="48681" /><E68/><V53/><F81/><W2/><G2/><T9/><D74/><U30/><E30/><V20/><F20/><W51/><G45/><T110/><D72/><U16/><E103/><V14/><F106/><W83/><REACH who="3" step="1"/><G89/><REACH who="3" ten="260,250,270,210" step="2"/><T23/><D46/><U93/><E73/><V5/><F111/><W133/><G133/><N who="2" m="51273" /><F15/><W59/><G59/><T123/><D56/><U44/><E13/><V57/><F57/><W118/><G118/><T58/><D58/><U64/><E12/><V63/><F63/><W21/><G21/><T82/><D23/><U120/><E17/><V40/><F37/><W134/><G134/><T35/><D110/><U48/><E16/><V0/><F0/><W100/><G100/><T70/><D70/><U122/><E39/><V129/><F129/><W42/><G42/><T32/><D41/><U85/><E38/><V114/><F114/><W61/><G61/><T92/><D35/><U26/><E120/><V116/><F116/><W10/><G10/><T28/><D123/><U87/><E122/><V96/><F40/><W107/><G107/><T115/><D115/><U22/><E105/><RYUUKYOKU ba="0,1" sc="260,-10,250,-10,270,-10,210,30" hai3="4,6,43,47,51,62,69,78,79,80,83,84,86" /><INIT seed="3,1,1,1,4,88" ten="250,240,260,240" oya="3" hai0="129,10,92,45,32,84,118,48,75,80,124,73,58" hai1="133,63,16,3,121,40,41,55,13,69,87,65,39" hai2="85,98,113,122,64,21,108,2,81,116,34,70,102" hai3="97,35,91,42,49,54,107,123,115,56,101,120,111"/><W134/><G115/><T66/><D118/><U59/><E121/><V86/><F108/><W95/><G134/><T7/><D32/><U106/><E133/><V104/><F2/><W117/><G117/><T11/><D124/><U68/><E3/><V72/><F113/><W15/><G35/><T43/><D129/><U132/><E106/><V77/><F122/><W79/><G111/><T5/><D92/><U131/><E131/><V12/><F116/><W26/><G26/><T100/><D100/><U93/><E132/><V30/><F12/><W25/><G25/><T23/><D23/><N who="1" m="11663" /><E39/><V112/><F21/><W22/><G79/><T103/><D103/><U130/><E69/><V57/><F57/><W62/><G42/><N who="1" m="16490" /><E68/><V24/><F112/><W128/><G128/><T105/><D105/><U89/><E130/><V127/><F127/><W1/><G1/><T20/><D20/><U37/><E37/><V36/><F36/><W50/><G120/><T33/><D33/><U44/><E44/><V135/><F135/><W94/><G123/><T29/><D29/><U0/><E0/><V46/><F46/><W82/><G82/><T76/><D73/><U47/><E47/><V71/><F71/><W126/><G126/><T18/><D75/><U17/><E17/><V109/><F109/><W19/><G107/><T8/><D18/><U114/><E114/><V61/><AGARI ba="1,1" hai="24,30,34,61,64,70,72,77,81,85,86,98,102,104" machi="61" ten="30,4000,0" yaku="0,1,25,2" doraHai="88" who="2" fromWho="2" sc="250,-11,240,-11,260,53,240,-21" owari="239,3.9,229,-17.1,313,41.3,219,-28.1" /></mjloggm>