<mjloggm ver="2.3"><GO type="225" lobby="0"/><UN n0="%E5%B8%86%E7%AB%8B%E5%A4%8F%E8%A1%A3" n1="%E3%83%81%E3%83%83%E3%82%BF%E3%82%BD%E3%83%BC" n2="%E3%81%90%E3%81%A1%E3%82%84%E3%81%BE" n3="%E3%80%93%E3%81%97%E3%83%BC%E3%82%89%E3%80%93" dan="17,16,16,16" rate="2165.68,2105.19,2140.76,2158.59" sx="M,F,M,M"/><TAIKYOKU oya="0"/><INIT seed="0,0,0,4,2,2" ten="250,250,250,250" oya="0" hai0="85,84,34,99,133,127,56,22,107,131,7,114,25" hai1="89,100,47,72,18,39,122,102,26,77,124,45,105" hai2="8,57,61,10,5,50,15,126,115,52,49,79,93" hai3="37,54,24,125,120,111,21,109,80,70,75,104,112"/><T19/><D114/><U29/><E124/><V110/><F115/><W96/><G37/><T103/><D127/><U13/><E122/><V30/><F126/><W113/><G70/><T82/><D133/><U121/><E121/><V35/><F110/><N who="3" m="41995" /><G125/><T67/><D131/><U64/><E64/><V74/><F74/><W43/><G43/><T118/><D118/><U81/><E89/><V40/><F40/><W46/><G120/><T9/><D34/><U92/><E92/><V0/><F79/><N who="3" m="44159" /><G46/><T97/><D97/><U48/><E39/><V41/><F41/><W16/><G54/><T59/><D67/><U12/><E12/><V101/><F101/><AGARI ba="0,0" hai="16,21,24,96,101,104,112,113" m="44159,41995" machi="101" ten="30,2000,0" yaku="14,1,54,1" doraHai="2" who="3" fromWho="2" sc="250,0,250,0,250,-20,250,20" /><INIT seed="1,0,0,4,3,132" ten="250,250,230,270" oya="1" hai0="9,105,98,14,24,70,27,122,69,93,89,66,7" hai1="96,18,135,8,116,39,52,53,3,86,74,4,94" hai2="112,42,22,67,20,59,109,127,34,91,0,133,130" hai3="106,107,54,68,71,119,45,1,48,65,17,120,38"/><U46/><E135/><V72/><F34/><W25/><G1/><T102/><D122/><U30/><E116/><V90/><F133/><W103/><G120/><T80/><D80/><U77/><E30/><V63/><F0/><W12/><G25/><T114/><D114/><U118/><E118/><V128/><F72/><W81/><G119/><T5/><D5/><U41/><E86/><V51/><F112/><W75/><G38/><T23/><D27/><U97/><E18/><V64/><F64/><W31/><G31/><T32/><D66/><U60/><E60/><V82/><F109/><W111/><G111/><T78/><D78/><U43/><E41/><V56/><F127/><W61/><G71/><T123/><D32/><U88/><E97/><V19/><F82/><AGARI ba="0,0" hai="3,4,8,39,43,46,52,53,74,77,82,88,94,96" machi="82" ten="40,12000,1" yaku="25,2,54,2" doraHai="132" who="1" fromWho="2" sc="250,0,250,120,230,-120,270,0" /><INIT seed="1,1,0,5,0,105" ten="250,370,110,270" oya="1" hai0="93,63,60,127,54,129,22,114,69,67,118,30,73" hai1="34,57,98,36,80,90,8,79,62,32,72,46,27" hai2="61,24,112,102,117,31,111,70,131,0,123,130,92" hai3="11,15,124,68,51,104,52,14,49,134,65,83,16"/><U26/><E8/><V2/><F92/><W121/><G104/><T42/><D114/><U18/><E46/><V47/><F102/><W96/><G121/><T4/><D118/><U39/><E36/><V43/><F117/><W71/><G124/><T10/><D129/><N who="2" m="49162" /><F123/><W94/><G134/><T87/><D42/><U56/><E39/><N who="2" m="22015" /><F111/><W21/><G83/><T19/><D30/><U23/><E27/><V110/><F112/><W120/><G120/><T85/><D127/><U78/><E78/><V9/><F9/><W45/><G51/><T101/><D101/><U38/><E38/><V53/><F110/><W133/><G65/><T82/><D93/><U122/><E122/><V128/><N who="2" m="49170" /><V25/><DORA hai="66" /><F25/><W116/><G133/><T115/><D115/><U132/><E132/><V119/><F119/><W125/><G125/><T12/><D63/><U89/><E98/><V28/><F28/><W107/><G107/><T81/><D54/><U41/><E41/><V7/><F7/><W76/><G116/><T59/><D59/><U99/><E99/><V35/><F53/><W17/><G76/><T55/><D55/><U75/><E79/><V33/><F33/><W50/><G50/><T3/><D82/><U48/><E80/><V1/><F61/><W106/><G106/><T37/><D37/><U103/><E62/><V6/><F6/><W91/><AGARI ba="1,0" hai="11,14,15,16,17,21,45,49,52,68,71,91,94,96" machi="91" ten="20,12000,2" yaku="0,1,7,1,52,2,54,2" doraHai="105,66" who="3" fromWho="3" sc="250,-31,370,-61,110,-31,270,123" /><INIT seed="2,0,0,5,5,9" ten="219,309,79,393" oya="2" hai0="74,106,99,98,119,36,115,84,126,7,15,88,72" hai1="73,107,68,59,44,110,31,60,131,55,19,18,5" hai2="67,94,43,129,50,81,95,117,25,118,66,78,123" hai3="121,133,46,64,40,3,45,51,63,69,26,122,87"/><V103/><F123/><W32/><G3/><T27/><D36/><U4/><E110/><V29/><F129/><W10/><G133/><T33/><D115/><U38/><E131/><V101/><F43/><W83/><G10/><N who="0" m="4575" /><D33/><U91/><E73/><V47/><F50/><W2/><G2/><T11/><D106/><U21/><E107/><V61/><F47/><W90/><G32/><T134/><D74/><U57/><E68/><V35/><F95/><W1/><G1/><T114/><D72/><U93/><E31/><V125/><F125/><W86/><G26/><T65/><D134/><U85/><E57/><V48/><F48/><W28/><G28/><T127/><D65/><U135/><E135/><V49/><F49/><W97/><G46/><T30/><D11/><U14/><REACH who="1" step="1"/><E18/><REACH who="1" ten="219,299,79,393" step="2"/><V58/><F67/><W77/><G97/><T20/><D114/><U54/><E54/><V128/><F128/><W37/><G37/><T100/><D100/><U56/><E56/><V41/><F41/><AGARI ba="0,1" hai="4,5,14,19,21,38,41,44,55,59,60,85,91,93" machi="41" ten="40,5200,0" yaku="1,1,52,1,53,1" doraHai="9" doraHaiUra="71" who="1" fromWho="2" sc="219,0,299,62,79,-52,393,0" /><INIT seed="3,0,0,1,4,124" ten="219,361,27,393" oya="3" hai0="40,106,113,76,64,118,91,109,66,43,36,56,90" hai1="132,50,129,135,46,8,63,15,17,23,105,117,110" hai2="80,28,24,84,55,53,58,95,82,20,93,38,51" hai3="49,32,71,26,74,73,61,3,5,44,34,52,116"/><W22/><G116/><T57/><D106/><U115/><E115/><V27/><F38/><W125/><G125/><T47/><D76/><U103/><E117/><V18/><F80/><W96/><G34/><T101/><D101/><U133/><E110/><V31/><F18/><W104/><G5/><T4/><D4/><U134/><N who="1" m="33792" /><DORA hai="126" /><U48/><E63/><V9/><F9/><W77/><G3/><T121/><D118/><U37/><E37/><V13/><F13/><W12/><G12/><T68/><D91/><U111/><E111/><V99/><F99/><W108/><G77/><T67/><D90/><U86/><E86/><V97/><F97/><W7/><G7/><T119/><D119/><U122/><E122/><V39/><F39/><W98/><G98/><T6/><D6/><N who="1" m="3479" /><E103/><V127/><F127/><W83/><G108/><T30/><D30/><U92/><E92/><V130/><F130/><W60/><G60/><T79/><D79/><U25/><E105/><V2/><F2/><W107/><G104/><T85/><D85/><U72/><E72/><V21/><REACH who="2" step="1"/><F55/><REACH who="2" ten="219,361,17,393" step="2"/><N who="3" m="30119" /><G96/><T70/><D109/><U128/><E50/><V11/><F11/><W100/><G52/><AGARI ba="0,1" hai="17,23,25,46,48,52,128,129" m="3479,33792" machi="52" ten="60,12000,2" yaku="20,1,52,4,54,1" doraHai="124,126" who="1" fromWho="3" sc="219,0,361,130,17,0,393,-120" owari="219,-18.1,491,59.1,17,-48.3,273,7.3" /></mjloggm>