<mjloggm ver="2.3"><GO type="225" lobby="0"/><UN n0="%E5%B0%8F%E9%B3%A5%E9%81%8A%E7%B7%B4%E7%84%A1%32%31%E6%AD%B3" n1="%E6%A1%9C%E8%8A%B1%E9%96%83%E3%80%85" n2="%E3%81%8B%E3%82%8F%E3%81%A1%E3%82%83%E3%82%93%35%38" n3="%E3%83%A9%E3%83%BC%E3%83%A1%E3%83%B3%E4%BA%94%E9%83%8E" dan="16,16,16,16" rate="2193.16,2161.67,2124.81,2086.77" sx="F,M,M,M"/><TAIKYOKU oya="0"/><INIT seed="0,0,0,2,0,65" ten="250,250,250,250" oya="0" hai0="74,117,68,97,77,48,126,13,79,129,55,130,132" hai1="104,5,95,32,56,85,8,9,41,100,108,115,60" hai2="20,12,71,88,99,78,134,67,22,44,53,94,121" hai3="35,43,47,37,15,42,4,7,128,92,36,123,89"/><T30/><D117/><U52/><E32/><V118/><F121/><W40/><G35/><T46/><D30/><U86/><E108/><V87/><F118/><W1/><G123/><T131/><D132/><U49/><E104/><V120/><F120/><W91/><G1/><T76/><D74/><U112/><E100/><V111/><F111/><W54/><G128/><T50/><D126/><U24/><E24/><V70/><F134/><W27/><G27/><T6/><D97/><U101/><E101/><V64/><F64/><W19/><G89/><T61/><D48/><U119/><E119/><V103/><F78/><W31/><G31/><T39/><D39/><U73/><E73/><V96/><F96/><W14/><G14/><T133/><D133/><U105/><E105/><V58/><F44/><W11/><G36/><T66/><D13/><N who="1" m="5263" /><E9/><V62/><F12/><W113/><G113/><N who="1" m="43594" /><E95/><V63/><REACH who="2" step="1"/><F71/><REACH who="2" ten="250,250,240,250" step="2"/><W127/><G127/><T109/><D109/><U72/><E72/><V2/><F2/><W106/><G15/><T80/><D6/><U33/><E33/><V125/><F125/><W25/><G4/><T124/><D124/><U69/><E69/><V28/><F28/><W90/><G7/><T17/><D17/><U114/><E114/><V10/><F10/><W135/><G11/><T83/><AGARI ba="0,1" hai="46,50,55,61,66,68,76,77,79,80,83,129,130,131" machi="83" ten="40,7800,0" yaku="0,1,19,1,52,1" doraHai="65" who="0" fromWho="0" sc="250,88,250,-26,240,-26,250,-26" /><INIT seed="0,1,0,5,2,20" ten="338,224,214,224" oya="0" hai0="85,119,33,44,64,71,70,39,28,106,57,25,108" hai1="115,3,94,13,19,2,55,96,74,40,98,0,48" hai2="84,52,54,90,67,135,32,91,103,5,105,56,17" hai3="49,101,132,29,43,37,127,111,18,130,26,112,124"/><T133/><D119/><U38/><E74/><V125/><F32/><W120/><G37/><T53/><D133/><U6/><E115/><V121/><F121/><W76/><G112/><T21/><D106/><U93/><E6/><V114/><F114/><W131/><G132/><T22/><D85/><U15/><E40/><V80/><F135/><W100/><G120/><T46/><D46/><U35/><E35/><V58/><F125/><N who="3" m="48203" /><G111/><T104/><D104/><U77/><E77/><V7/><F67/><W113/><G113/><T118/><D118/><U10/><E15/><V41/><F41/><W68/><G68/><T36/><D71/><U9/><E9/><V129/><F129/><N who="3" m="49163" /><G18/><T109/><D70/><U86/><E38/><V51/><F17/><W45/><G76/><T134/><D134/><U65/><E65/><V122/><F122/><W14/><G14/><T88/><D64/><U89/><REACH who="1" step="1"/><E94/><REACH who="1" ten="338,214,214,224" step="2"/><V50/><REACH who="2" step="1"/><F90/><REACH who="2" ten="338,214,204,224" step="2"/><W97/><G97/><AGARI ba="1,2" hai="5,7,50,51,52,54,56,58,80,84,91,97,103,105" machi="97" ten="40,8000,1" yaku="1,1,2,1,9,1,54,1,53,0" doraHai="20" doraHaiUra="16" who="2" fromWho="3" sc="338,0,214,0,204,103,224,-83" /><INIT seed="1,0,0,5,1,43" ten="338,214,307,141" oya="1" hai0="100,127,1,36,16,10,98,44,66,72,0,11,49" hai1="80,19,104,2,117,121,99,110,40,94,30,68,75" hai2="96,79,113,87,42,115,108,55,22,35,69,8,50" hai3="70,74,125,130,52,38,6,21,132,90,134,86,37"/><U9/><E117/><V71/><F35/><W126/><G74/><T47/><D72/><U123/><E68/><V129/><F96/><W67/><G6/><T122/><D127/><N who="3" m="48649" /><G21/><T78/><D78/><N who="1" m="44127" /><E19/><V3/><F22/><W5/><G5/><T92/><D66/><U93/><E30/><V32/><F42/><W107/><G107/><T53/><D122/><N who="1" m="46603" /><E40/><V61/><F50/><W12/><G12/><T63/><D63/><U28/><E2/><V118/><F87/><W91/><G86/><T45/><D36/><N who="3" m="13929" /><G90/><T34/><D34/><U84/><E9/><V57/><F8/><N who="0" m="3114" /><D0/><U102/><E28/><V114/><F3/><W81/><G91/><T112/><D1/><U119/><E119/><V82/><F118/><W103/><G103/><T62/><D62/><U64/><E64/><V105/><F32/><W41/><G81/><T23/><D112/><U25/><E25/><AGARI ba="0,0" hai="16,23,25,44,45,47,49,53,92,98,100" m="3114" machi="25" ten="30,8000,1" yaku="8,1,52,3,54,1" doraHai="43" who="0" fromWho="1" sc="338,80,214,-80,307,0,141,0" /><INIT seed="2,0,0,1,1,58" ten="418,134,307,141" oya="2" hai0="39,67,7,128,112,27,25,50,83,42,76,15,93" hai1="11,103,10,43,38,107,134,49,62,104,89,8,23" hai2="85,125,34,122,102,16,99,88,74,56,45,70,90" hai3="61,97,116,95,82,79,63,119,59,81,48,51,57"/><V9/><F70/><W86/><G119/><T121/><D121/><U1/><E38/><V17/><F74/><W36/><G36/><T72/><D112/><U87/><E1/><V0/><F122/><W111/><G111/><T108/><D108/><U24/><E134/><V130/><F130/><W60/><G82/><T106/><D106/><U14/><E103/><V54/><F125/><W115/><G115/><T3/><D15/><U4/><E104/><V71/><F71/><W84/><G84/><T13/><D50/><N who="3" m="18985" /><G116/><T98/><D13/><U18/><E62/><N who="2" m="36119" /><F34/><W64/><G64/><T31/><D67/><U2/><E107/><V105/><F105/><W22/><G22/><T30/><D128/><U29/><E2/><V66/><F0/><W75/><G75/><T94/><D94/><N who="1" m="54591" /><E4/><V33/><F33/><W5/><G5/><T46/><D30/><U52/><E43/><V91/><F66/><W40/><G40/><T123/><D31/><U124/><E124/><V69/><F69/><W12/><G12/><T77/><D123/><U35/><E35/><V117/><F117/><W19/><G19/><N who="2" m="7241" /><F9/><W6/><G6/><T118/><D118/><U92/><E92/><N who="2" m="58727" /><F45/><AGARI ba="0,0" hai="8,10,11,14,18,23,24,29,45,49,52" m="54591" machi="45" ten="30,2000,0" yaku="8,1,54,1" doraHai="58" who="1" fromWho="2" sc="418,0,134,20,307,-20,141,0" /><INIT seed="3,0,0,0,5,75" ten="418,154,287,141" oya="3" hai0="119,113,57,32,63,45,135,65,96,50,82,131,74" hai1="79,44,105,26,109,1,70,73,23,134,129,11,102" hai2="106,22,72,111,118,104,89,130,67,86,55,36,77" hai3="33,110,56,114,116,95,39,128,92,25,17,123,90"/><W93/><G114/><T78/><D119/><U2/><E70/><V133/><F36/><W20/><G116/><T9/><D131/><U16/><E129/><V100/><F67/><W54/><G123/><T47/><D135/><U98/><E134/><V87/><F22/><W62/><G110/><T64/><D32/><U122/><E122/><V121/><F55/><W12/><G128/><T10/><D113/><U68/><E109/><V126/><F130/><W101/><G39/><T21/><D65/><U31/><E68/><V0/><F0/><W61/><G101/><T58/><D21/><U115/><E115/><V76/><F111/><W71/><G71/><T18/><D96/><U14/><REACH who="1" step="1"/><E44/><REACH who="1" ten="418,144,287,141" step="2"/><V69/><F69/><W6/><G33/><T4/><D45/><U51/><E51/><V13/><F133/><W42/><G42/><T117/><D57/><U60/><E60/><V46/><F46/><W19/><G62/><T84/><D117/><U120/><E120/><V24/><F121/><W49/><G49/><T48/><D50/><U38/><E38/><V99/><F118/><W30/><REACH who="3" step="1"/><G90/><REACH who="3" ten="418,144,287,131" step="2"/><T8/><D48/><U125/><E125/><V97/><F126/><W3/><G3/><T53/><D63/><U88/><E88/><V94/><F89/><W52/><G52/><T81/><D53/><U7/><E7/><V59/><F100/><W28/><G28/><T107/><D4/><U41/><E41/><V29/><F29/><W103/><G103/><T35/><D35/><U27/><E27/><V34/><F24/><W91/><G91/><T43/><D43/><RYUUKYOKU ba="0,2" sc="418,-15,144,15,287,-15,131,15" hai1="1,2,11,14,16,23,26,31,73,79,98,102,105" hai3="6,12,17,19,20,25,30,54,56,61,92,93,95" /><INIT seed="3,1,2,5,3,109" ten="403,159,272,146" oya="3" hai0="117,6,110,31,75,105,78,27,49,128,98,7,60" hai1="23,55,61,66,131,12,113,88,25,57,22,40,85" hai2="129,37,123,96,100,26,97,29,86,133,107,45,32" hai3="135,93,21,76,58,87,63,111,134,115,130,2,125"/><W68/><G115/><T69/><D110/><U59/><E113/><V71/><F129/><W18/><G111/><T124/><D117/><U53/><E131/><V33/><F133/><N who="3" m="50699" /><G130/><T43/><D128/><U52/><E40/><N who="2" m="22671" /><F86/><W101/><G2/><T28/><D28/><N who="1" m="17463" /><E23/><V50/><F50/><W15/><G68/><T41/><D78/><U62/><E12/><V8/><F123/><W5/><G5/><T73/><D124/><U99/><E99/><V90/><F90/><N who="3" m="53471" /><G125/><T35/><D6/><U80/><AGARI ba="1,2" hai="52,53,55,57,59,61,62,66,80,85,88" m="17463" machi="80" ten="30,4000,0" yaku="8,1,54,2" doraHai="109" who="1" fromWho="1" sc="403,-11,159,63,272,-11,146,-21" owari="392,49.2,222,-17.8,261,6.1,125,-37.5" /></mjloggm>