<mjloggm ver="2.3"><GO type="225" lobby="0"/><UN n0="%E3%81%90%E3%81%A1%E3%82%84%E3%81%BE" n1="%E3%80%93%E3%81%97%E3%83%BC%E3%82%89%E3%80%93" n2="%E9%9B%80%E6%A5%B5%E3%81%AE%E3%81%B8" n3="%E5%B8%86%E7%AB%8B%E5%A4%8F%E8%A1%A3" dan="16,16,16,17" rate="2134.77,2160.52,2128.86,2163.57" sx="M,M,M,M"/><TAIKYOKU oya="0"/><INIT seed="0,0,0,3,5,85" ten="250,250,250,250" oya="0" hai0="101,37,6,0,52,133,81,121,19,79,42,76,120" hai1="26,94,49,92,69,86,127,57,93,31,29,54,135" hai2="14,45,23,44,65,102,18,30,56,80,129,105,16" hai3="77,36,126,82,123,91,12,2,110,84,68,112,62"/><T5/><D37/><U87/><E69/><V15/><F129/><W130/><G2/><T88/><D0/><U33/><E127/><V20/><F30/><W89/><G36/><T25/><D121/><U97/><E135/><V96/><REACH who="2" step="1"/><F80/><REACH who="2" ten="250,250,240,250" step="2"/><W103/><G130/><T46/><D120/><U122/><E122/><V134/><F134/><W108/><G123/><T48/><D133/><U99/><E31/><V35/><F35/><W40/><G126/><T118/><D118/><U107/><REACH who="1" step="1"/><E99/><REACH who="1" ten="250,240,240,250" step="2"/><V10/><F10/><W70/><G70/><T132/><D132/><U100/><AGARI ba="0,2" hai="26,29,33,49,54,57,86,87,92,93,94,97,100,107" machi="100" ten="30,7900,0" yaku="1,1,2,1,0,1,53,1" doraHai="85" doraHaiUra="98" who="1" fromWho="1" sc="250,-39,240,99,240,-20,250,-20" /><INIT seed="1,0,0,3,3,119" ten="211,339,220,230" oya="1" hai0="2,50,30,8,56,126,89,132,38,105,80,68,76" hai1="49,11,59,28,43,97,128,104,78,71,44,66,9" hai2="79,83,116,3,36,64,41,120,92,0,46,74,91" hai3="25,73,81,118,17,96,75,69,1,13,58,18,129"/><U20/><E128/><V114/><F116/><W6/><G69/><T40/><D68/><U125/><E71/><V121/><F64/><W42/><G118/><T4/><D105/><U52/><E66/><V35/><F114/><W7/><G1/><T84/><D126/><U123/><E123/><V86/><REACH who="2" step="1"/><F35/><REACH who="2" ten="211,339,210,230" step="2"/><W26/><G129/><T135/><D135/><U113/><E113/><V61/><F61/><W109/><G109/><T110/><D132/><U31/><E125/><V14/><F14/><W33/><G13/><T47/><D110/><U101/><E78/><V23/><F23/><W111/><G33/><T115/><D115/><U29/><REACH who="1" step="1"/><E20/><REACH who="1" ten="211,329,210,230" step="2"/><V77/><F77/><W82/><G111/><T107/><D76/><U51/><AGARI ba="0,2" hai="9,11,28,29,31,43,44,49,51,52,59,97,101,104" machi="51" ten="30,11700,0" yaku="1,1,2,1,0,1,54,1,53,0" doraHai="119" doraHaiUra="124" who="1" fromWho="1" sc="211,-39,329,137,210,-39,230,-39" /><INIT seed="1,1,0,5,2,84" ten="172,466,171,191" oya="1" hai0="110,65,45,59,51,112,104,123,63,76,75,18,64" hai1="100,69,42,60,114,66,5,53,79,1,37,83,62" hai2="30,72,103,126,40,120,94,116,92,119,129,89,102" hai3="34,122,73,134,74,82,67,99,91,41,124,10,23"/><U108/><E100/><N who="2" m="38443" /><F40/><W44/><G34/><T9/><D104/><U130/><E114/><V16/><F16/><W46/><G122/><T3/><D112/><U88/><E130/><V105/><F30/><W117/><G67/><T43/><D110/><U48/><E108/><V0/><F0/><W27/><G46/><T24/><D123/><U109/><E109/><V81/><F120/><W19/><G117/><N who="2" m="45129" /><F105/><W35/><G35/><T86/><D75/><U127/><E62/><V56/><F56/><W107/><G107/><T95/><D3/><U101/><E42/><V61/><F61/><W25/><G25/><T115/><D115/><U106/><E37/><V50/><F50/><W77/><G10/><T90/><D76/><U11/><E48/><V6/><F6/><W87/><G44/><T32/><D32/><U28/><E53/><V47/><F47/><W70/><G41/><T22/><D9/><U33/><E28/><V39/><F39/><W15/><G27/><T125/><D125/><U20/><E127/><V49/><F49/><W2/><G124/><T113/><D113/><U118/><E33/><V135/><F126/><W58/><G2/><T12/><D24/><U97/><E20/><V85/><F129/><W36/><G36/><T93/><D65/><U21/><E21/><V98/><F135/><W121/><G134/><T133/><REACH who="0" step="1"/><D133/><REACH who="0" ten="162,466,171,191" step="2"/><U26/><E26/><V55/><F72/><W38/><G74/><T68/><D68/><U54/><E118/><V128/><F128/><W71/><G73/><T57/><D57/><U96/><E1/><V14/><F14/><RYUUKYOKU ba="1,1" sc="162,30,466,-10,171,-10,191,-10" hai0="12,18,22,43,45,51,59,63,64,86,90,93,95" /><INIT seed="2,2,1,3,0,97" ten="192,456,161,181" oya="2" hai0="60,33,24,86,35,79,2,128,56,28,22,62,3" hai1="81,21,88,38,48,52,65,111,93,113,66,73,43" hai2="84,96,121,7,18,106,30,82,125,130,19,27,77" hai3="112,45,9,41,100,67,46,124,101,13,92,103,4"/><V47/><F121/><W32/><G32/><T20/><D128/><U42/><E113/><V58/><F130/><W94/><G112/><T29/><D86/><U74/><E111/><V83/><F125/><W85/><G124/><T14/><D79/><U57/><E38/><V120/><F120/><W71/><G71/><T68/><D68/><U123/><E74/><V91/><F7/><W11/><G67/><N who="1" m="25610" /><E73/><V51/><F58/><W135/><G135/><T110/><D56/><U102/><E123/><V117/><F117/><W108/><G108/><T16/><D110/><U10/><E10/><V53/><F106/><W70/><G70/><T76/><D76/><U87/><E21/><N who="0" m="8297" /><D62/><U90/><E102/><V61/><F61/><W127/><G127/><T116/><D60/><U6/><E6/><V80/><F96/><AGARI ba="2,1" hai="42,43,48,52,57,81,87,88,90,93,96" m="25610" machi="96" ten="30,3900,0" yaku="8,1,54,2" doraHai="97" who="1" fromWho="2" sc="192,0,456,55,161,-45,181,0" /><INIT seed="3,0,0,5,1,21" ten="192,511,116,181" oya="3" hai0="131,132,98,67,44,89,79,51,66,75,97,118,102" hai1="55,24,133,121,59,57,41,106,62,48,19,30,109" hai2="27,37,80,0,40,135,84,20,4,33,127,29,64" hai3="49,120,134,50,23,107,87,34,35,38,63,22,85"/><W73/><G38/><T68/><D118/><U16/><E106/><V65/><F127/><W58/><G73/><T32/><D32/><U70/><E70/><V91/><F135/><W31/><G107/><T94/><D68/><U99/><E121/><V5/><F37/><W52/><G120/><T47/><D131/><U78/><E109/><V111/><F111/><W86/><G134/><T129/><D129/><U3/><E3/><V18/><F40/><W36/><G36/><T42/><D132/><U125/><E125/><V115/><F115/><W128/><G128/><T108/><D108/><U10/><E10/><V96/><F96/><W69/><G35/><T14/><D79/><U12/><E12/><V61/><F0/><W25/><G50/><T122/><D75/><U13/><E13/><V26/><F64/><W95/><G95/><N who="0" m="58687" /><D122/><U60/><E48/><V123/><F123/><W54/><REACH who="3" step="1"/><G69/><AGARI ba="0,0" hai="4,5,18,20,26,27,29,33,61,65,69,80,84,91" machi="69" ten="30,3900,0" yaku="7,1,52,2" doraHai="21" who="2" fromWho="3" sc="192,0,511,0,116,39,181,-39" owari="192,-0.8,511,61.1,155,-24.5,142,-35.8" /></mjloggm>