<mjloggm ver="2.3"><GO type="225" lobby="0"/><UN n0="%40%77%61%6B%61" n1="%E3%81%82%E3%82%93%E3%81%AA%E3%81%A4" n2="%E6%A1%9C%E8%8A%B1%E9%96%83%E3%80%85" n3="%E3%81%95%E3%81%8D%E3%81%9F%E3%81%BE%E6%9E%97%E6%AA%8E" dan="16,17,17,16" rate="2075.97,2199.59,2273.94,2101.02" sx="M,M,M,M"/><TAIKYOKU oya="0"/><INIT seed="0,0,0,0,1,105" ten="250,250,250,250" oya="0" hai0="62,41,4,128,127,104,134,27,54,98,28,133,36" hai1="59,61,126,96,85,112,23,37,51,13,65,121,57" hai2="130,18,52,108,106,122,79,116,87,73,99,22,103" hai3="21,68,43,15,25,91,124,26,0,39,125,30,19"/><T1/><D128/><U16/><E121/><V90/><F122/><W58/><G68/><T118/><D118/><U33/><E37/><V120/><F120/><W107/><G107/><T35/><D127/><N who="3" m="48713" /><G58/><N who="0" m="35159" /><D36/><U123/><E123/><V94/><F108/><W86/><G0/><T77/><D77/><U135/><E126/><V92/><F130/><W34/><G43/><T71/><D41/><U42/><E33/><V80/><F116/><W66/><G66/><T17/><D17/><U101/><E135/><N who="0" m="51721" /><D71/><U46/><E112/><V48/><F94/><N who="3" m="54647" /><G39/><T70/><D70/><U40/><E40/><V44/><F22/><W111/><G111/><T75/><D1/><U110/><E110/><V84/><REACH who="2" step="1"/><F18/><REACH who="2" ten="250,250,240,250" step="2"/><W11/><G26/><T81/><D4/><U74/><E23/><AGARI ba="0,1" hai="11,15,19,21,23,25,30,34" m="54647,48713" machi="23" ten="30,1000,0" yaku="18,1" doraHai="105" who="3" fromWho="1" sc="250,0,250,-10,240,0,250,20" /><INIT seed="1,0,0,2,5,17" ten="250,240,240,270" oya="1" hai0="104,5,80,25,2,37,94,18,29,87,128,53,76" hai1="127,113,21,9,67,15,57,51,14,97,20,117,56" hai2="125,72,123,69,89,12,126,48,27,107,44,49,82" hai3="103,110,32,45,99,135,129,52,26,131,40,19,112"/><U66/><E113/><V101/><F123/><W132/><G110/><T111/><D104/><U105/><E117/><V118/><F118/><W36/><G112/><T70/><D111/><U83/><E127/><N who="2" m="48651" /><F69/><W22/><G32/><T115/><D115/><U74/><E105/><V55/><F12/><N who="1" m="4649" /><E74/><V109/><F109/><W42/><G42/><T122/><D122/><U33/><E33/><V59/><F27/><W86/><G86/><T61/><D37/><U46/><E83/><V95/><F107/><N who="3" m="63999" /><G52/><T68/><D128/><AGARI ba="0,0" hai="19,22,26,36,40,45,128,129,131,132,135" m="63999" machi="128" ten="30,2000,0" yaku="19,1,52,1" doraHai="17" who="3" fromWho="0" sc="250,-20,240,0,240,0,270,20" /><INIT seed="2,0,0,0,0,51" ten="230,240,240,290" oya="2" hai0="69,12,97,134,123,120,27,78,45,107,16,33,127" hai1="74,26,92,59,79,113,36,124,118,135,70,68,112" hai2="37,38,47,130,103,18,8,14,81,24,60,98,116" hai3="6,104,88,133,95,29,46,76,54,21,7,100,115"/><V106/><F116/><W64/><G64/><T105/><D69/><U65/><E36/><V94/><F130/><W25/><G133/><T67/><D134/><U30/><E135/><V2/><F2/><W102/><G104/><T10/><D127/><U41/><E118/><V66/><F81/><W90/><G76/><T114/><D114/><U39/><E124/><V128/><F128/><W0/><G0/><T11/><D67/><U61/><E92/><V19/><F94/><W34/><G34/><T101/><D105/><U23/><E68/><V13/><F24/><W109/><G109/><T129/><D129/><U22/><E22/><V126/><F47/><W50/><G90/><T125/><D125/><U43/><E70/><V58/><REACH who="2" step="1"/><F126/><REACH who="2" ten="230,240,230,290" step="2"/><W84/><G115/><T53/><D45/><U63/><E112/><V52/><F52/><W96/><G96/><T117/><D53/><U111/><E113/><V5/><F5/><AGARI ba="0,1" hai="5,6,7,21,25,29,46,50,54,84,88,95,100,102" machi="5" ten="40,5200,0" yaku="8,1,52,1,54,1" doraHai="51" who="3" fromWho="2" sc="230,0,240,0,230,-52,290,62" /><INIT seed="3,0,0,3,4,75" ten="230,240,178,352" oya="3" hai0="4,80,131,24,70,51,23,48,91,125,36,62,110" hai1="40,122,134,127,104,76,55,12,44,61,116,26,84" hai2="94,16,8,130,124,132,47,38,5,19,117,78,106" hai3="30,123,90,120,32,9,57,31,10,33,93,114,37"/><W18/><G114/><T88/><D36/><U128/><E122/><V60/><F117/><W99/><G37/><T72/><D110/><U11/><E104/><V68/><F106/><W119/><G57/><T21/><D131/><U50/><E128/><V111/><F130/><W95/><G99/><T45/><D48/><U87/><E116/><V96/><F111/><W29/><G18/><T7/><D125/><U77/><E134/><V35/><F124/><W27/><G27/><T13/><D62/><U0/><E0/><V92/><F35/><W103/><G90/><N who="0" m="34347" /><D80/><U49/><E26/><V133/><F133/><W109/><G31/><N who="0" m="17807" /><D72/><U28/><E61/><V1/><F132/><W129/><G129/><T118/><D70/><U66/><E66/><V98/><F98/><W17/><G109/><T81/><D81/><U43/><E28/><V6/><F6/><W113/><G30/><T63/><D63/><U100/><E100/><V20/><F96/><W65/><G103/><T15/><D118/><U73/><E73/><V71/><F19/><W52/><G17/><N who="0" m="10671" /><D15/><U126/><E126/><V67/><F71/><W82/><G119/><T59/><D59/><N who="1" m="33263" /><E43/><AGARI ba="0,0" hai="4,7,43,45,51" m="10671,17807,34347" machi="43" ten="30,2000,0" yaku="8,1,54,1" doraHai="75" who="0" fromWho="1" sc="230,20,240,-20,178,0,352,0" owari="250,5.0,220,-18.0,178,-32.2,352,45.2" /></mjloggm>