<mjloggm ver="2.3"><GO type="225" lobby="0"/><UN n0="%E6%B4%BE%E9%81%A3%E3%81%AE%E3%82%B8%E3%83%A3%E3%83%83%E3%82%AF" n1="%E7%9C%BC%E7%A7%91%E5%8C%BB" n2="%72%69%6F%75%63%68%61%6E" n3="%E3%81%BF%E3%81%BF%E3%81%9A" dan="17,16,16,18" rate="2199.76,2150.34,2203.88,2249.03" sx="M,M,M,M"/><TAIKYOKU oya="0"/><INIT seed="0,0,0,3,1,19" ten="250,250,250,250" oya="0" hai0="107,35,115,135,78,23,130,89,70,105,85,10,11" hai1="62,18,93,31,2,74,71,60,126,41,95,113,36" hai2="94,54,26,47,84,88,72,44,116,122,7,114,112" hai3="103,67,121,118,124,6,80,66,22,97,56,46,49"/><T65/><D35/><U129/><E74/><V83/><F122/><W99/><G118/><T58/><D115/><U30/><E2/><V37/><F116/><W20/><G121/><T42/><D70/><U38/><E18/><V132/><F132/><W57/><G6/><T5/><D78/><U101/><E41/><V68/><F68/><W128/><G80/><T50/><D135/><U43/><E43/><V55/><F7/><W9/><G9/><T15/><D130/><U51/><E51/><V109/><F109/><W63/><G124/><T64/><D11/><U73/><E73/><V24/><F114/><W119/><G119/><T86/><D86/><U8/><E8/><V61/><F112/><W117/><G128/><T111/><D111/><U82/><E113/><V13/><F13/><W40/><G117/><T52/><D42/><U48/><E48/><N who="2" m="28935" /><F37/><W106/><G99/><T12/><D105/><U131/><E71/><V59/><F72/><W0/><G0/><T17/><D107/><U96/><E96/><N who="2" m="57415" /><F47/><W91/><G91/><AGARI ba="0,0" hai="24,26,55,59,61,83,84,91" m="57415,28935" machi="91" ten="30,2000,0" yaku="8,1,54,1" doraHai="19" who="2" fromWho="3" sc="250,0,250,0,250,20,250,-20" /><INIT seed="1,0,0,2,0,52" ten="250,250,270,230" oya="1" hai0="44,19,31,67,129,37,126,26,86,99,109,119,114" hai1="23,13,83,15,116,87,50,91,105,88,32,42,66" hai2="78,21,76,79,5,113,25,54,117,59,45,75,0" hai3="33,107,9,35,29,72,100,127,3,53,68,77,98"/><U58/><E32/><V39/><F117/><W97/><G127/><T124/><D119/><U69/><E105/><V63/><F113/><W46/><G98/><T64/><D114/><U89/><E69/><V130/><F130/><W103/><G100/><T106/><D109/><U60/><E116/><V122/><F122/><W8/><G53/><T18/><D129/><U92/><E23/><V90/><F90/><N who="1" m="34921" /><E92/><V102/><F102/><W48/><G68/><T2/><D2/><U49/><E49/><V57/><F75/><W4/><G29/><T70/><D86/><U104/><E104/><V96/><F96/><W81/><G48/><T62/><D67/><U40/><E40/><V134/><F39/><W43/><G8/><T131/><D131/><U27/><E27/><V47/><F0/><W74/><G72/><T112/><D112/><U128/><E128/><V85/><F85/><W111/><G111/><T93/><D106/><U41/><E41/><V51/><F134/><W73/><G74/><T84/><D84/><U1/><E1/><V120/><F120/><W20/><G20/><N who="0" m="15815" /><D126/><U24/><E24/><V94/><F94/><W22/><G22/><T10/><D10/><U30/><E30/><V55/><F5/><W38/><AGARI ba="0,0" hai="3,4,9,33,35,38,43,46,73,77,81,97,103,107" machi="38" ten="20,12000,2" yaku="0,1,7,1,25,2,33,3" doraHai="52" who="3" fromWho="3" sc="250,-30,250,-60,270,-30,230,120" /><INIT seed="2,0,0,1,1,57" ten="220,190,240,350" oya="2" hai0="79,76,15,104,95,58,55,129,47,17,20,49,131" hai1="88,32,90,25,92,54,117,87,23,83,69,19,66" hai2="112,8,99,50,82,114,48,62,44,91,128,103,51" hai3="107,46,110,18,35,81,7,124,21,59,10,34,6"/><V96/><F128/><N who="0" m="49226" /><D104/><U77/><E117/><V67/><F44/><W89/><G107/><T42/><D95/><U132/><E132/><V27/><F27/><W71/><G71/><T45/><D45/><U11/><E32/><V78/><F8/><W39/><G6/><T43/><D43/><U127/><E127/><V22/><F22/><W70/><G70/><T40/><D40/><U30/><E69/><V12/><F12/><W29/><G81/><T97/><D97/><U133/><E133/><V121/><F121/><W105/><G89/><T16/><D17/><U26/><E66/><V2/><F2/><W4/><G18/><T72/><D72/><U106/><E106/><V126/><F126/><W119/><G105/><T24/><D24/><U41/><E41/><V116/><F116/><W13/><G46/><T28/><D28/><U73/><E54/><V9/><F91/><W86/><G124/><T60/><AGARI ba="0,0" hai="15,16,20,42,47,49,55,58,60,76,79" m="49226" machi="60" ten="30,4000,0" yaku="19,1,52,1,54,1" doraHai="57" who="0" fromWho="0" sc="220,40,190,-10,240,-20,350,-10" /><INIT seed="3,0,0,2,2,88" ten="260,180,220,340" oya="3" hai0="79,27,56,25,44,110,51,7,41,87,18,36,8" hai1="82,92,91,123,43,32,48,52,58,37,60,114,10" hai2="64,73,40,23,4,76,84,3,120,101,133,104,116" hai3="126,39,89,55,5,118,61,65,103,107,35,31,106"/><W15/><G118/><T98/><D110/><U62/><E123/><V119/><F73/><W96/><G39/><T113/><D113/><U2/><E114/><V74/><F84/><W1/><G126/><T111/><D111/><U6/><E32/><V45/><F120/><W129/><G129/><T77/><D98/><U66/><E82/><N who="2" m="45335" /><F23/><W0/><G55/><T9/><D9/><U130/><E130/><V13/><F13/><W81/><G107/><T54/><D18/><U100/><E100/><V46/><F46/><W72/><G15/><T94/><D27/><U30/><E30/><V16/><F16/><W109/><G5/><T83/><D25/><U102/><E102/><V117/><F64/><W99/><G109/><T128/><D128/><U86/><REACH who="1" step="1"/><E66/><REACH who="1" ten="260,170,220,340" step="2"/><V22/><F101/><W105/><G31/><T42/><D83/><U34/><E34/><V14/><F116/><W132/><G35/><T26/><D77/><U108/><E108/><V29/><F29/><W71/><G106/><T93/><D79/><U122/><E122/><V12/><F104/><W85/><G105/><T67/><D67/><U115/><E115/><V127/><F119/><W28/><G103/><T50/><D93/><U21/><E21/><V11/><F117/><W53/><G28/><T90/><D94/><U17/><E17/><V47/><F22/><W49/><G65/><T112/><D112/><U95/><E95/><V75/><F127/><W57/><G81/><T80/><D80/><U131/><E131/><V20/><F20/><W59/><G72/><T135/><D90/><U33/><E33/><RYUUKYOKU ba="0,1" sc="260,-10,170,30,220,-10,340,-10" hai1="2,6,10,37,43,48,52,58,60,62,86,91,92" owari="250,5.0,200,-30.0,210,-19.0,340,44.0" /></mjloggm>