<mjloggm ver="2.3"><GO type="225" lobby="0"/><UN n0="%E2%98%86%E5%B0%8F%E5%AD%A6%E7%94%B7%E7%94%9F%E2%98%86" n1="%E6%98%93%E5%88%A9%E8%96%A9%E4%BC%AF" n2="%E6%A1%9C%E8%8A%B1%E9%96%83%E3%80%85" n3="%E4%BF%BA%E3%81%A8%E5%A6%96%E5%A4%A2" dan="17,17,16,16" rate="2191.67,2191.61,2098.77,2213.61" sx="M,F,M,F"/><TAIKYOKU oya="0"/><INIT seed="0,0,0,4,5,102" ten="250,250,250,250" oya="0" hai0="35,25,58,30,21,78,122,32,75,37,97,9,60" hai1="18,44,36,2,16,73,95,47,135,107,27,105,77" hai2="51,46,131,56,98,108,6,91,0,3,10,54,104" hai3="8,100,65,71,94,19,34,67,114,43,103,129,132"/><T96/><D37/><U33/><E2/><V87/><F108/><W4/><G114/><T84/><D122/><U52/><E135/><V86/><F131/><W112/><G112/><T83/><D75/><U53/><E73/><V109/><F109/><W55/><G71/><T45/><D45/><U61/><E77/><V59/><F0/><W134/><G34/><T128/><D128/><U106/><E95/><V26/><F26/><W88/><G129/><T42/><D42/><U124/><E124/><V11/><F11/><W126/><G126/><T23/><D9/><U50/><E33/><V31/><F31/><W74/><G19/><T111/><D111/><U24/><E36/><V28/><F28/><W121/><G43/><T20/><REACH who="0" step="1"/><D35/><REACH who="0" ten="240,250,250,250" step="2"/><U7/><E7/><V17/><F10/><W92/><G74/><T57/><D57/><U41/><E41/><V49/><F59/><W1/><G121/><T116/><D116/><U113/><E113/><V40/><F6/><W82/><G134/><T120/><D120/><U38/><E38/><V119/><F119/><W101/><G132/><T117/><D117/><U70/><E70/><V48/><F56/><W130/><G130/><T69/><D69/><U123/><E123/><V39/><F39/><W29/><G8/><T13/><D13/><U93/><E61/><V133/><F133/><W80/><G4/><T115/><D115/><U12/><E12/><V22/><F3/><W110/><G1/><T125/><D125/><U63/><E63/><V99/><F40/><W66/><G110/><T5/><D5/><U79/><E47/><RYUUKYOKU ba="0,1" sc="240,30,250,-10,250,-10,250,-10" hai0="20,21,23,25,30,32,58,60,78,83,84,96,97" /><INIT seed="0,1,1,4,5,110" ten="270,240,240,240" oya="0" hai0="119,1,135,69,106,73,133,24,89,127,31,132,35" hai1="94,126,90,59,27,63,107,131,79,96,32,124,8" hai2="60,38,54,65,95,134,2,98,18,103,28,14,29" hai3="17,33,93,108,123,74,120,40,91,50,52,87,19"/><T51/><D119/><U105/><E131/><V116/><F2/><W117/><G108/><T114/><D106/><U55/><E79/><V41/><F116/><W81/><G117/><T44/><D69/><U43/><E43/><V36/><F134/><W115/><G40/><N who="0" m="24967" /><D127/><N who="1" m="48683" /><E8/><V80/><F54/><W58/><G33/><T7/><D73/><U121/><E121/><N who="3" m="46666" /><G115/><T62/><D114/><U88/><E90/><V21/><F80/><W118/><G118/><T45/><D62/><U12/><E12/><V68/><REACH who="2" step="1"/><F41/><REACH who="2" ten="270,240,230,240" step="2"/><W77/><AGARI ba="1,2" hai="17,19,50,52,58,74,77,81,87,91,93" m="46666" machi="77" ten="30,2000,0" yaku="13,1,54,1" doraHai="110" who="3" fromWho="3" sc="270,-11,240,-6,230,-6,240,43" /><INIT seed="1,0,0,1,3,31" ten="259,234,224,283" oya="1" hai0="41,119,22,10,134,16,95,69,117,19,40,25,45" hai1="18,61,9,47,123,42,116,59,64,52,96,35,88" hai2="62,112,8,125,26,2,14,79,113,102,68,5,53" hai3="130,44,36,60,93,48,29,20,121,100,15,51,111"/><U77/><E116/><V55/><F125/><W127/><G121/><T39/><D69/><U115/><E115/><N who="2" m="44107" /><F79/><W0/><G0/><T7/><D134/><U11/><E123/><V91/><F102/><W78/><G127/><T12/><D41/><U107/><E77/><V30/><F91/><W101/><G111/><T89/><REACH who="0" step="1"/><D7/><REACH who="0" ten="249,234,224,283" step="2"/><U109/><E109/><V76/><F2/><W99/><G130/><T87/><AGARI ba="0,1" hai="10,12,16,19,22,25,39,40,45,87,89,95,117,119" machi="87" ten="20,8000,1" yaku="1,1,2,1,0,1,7,1,54,1,53,0" doraHai="31" doraHaiUra="108" who="0" fromWho="0" sc="249,90,234,-40,224,-20,283,-20" /><INIT seed="2,0,0,0,1,81" ten="339,194,204,263" oya="2" hai0="68,54,133,123,22,46,13,26,25,119,44,98,34" hai1="85,17,63,72,120,41,0,50,55,31,21,66,24" hai2="103,99,112,93,9,86,80,52,1,20,127,95,122" hai3="29,3,27,73,59,111,64,49,38,69,11,39,114"/><V96/><F122/><W82/><G111/><T37/><D68/><U32/><E72/><V28/><F112/><W53/><G114/><T33/><D123/><U6/><E120/><V10/><F127/><W129/><G129/><T65/><D65/><U92/><E41/><V132/><F132/><W7/><G64/><T89/><D133/><U61/><E0/><V128/><F128/><W109/><G69/><T58/><D37/><U91/><E6/><V134/><F1/><W60/><G60/><T94/><D33/><U19/><E66/><V105/><F105/><W78/><REACH who="3" step="1"/><G109/><REACH who="3" ten="339,194,204,253" step="2"/><T15/><D119/><U70/><E70/><V51/><F134/><W42/><G42/><T23/><D34/><AGARI ba="0,1" hai="3,7,11,27,29,34,38,39,49,53,59,73,78,82" machi="34" ten="30,3900,0" yaku="1,1,7,1,53,1" doraHai="81" doraHaiUra="2" who="3" fromWho="0" sc="339,-39,194,0,204,0,253,49" /><INIT seed="3,0,0,2,2,107" ten="300,194,204,302" oya="3" hai0="90,11,0,75,57,68,93,86,124,3,122,31,109" hai1="115,71,50,110,89,33,73,12,1,21,131,19,88" hai2="80,114,59,123,36,102,100,69,104,24,10,95,112" hai3="118,96,119,9,40,42,44,4,55,82,85,128,35"/><W66/><G35/><T54/><D68/><U45/><E115/><V111/><F69/><W49/><G128/><T103/><D122/><U120/><E120/><V58/><F123/><W126/><G126/><T130/><D75/><U18/><E1/><V72/><F36/><W132/><G132/><T84/><D130/><U56/><E71/><V15/><F104/><W5/><G66/><T63/><D124/><U16/><E131/><V43/><F43/><W20/><G96/><T105/><D109/><U125/><E125/><V77/><F111/><W60/><G4/><T51/><D31/><U74/><E110/><V92/><F24/><W108/><G108/><T70/><D86/><U127/><E33/><V29/><F29/><W133/><G20/><T7/><D105/><U27/><E127/><V81/><F15/><W32/><G32/><T76/><D76/><U34/><E34/><V121/><F121/><W134/><G118/><T52/><D103/><N who="2" m="39466" /><F10/><W48/><G60/><T14/><D70/><U26/><E56/><AGARI ba="0,0" hai="0,3,7,11,14,51,52,54,56,57,63,84,90,93" machi="56" ten="30,2000,0" yaku="7,1,54,1" doraHai="107" who="0" fromWho="1" sc="300,20,194,-20,204,0,302,0" owari="320,42.0,174,-32.6,204,-19.6,302,10.2" /></mjloggm>