<mjloggm ver="2.3"><GO type="225" lobby="0"/><UN n0="%E3%81%8B%E3%82%8F%E3%81%A1%E3%82%83%E3%82%93%35%38" n1="%E7%99%BD%E5%80%89%E5%AF%9B%E4%B9%8B" n2="%E3%82%A4%E3%83%BC%E3%82%B1%E3%83%97%E3%83%A9" n3="%E3%81%BF%E3%81%BF%E3%81%9A" dan="16,16,16,17" rate="2163.33,2140.49,2127.54,2197.55" sx="M,M,M,M"/><TAIKYOKU oya="0"/><INIT seed="0,0,0,5,1,84" ten="250,250,250,250" oya="0" hai0="63,23,59,78,48,113,39,64,124,116,95,128,111" hai1="100,16,50,5,65,24,98,83,53,9,32,18,28" hai2="15,74,101,30,85,79,86,80,14,44,131,132,117" hai3="49,52,7,105,67,130,27,123,66,37,76,54,104"/><T35/><D35/><U25/><E65/><V91/><F131/><W3/><G37/><T125/><D113/><U17/><E83/><V109/><F109/><W55/><G76/><T1/><D1/><U122/><E122/><V133/><F117/><W126/><G49/><T34/><D34/><U61/><E61/><V42/><F30/><W68/><G130/><T58/><D128/><U72/><E72/><V110/><F101/><W8/><G123/><T47/><D116/><U62/><E62/><V73/><F86/><W20/><G126/><N who="0" m="48747" /><D78/><U60/><E60/><V96/><F96/><W71/><G66/><T97/><D111/><U134/><E134/><N who="2" m="51819" /><F110/><W43/><G43/><N who="0" m="23039" /><D23/><U119/><E119/><V127/><F127/><W118/><G67/><T121/><D121/><U81/><E81/><N who="2" m="45295" /><F74/><W129/><G118/><T21/><D21/><U99/><E25/><V103/><F103/><W89/><G89/><N who="0" m="55535" /><D48/><AGARI ba="0,0" hai="14,15,42,44,48,80,85,91" m="45295,51819" machi="48" ten="30,2000,0" yaku="20,1,52,1" doraHai="84" who="2" fromWho="0" sc="250,-20,250,0,250,20,250,0" /><INIT seed="1,0,0,0,3,92" ten="230,250,270,250" oya="1" hai0="84,39,86,107,63,54,33,111,85,129,82,23,89" hai1="94,105,112,130,120,61,97,53,40,50,48,16,135" hai2="24,0,127,55,124,103,81,17,108,47,100,76,56" hai3="38,65,46,67,1,95,96,51,9,91,31,132,28"/><U49/><E112/><V22/><F47/><W77/><G38/><T41/><D33/><U70/><E120/><V80/><F0/><W8/><G132/><T74/><D107/><U73/><E73/><V44/><F44/><W34/><G77/><T83/><D74/><U93/><E135/><V88/><F108/><W35/><G35/><T25/><D39/><U10/><E130/><V19/><F19/><W123/><G123/><T66/><D129/><U121/><E121/><V119/><F119/><W87/><G34/><T58/><D111/><U109/><E109/><V60/><F88/><N who="3" m="55399" /><G1/><T43/><D66/><N who="3" m="25097" /><G87/><T26/><D85/><U12/><E70/><V131/><F131/><W2/><G2/><T21/><D21/><U90/><E105/><V6/><F6/><W42/><G91/><N who="0" m="51607" /><D25/><U14/><E94/><V104/><F104/><W64/><N who="3" m="25105" /><W32/><DORA hai="71" /><G32/><T3/><D3/><U27/><E40/><V106/><F106/><W72/><G72/><T133/><D133/><U128/><E128/><V79/><F79/><W102/><G102/><N who="2" m="38953" /><F76/><W117/><G117/><T113/><D113/><U99/><E99/><V62/><F62/><W116/><G116/><T134/><D134/><U101/><E101/><V18/><F18/><AGARI ba="0,0" hai="18,23,26,41,43,54,58,63,83,86,89" m="51607" machi="18" ten="30,1000,0" yaku="8,1" doraHai="92,71" who="0" fromWho="2" sc="230,10,250,0,270,-10,250,0" /><INIT seed="2,0,0,4,1,111" ten="240,250,260,250" oya="2" hai0="14,40,90,96,11,75,131,68,94,99,67,135,53" hai1="43,81,113,70,128,126,26,107,72,132,89,105,44" hai2="52,49,35,103,100,16,13,12,82,91,37,10,5" hai3="101,24,27,42,4,0,19,114,120,51,62,65,95"/><V85/><F37/><W8/><G120/><T102/><D75/><U48/><E70/><V106/><F35/><W17/><G114/><T46/><D131/><U124/><E128/><V78/><F78/><W123/><G123/><T56/><D135/><U93/><E132/><V115/><F106/><W23/><G42/><T34/><D34/><U31/><E113/><V80/><F80/><W36/><G51/><T25/><D25/><U92/><E81/><V77/><F77/><W1/><G36/><T116/><D116/><U118/><E72/><V41/><F41/><W108/><G0/><T39/><D67/><U122/><E118/><V84/><F84/><W28/><G108/><T55/><D68/><U109/><E109/><V50/><F50/><W66/><G66/><T47/><D47/><U87/><E93/><V21/><REACH who="2" step="1"/><F115/><REACH who="2" ten="240,250,250,250" step="2"/><W9/><G95/><T127/><D39/><U32/><REACH who="1" step="1"/><E122/><REACH who="1" ten="240,240,250,250" step="2"/><V129/><F129/><W121/><G121/><T88/><D94/><U73/><E73/><V2/><F2/><W98/><G1/><T83/><D83/><U38/><E38/><V119/><F119/><W64/><G98/><T110/><D99/><U6/><E6/><V29/><F29/><W33/><G4/><T3/><D96/><U7/><E7/><V97/><F97/><W86/><G86/><T74/><D3/><U59/><E59/><AGARI ba="0,2" hai="5,10,12,13,16,21,49,52,59,82,85,91,100,103" machi="59" ten="30,12000,1" yaku="1,1,7,1,8,1,54,2,53,0" doraHai="111" doraHaiUra="58" who="2" fromWho="1" sc="240,0,240,-120,250,140,250,0" /><INIT seed="2,1,0,4,5,34" ten="240,120,390,250" oya="2" hai0="93,77,55,64,60,109,44,69,57,62,86,22,94" hai1="17,31,49,96,43,112,33,74,54,123,81,12,73" hai2="11,118,20,63,126,124,23,88,78,100,8,128,104" hai3="2,92,65,29,76,134,58,37,127,66,71,4,52"/><V47/><F118/><W18/><G29/><T51/><D109/><U114/><E43/><V28/><F78/><W32/><G32/><T48/><D48/><U135/><E123/><V108/><F128/><W107/><G107/><T120/><D120/><U111/><E111/><V113/><F113/><W122/><G122/><T7/><D7/><U99/><E135/><V3/><F108/><W61/><G76/><T101/><D101/><U45/><E114/><V53/><F100/><W68/><G134/><T98/><D98/><U110/><E112/><V35/><F104/><W83/><G83/><T59/><D69/><N who="3" m="26697" /><G18/><T10/><D10/><U46/><E46/><V79/><F79/><W42/><G2/><T95/><D22/><U80/><E110/><V14/><F35/><W40/><G92/><T19/><D19/><U13/><E13/><V9/><F3/><W26/><G26/><T106/><D106/><U132/><E132/><V129/><F129/><W90/><G90/><N who="0" m="53463" /><D77/><U117/><E117/><V30/><F88/><W15/><G127/><T0/><D0/><U91/><E74/><V39/><F14/><W41/><G4/><T85/><D85/><N who="1" m="50599" /><E81/><V82/><F82/><W130/><G130/><T131/><D131/><U97/><E73/><V21/><F126/><W38/><G15/><T6/><D6/><U105/><E105/><V89/><F124/><W72/><G72/><T121/><D121/><U115/><E115/><V70/><F89/><W5/><G5/><T36/><D36/><AGARI ba="1,0" hai="36,37,38,40,41,42,52,58,61,65,66" m="26697" machi="36" ten="40,12000,2" yaku="35,5,54,1" doraHai="34" who="3" fromWho="0" sc="240,-123,120,0,390,0,250,123" /><INIT seed="3,0,0,5,5,35" ten="117,120,390,373" oya="3" hai0="135,93,119,46,88,28,70,86,100,47,83,9,21" hai1="132,108,127,33,17,116,59,85,80,65,8,129,29" hai2="3,24,96,131,102,64,55,50,74,61,110,25,112" hai3="22,26,106,134,95,31,30,122,57,77,73,111,54"/><W1/><G122/><T94/><D119/><U75/><E75/><V56/><F74/><W79/><G106/><T32/><D32/><U109/><E116/><V99/><F3/><W34/><G1/><T89/><D70/><U130/><E127/><V113/><F110/><N who="1" m="42601" /><E132/><V38/><F38/><W2/><G111/><T98/><D135/><U37/><E37/><V118/><F118/><W42/><G2/><T84/><D9/><U45/><E45/><V78/><F131/><N who="1" m="50185" /><E29/><N who="3" m="10762" /><G34/><T58/><D58/><U101/><E101/><V114/><F78/><N who="3" m="29707" /><G73/><T69/><D69/><U11/><E33/><V49/><F102/><W123/><G123/><T12/><D28/><U76/><E17/><AGARI ba="0,0" hai="12,17,21,46,47,83,84,86,88,89,93,94,98,100" machi="17" ten="40,2600,0" yaku="8,1,54,1" doraHai="35" who="0" fromWho="1" sc="117,26,120,-26,390,0,373,0" owari="143,-25.7,94,-40.6,390,49.0,373,17.3" /></mjloggm>