<mjloggm ver="2.3"><GO type="225" lobby="0"/><UN n0="%E3%83%96%E3%83%83%E3%83%91%E3%82%AA%E3%83%96%E3%83%81%E3%82%AD%E3%83%B3" n1="%E3%83%8F%E3%83%B3%E3%83%89%E3%83%A9%E3%83%BC%E3%83%BB%E3%83%AF%E3%83%B3" n2="%E9%B3%B3%E6%9D%B1%E3%81%AE%E3%81%86%E3%81%95%E3%81%8E%E3%81%95%E3%82%93" n3="%E6%A1%9C%E8%8A%B1%E9%96%83%E3%80%85" dan="16,18,17,17" rate="2207.71,2268.77,2150.94,2257.82" sx="M,M,M,M"/><TAIKYOKU oya="0"/><INIT seed="0,0,0,2,0,1" ten="250,250,250,250" oya="0" hai0="120,115,33,63,56,19,129,94,135,47,11,5,74" hai1="119,93,87,69,127,101,16,28,121,4,82,68,57" hai2="30,104,92,70,89,34,18,51,88,72,61,71,97" hai3="60,124,99,117,35,128,32,52,83,20,107,79,108"/><T41/><D115/><U26/><E119/><V122/><F122/><W95/><G117/><T39/><D120/><U54/><E121/><V38/><F38/><W80/><G107/><T22/><D129/><U13/><E127/><V98/><F72/><W105/><G105/><T112/><D135/><U21/><E93/><V24/><F51/><W31/><G124/><T10/><D112/><U6/><E101/><V29/><F29/><W48/><G108/><T86/><D33/><U96/><E96/><V3/><F3/><W114/><G128/><T131/><D74/><U118/><E69/><V73/><F73/><W8/><G60/><T91/><D131/><U27/><E68/><V76/><F76/><W132/><G8/><T7/><D11/><N who="1" m="6207" /><E27/><V110/><F110/><W78/><G132/><T59/><D10/><U130/><E118/><V0/><F0/><W77/><G35/><T109/><D109/><U15/><E15/><V102/><F18/><W106/><G106/><T45/><D45/><U2/><E2/><V64/><F70/><W58/><G32/><T44/><D44/><U133/><E133/><V42/><F42/><W49/><G114/><T53/><REACH who="0" step="1"/><D59/><REACH who="0" ten="240,250,250,250" step="2"/><U50/><E130/><V116/><REACH who="2" step="1"/><F116/><REACH who="2" ten="240,250,240,250" step="2"/><W37/><G37/><T123/><D123/><U14/><E14/><AGARI ba="0,2" hai="5,7,14,19,22,39,41,47,53,56,63,86,91,94" machi="14" ten="30,11600,0" yaku="1,1,7,1,52,2,53,0" doraHai="1" doraHaiUra="126" who="0" fromWho="1" sc="240,136,250,-116,240,0,250,0" /><INIT seed="0,1,0,2,2,121" ten="376,134,240,250" oya="0" hai0="81,130,109,71,14,53,129,133,77,95,12,73,78" hai1="69,39,67,111,64,46,13,100,84,125,56,113,31" hai2="35,83,6,98,70,126,57,3,134,21,82,86,44" hai3="19,75,28,50,8,42,26,89,7,22,60,18,25"/><T1/><D1/><U37/><E113/><V107/><F70/><W128/><G75/><T114/><D114/><U108/><E69/><V33/><F3/><W40/><G128/><N who="0" m="49259" /><D71/><U132/><E132/><V38/><F6/><W106/><G106/><T92/><D133/><U20/><E100/><V29/><F134/><W2/><G60/><T41/><D41/><U79/><E125/><V45/><F126/><W17/><G89/><T88/><D78/><U65/><E56/><V115/><F33/><N who="3" m="20623" /><G50/><T135/><D95/><U10/><E20/><V101/><F21/><N who="3" m="13615" /><G42/><T117/><D117/><U122/><E31/><V43/><F29/><W103/><G40/><T93/><D93/><U110/><E46/><V61/><F45/><W24/><G103/><T36/><D36/><U74/><E122/><V85/><F35/><W48/><G48/><T30/><D30/><AGARI ba="1,0" hai="2,7,8,18,19,22,24,30" m="13615,20623" machi="30" ten="30,8000,1" yaku="35,5" doraHai="121" who="3" fromWho="0" sc="376,-83,134,0,240,0,250,83" /><INIT seed="1,0,0,4,0,63" ten="293,134,240,333" oya="1" hai0="51,6,114,19,92,118,89,120,53,23,57,40,122" hai1="87,18,48,116,61,46,26,43,93,37,17,110,85" hai2="45,55,38,36,106,128,71,134,31,65,16,64,102" hai3="10,129,107,3,131,2,99,112,86,103,28,76,124"/><U73/><E116/><V9/><F31/><W68/><G112/><T69/><D118/><U67/><E73/><V66/><F71/><W0/><G124/><T24/><D114/><U109/><E37/><V29/><F128/><N who="3" m="49227" /><G68/><T98/><D69/><U77/><E77/><V74/><F74/><W15/><G28/><T47/><REACH who="0" step="1"/><D6/><REACH who="0" ten="283,134,240,333" step="2"/><U82/><E110/><V105/><F134/><W79/><G86/><T115/><D115/><U50/><E109/><V56/><F36/><AGARI ba="0,1" hai="19,23,24,36,40,47,51,53,57,89,92,98,120,122" machi="36" ten="40,1300,0" yaku="1,1,53,0" doraHai="63" doraHaiUra="33" who="0" fromWho="2" sc="283,23,134,0,240,-13,333,0" /><INIT seed="2,0,0,0,2,4" ten="306,134,227,333" oya="2" hai0="86,8,88,61,47,19,126,30,57,34,50,35,77" hai1="67,5,13,130,108,97,6,9,102,52,120,40,123" hai2="84,117,16,134,133,69,107,42,22,48,105,92,118" hai3="33,122,124,27,37,32,68,94,91,59,99,56,131"/><V129/><F69/><W98/><G122/><N who="1" m="46634" /><E40/><V23/><F48/><W20/><G68/><T125/><D77/><U104/><E67/><V25/><F42/><W38/><G131/><T2/><D30/><U36/><E36/><V111/><F129/><W31/><G124/><N who="0" m="47723" /><D50/><U39/><E39/><V103/><F23/><W96/><G37/><T71/><D47/><U21/><E21/><V116/><F111/><W93/><G38/><T89/><D71/><U14/><E130/><V127/><F127/><W53/><G98/><T83/><D89/><U64/><E64/><V66/><F66/><W100/><G56/><T12/><D2/><U41/><E41/><V112/><F112/><W24/><G27/><T46/><D46/><U113/><E113/><V90/><REACH who="2" step="1"/><F103/><REACH who="2" ten="306,134,217,333" step="2"/><W49/><AGARI ba="0,1" hai="20,24,31,32,33,49,53,59,91,93,94,96,99,100" machi="49" ten="20,1500,0" yaku="0,1,7,1" doraHai="4" who="3" fromWho="3" sc="306,-4,134,-4,217,-7,333,25" /><INIT seed="3,0,0,0,5,113" ten="302,130,210,358" oya="3" hai0="70,119,50,126,8,100,132,93,30,109,86,76,106" hai1="3,2,131,129,27,37,81,92,25,117,5,35,11" hai2="73,17,58,29,23,48,102,19,103,135,47,61,82" hai3="10,90,134,31,84,101,116,125,64,72,83,77,56"/><W32/><G116/><T74/><D70/><U95/><E37/><V40/><F73/><W49/><G134/><T79/><D30/><U57/><E57/><V44/><F135/><W71/><G71/><T89/><D132/><U0/><E81/><V115/><F115/><W114/><G114/><T75/><D50/><U53/><E53/><V24/><F47/><W133/><G125/><T120/><D8/><U16/><E95/><V41/><F82/><W63/><G133/><T128/><D120/><U67/><E92/><V20/><F41/><W97/><G10/><T43/><D43/><U9/><E67/><V99/><F99/><W108/><G108/><T28/><D28/><N who="1" m="19855" /><E117/><V105/><F105/><W12/><G49/><T124/><D119/><U62/><E62/><V107/><F107/><W112/><G112/><T54/><D54/><U14/><E27/><N who="2" m="14735" /><F29/><W127/><G101/><T33/><D128/><AGARI ba="0,0" hai="0,2,3,5,9,11,14,16,128,129,131" m="19855" machi="128" ten="30,7700,0" yaku="19,1,34,2,54,1" doraHai="113" who="1" fromWho="0" sc="302,-77,130,77,210,0,358,0" owari="225,2.5,207,-29.3,210,-19.0,358,45.8" /></mjloggm>