<mjloggm ver="2.3"><GO type="225" lobby="0"/><UN n0="%E3%81%99%E3%81%84%E3%81%BE%E3%81%9B%E3%83%BC%E3%82%93" n1="%E3%81%AF%E3%82%88%E3%81%8A%E3%81%98%E3%81%95%E3%82%93" n2="%E3%81%8B%E3%82%8F%E3%81%A1%E3%82%83%E3%82%93%35%38" n3="%E3%81%8F%E3%82%8B%E3%82%8B" dan="18,17,16,18" rate="2165.44,2131.99,2145.23,2281.87" sx="M,M,M,F"/><TAIKYOKU oya="0"/><INIT seed="0,0,0,4,4,111" ten="250,250,250,250" oya="0" hai0="22,0,48,76,78,101,123,72,58,103,92,41,37" hai1="67,116,43,79,64,27,73,104,3,12,127,105,57" hai2="6,11,10,133,130,117,16,99,129,38,34,17,33" hai3="54,134,59,108,74,84,100,106,53,13,35,97,19"/><T88/><D123/><U96/><E3/><N who="2" m="351" /><F99/><W93/><G74/><T121/><D121/><U77/><E116/><V28/><F38/><W18/><G35/><N who="2" m="13321" /><F117/><W9/><G108/><T119/><D0/><U25/><E12/><N who="2" m="7199" /><F28/><W1/><G1/><T36/><D119/><U39/><E96/><V115/><F133/><W71/><G134/><T122/><D122/><U132/><E132/><V51/><F51/><W112/><G71/><T68/><D68/><U118/><E39/><V120/><F120/><W56/><G56/><T55/><D37/><U65/><E57/><V70/><F70/><W23/><G59/><T61/><D36/><U42/><E118/><V131/><F17/><W124/><G54/><T29/><D72/><U125/><E64/><V20/><F20/><W90/><G53/><T31/><D41/><U15/><E73/><V4/><F4/><W107/><G107/><T89/><D22/><U5/><E5/><V85/><F85/><W75/><G75/><T66/><D103/><U87/><E87/><V110/><F110/><W95/><G84/><N who="0" m="52231" /><D89/><U94/><E94/><V63/><F63/><W49/><G95/><T114/><D101/><U126/><E127/><V40/><F40/><W91/><G124/><T113/><D78/><U2/><E43/><V109/><F109/><W52/><G106/><T50/><D76/><U82/><E42/><V21/><F21/><W8/><G91/><T102/><D102/><U24/><E82/><V86/><F86/><W46/><G100/><T128/><D66/><U26/><N who="1" m="6144" /><DORA hai="7" /><U62/><E67/><V83/><F83/><RYUUKYOKU ba="0,0" sc="250,-10,250,-10,250,30,250,-10" hai2="115,129,130,131" /><INIT seed="1,1,0,3,2,61" ten="240,240,280,240" oya="1" hai0="118,22,9,55,14,54,100,79,48,97,125,68,110" hai1="30,129,28,51,63,7,130,46,117,40,19,76,23" hai2="85,82,102,92,27,80,112,127,133,53,34,6,58" hai3="115,88,38,12,104,39,31,75,93,4,119,78,132"/><U18/><E117/><V8/><F127/><W90/><G115/><T56/><D118/><U91/><E7/><V81/><F133/><W83/><G132/><T65/><D125/><U13/><E76/><V73/><F73/><W108/><G119/><T62/><D110/><U107/><E107/><V0/><F112/><W20/><G108/><T121/><D121/><U32/><E32/><V116/><F116/><W26/><G104/><T35/><D35/><U94/><E18/><V84/><F102/><W64/><G64/><T89/><D79/><U99/><REACH who="1" step="1"/><E63/><REACH who="1" ten="240,230,280,240" step="2"/><V134/><F134/><W67/><G4/><T105/><D89/><U44/><E44/><V21/><F34/><W2/><G90/><T5/><D22/><U95/><E95/><V126/><F92/><W123/><G93/><T122/><D122/><U72/><E72/><V69/><F126/><W101/><G88/><T131/><D131/><AGARI ba="1,1" hai="13,19,23,28,30,40,46,51,91,94,99,129,130,131" machi="131" ten="40,7700,0" yaku="1,1,19,1,53,1" doraHai="61" doraHaiUra="41" who="1" fromWho="0" sc="240,-80,230,90,280,0,240,0" /><INIT seed="1,2,0,4,3,100" ten="160,320,280,240" oya="1" hai0="72,7,83,105,134,102,53,10,116,41,30,128,125" hai1="38,80,71,92,98,25,67,90,60,107,29,73,50" hai2="91,109,18,23,27,17,32,131,35,16,122,75,66" hai3="14,70,77,82,63,126,40,19,85,34,101,59,52"/><U8/><E38/><V58/><F75/><W6/><G126/><T127/><D116/><U130/><E130/><V61/><F122/><W49/><G34/><T121/><D121/><U26/><E8/><V118/><F118/><W115/><G115/><T55/><D128/><U89/><E50/><V51/><F131/><W37/><G101/><T93/><D134/><U103/><E25/><V46/><F109/><W20/><G37/><T48/><D30/><U11/><E11/><V28/><REACH who="2" step="1"/><F91/><REACH who="2" ten="160,320,270,240" step="2"/><W81/><G6/><T5/><D5/><U117/><E117/><V15/><F15/><W135/><G135/><T78/><D127/><U1/><E1/><V33/><F33/><W65/><G14/><T31/><D125/><U2/><E2/><V84/><F84/><W132/><G132/><T119/><D119/><U21/><E90/><V9/><F9/><W97/><G85/><T95/><D10/><U79/><REACH who="1" step="1"/><E89/><REACH who="1" ten="160,310,270,240" step="2"/><V68/><F68/><W86/><G70/><T133/><D7/><U108/><E108/><V111/><F111/><W112/><G112/><T0/><D0/><U64/><E64/><V87/><F87/><W104/><G65/><T54/><D133/><U4/><E4/><V110/><F110/><W47/><G86/><T106/><D72/><U129/><E129/><V120/><F120/><W43/><G81/><T12/><D83/><U96/><E96/><V22/><F22/><W88/><G82/><T99/><D99/><U94/><AGARI ba="2,2" hai="21,26,29,60,67,71,73,79,80,92,94,98,103,107" machi="94" ten="30,6000,0" yaku="1,1,0,1,52,1,53,0" doraHai="100" doraHaiUra="39" who="1" fromWho="1" sc="160,-22,310,86,270,-22,240,-22" /><INIT seed="1,3,0,1,5,81" ten="138,396,248,218" oya="1" hai0="116,9,99,105,87,15,123,51,103,82,72,17,133" hai1="18,34,31,131,106,125,16,35,64,127,104,108,32" hai2="90,85,11,39,13,97,93,45,126,2,132,6,62" hai3="60,71,23,7,58,95,33,76,26,65,30,121,135"/><U54/><E31/><V56/><F126/><N who="1" m="48137" /><E131/><V5/><F132/><W1/><G135/><T69/><D133/><U3/><E3/><V83/><F39/><W89/><G121/><T27/><D123/><U79/><E108/><V4/><F45/><W20/><G76/><T118/><D69/><U84/><E64/><V100/><REACH who="2" step="1"/><F2/><REACH who="2" ten="138,396,238,218" step="2"/><W40/><G1/><T37/><D37/><U91/><E79/><V8/><F8/><W36/><G36/><T66/><D118/><U117/><E117/><V101/><F101/><W80/><G40/><T128/><D116/><U22/><E54/><AGARI ba="3,1" hai="4,5,6,11,13,54,56,62,83,85,90,93,97,100" machi="54" ten="30,7700,0" yaku="1,1,7,1,8,1,52,1,53,0" doraHai="81" doraHaiUra="119" who="2" fromWho="1" sc="138,0,396,-86,238,96,218,0" /><INIT seed="2,0,0,0,5,132" ten="138,310,334,218" oya="2" hai0="108,70,94,127,135,96,93,72,15,100,20,6,29" hai1="87,90,80,54,63,99,107,67,34,111,4,85,116" hai2="36,0,75,2,65,106,9,49,37,33,124,43,113" hai3="57,39,50,19,91,95,105,59,115,44,126,109,51"/><V78/><F49/><W40/><G105/><T125/><D135/><U56/><E116/><V129/><F43/><W101/><G109/><T45/><D108/><U119/><E119/><V121/><F9/><W16/><G115/><T73/><D70/><U112/><E112/><V35/><F65/><W28/><G101/><T92/><D45/><U46/><E111/><V76/><F113/><W133/><G133/><T24/><D6/><U104/><E34/><V58/><F58/><W38/><G39/><T13/><D15/><U110/><E110/><V83/><F83/><W42/><G28/><T14/><D13/><U117/><E117/><V64/><F64/><W131/><G131/><T26/><D14/><U103/><E4/><V123/><F106/><W11/><G38/><T53/><D53/><U66/><E104/><V17/><F17/><N who="3" m="6731" /><G126/><N who="0" m="48139" /><D26/><U82/><REACH who="1" step="1"/><E46/><REACH who="1" ten="138,300,334,218" step="2"/><V3/><F124/><W23/><G44/><T120/><D120/><U122/><E122/><V118/><F118/><W1/><G42/><T88/><D94/><U47/><E47/><V79/><F123/><W89/><G40/><T41/><D41/><U5/><E5/><V102/><F121/><W62/><G95/><T77/><D77/><AGARI ba="0,1" hai="54,56,63,66,67,77,80,82,85,87,90,99,103,107" machi="77" ten="30,3900,0" yaku="1,1,7,1,53,1" doraHai="132" doraHaiUra="97" who="1" fromWho="0" sc="138,-39,300,49,334,0,218,0" /><INIT seed="3,0,0,5,1,42" ten="99,349,334,218" oya="3" hai0="102,32,31,119,15,131,33,88,59,130,30,48,70" hai1="18,100,3,97,135,115,78,108,124,116,132,133,120" hai2="16,28,94,82,4,43,98,25,69,87,50,9,60" hai3="106,21,126,73,93,11,85,107,91,114,57,125,83"/><W46/><G21/><T76/><D119/><U54/><E108/><V20/><F69/><W58/><G11/><T26/><D70/><U80/><E124/><N who="3" m="47722" /><G58/><T29/><D76/><U35/><E120/><V56/><F50/><W117/><G57/><T52/><D102/><U8/><E115/><V6/><F43/><W39/><G114/><T110/><D110/><U75/><E116/><V72/><F72/><W49/><G39/><T134/><D134/><U127/><E127/><V74/><F74/><W118/><G49/><T22/><D15/><N who="1" m="7527" /><E54/><N who="2" m="33815" /><F28/><W105/><G46/><T104/><D104/><N who="1" m="63503" /><E35/><V129/><F9/><W111/><G111/><T103/><D103/><U13/><E13/><V112/><F112/><W27/><G27/><T121/><D121/><U17/><E17/><V67/><F67/><W95/><G95/><T86/><D32/><U47/><E47/><V66/><F66/><W34/><G34/><T19/><REACH who="0" step="1"/><D33/><REACH who="0" ten="89,349,334,218" step="2"/><U53/><E133/><V12/><F12/><W122/><G122/><T113/><D113/><U96/><E135/><V51/><F4/><W101/><G101/><T64/><D64/><U44/><E132/><V79/><F6/><W0/><G118/><T40/><D40/><U128/><E78/><V89/><F129/><W41/><G41/><T10/><D10/><U123/><E128/><V63/><F63/><W36/><G117/><T71/><D71/><U68/><E123/><V5/><F5/><W61/><G106/><T45/><D45/><U2/><E68/><V109/><F109/><W38/><G107/><T65/><D65/><U77/><E96/><RYUUKYOKU ba="0,1" sc="89,10,349,10,334,10,218,-30" hai0="19,22,26,29,30,31,48,52,59,86,88,130,131" hai1="2,3,44,53,75,77,80" hai2="16,20,25,51,79,82,87,89,94,98" owari="99,-40.1,369,46.9,344,14.4,188,-21.2" /></mjloggm>