<mjloggm ver="2.3"><GO type="225" lobby="0"/><UN n0="%E6%80%AA%E3%81%97%E3%81%99%E3%81%8E%E3%82%8B%E3%83%81%E3%83%BC" n1="%E5%8D%A0%E3%81%84%E5%B8%AB%E8%A3%8F%E3%81%AA%E3%81%84%E3%81%97" n2="%E6%81%A5%E6%99%92%E3%81%97" n3="%E6%98%93%E5%88%A9%E8%96%A9%E4%BC%AF" dan="16,17,16,16" rate="2099.49,2265.72,2051.99,2124.27" sx="M,M,M,F"/><TAIKYOKU oya="0"/><INIT seed="0,0,0,3,4,103" ten="250,250,250,250" oya="0" hai0="28,14,95,55,46,113,33,62,107,61,127,50,67" hai1="29,120,65,58,80,44,5,20,88,18,124,128,135" hai2="99,105,60,4,59,41,9,115,71,87,114,31,125" hai3="64,100,75,57,97,81,90,24,17,19,10,23,112"/><T36/><D113/><U93/><E120/><V1/><F125/><W21/><G112/><T129/><D127/><U96/><E124/><V40/><F71/><W111/><G111/><T70/><D129/><U22/><E135/><V104/><F31/><W77/><G10/><T76/><D76/><U68/><E68/><V43/><F87/><W119/><G119/><T47/><D95/><U102/><E128/><V78/><F78/><W82/><G82/><T53/><D14/><U92/><E5/><V12/><F1/><W130/><G90/><T11/><D11/><U86/><E44/><V109/><F109/><W26/><G130/><T7/><D107/><U25/><E58/><V98/><F98/><W37/><G37/><T133/><D7/><U16/><E65/><V66/><REACH who="2" step="1"/><F105/><REACH who="2" ten="250,250,240,250" step="2"/><W117/><G97/><T2/><D2/><U131/><E131/><V121/><F121/><W39/><G77/><T15/><D28/><U38/><E38/><V84/><F84/><W72/><G39/><T30/><D30/><U106/><E29/><V74/><F74/><W118/><G75/><T35/><D133/><U69/><E69/><V56/><F56/><W73/><G57/><N who="0" m="34991" /><D36/><U134/><E134/><V110/><F110/><W132/><G132/><T51/><D35/><U0/><E0/><V6/><F6/><W32/><G32/><T108/><D33/><U48/><E48/><V34/><F34/><W122/><G122/><T85/><D108/><U49/><E49/><V42/><N who="2" m="10240" /><DORA hai="13" /><V45/><F45/><W89/><G73/><T54/><D85/><U79/><E79/><RYUUKYOKU ba="0,1" sc="250,10,250,10,240,10,250,-30" hai0="15,46,47,50,51,54,55,62,67,70" hai1="16,18,20,22,25,80,86,88,92,93,96,102,106" hai2="4,9,12,59,60,66,99,104,114,115" /><INIT seed="0,1,1,4,1,127" ten="260,260,250,220" oya="0" hai0="27,68,52,15,66,70,63,93,13,77,95,35,46" hai1="36,79,9,73,14,2,99,7,54,111,131,119,40" hai2="81,134,76,16,105,62,17,34,28,56,106,19,21" hai3="84,125,53,51,97,26,4,71,57,102,41,89,55"/><T117/><D117/><U30/><E119/><V122/><F122/><W130/><G71/><T58/><D77/><U82/><E111/><V86/><F34/><W113/><G125/><T61/><D68/><U33/><E14/><V80/><F134/><W50/><G113/><T78/><D78/><U31/><E54/><V43/><F43/><W37/><G37/><T1/><D1/><U123/><E123/><V32/><F32/><W133/><G133/><T116/><D116/><U59/><E59/><V48/><F48/><W42/><G4/><T129/><D129/><U128/><E99/><V3/><F3/><W109/><G26/><T23/><D46/><N who="1" m="23815" /><E33/><V60/><F81/><W114/><G130/><AGARI ba="1,1" hai="2,7,9,30,31,73,79,82,128,130,131" m="23815" machi="130" ten="30,8000,1" yaku="25,1,19,1,52,3" doraHai="127" who="1" fromWho="3" sc="260,0,260,93,250,0,220,-83" /><INIT seed="1,0,0,3,1,57" ten="260,353,250,137" oya="1" hai0="20,37,124,58,23,51,39,61,60,59,104,33,71" hai1="73,99,107,62,35,91,54,78,75,117,8,24,83" hai2="126,3,100,128,10,42,94,111,108,7,1,5,31" hai3="14,134,118,114,135,25,68,47,103,44,74,102,67"/><U9/><E117/><V112/><F126/><W76/><G114/><T29/><D124/><U95/><E73/><V85/><F128/><W81/><G118/><T56/><D51/><U6/><E107/><V105/><F112/><W66/><G25/><T72/><D72/><U32/><E24/><V92/><F42/><W80/><G14/><T98/><D33/><U4/><E9/><N who="2" m="2223" /><F31/><W115/><G115/><T17/><D71/><U28/><E28/><V130/><F85/><W48/><G48/><T109/><D109/><N who="2" m="42058" /><F130/><W70/><REACH who="3" step="1"/><G74/><REACH who="3" ten="260,353,250,127" step="2"/><T96/><D37/><U86/><E75/><V122/><F122/><W16/><G16/><T11/><D39/><U82/><E4/><V36/><F36/><W64/><G64/><T110/><D110/><U97/><E6/><V132/><F132/><W125/><G125/><T127/><D29/><U90/><E32/><V45/><F7/><W46/><G46/><T49/><D127/><U101/><E35/><V87/><F45/><W63/><G63/><N who="0" m="24139" /><D49/><U129/><E62/><V69/><F3/><W119/><G119/><T77/><D56/><U65/><E65/><V93/><F69/><W120/><G120/><T79/><D58/><U19/><E129/><V13/><F13/><W88/><G88/><T40/><D59/><U133/><E91/><V38/><F38/><W106/><G106/><T89/><D104/><U53/><E90/><V123/><F123/><W15/><G15/><N who="0" m="7423" /><D89/><U131/><E131/><V50/><F50/><W84/><G84/><T52/><D52/><N who="1" m="20075" /><E86/><V113/><F87/><W0/><G0/><T18/><D18/><RYUUKYOKU ba="0,1" sc="260,-10,353,-10,250,-10,127,30" hai3="44,47,66,67,68,70,76,80,81,102,103,134,135" /><INIT seed="2,1,1,1,1,18" ten="250,343,240,157" oya="2" hai0="89,107,45,9,129,41,110,46,118,13,82,53,1" hai1="47,101,116,8,91,134,6,100,87,29,28,2,94" hai2="58,81,113,42,122,117,132,84,22,12,106,3,59" hai3="108,135,72,30,38,119,34,27,85,83,104,88,102"/><V48/><F113/><W62/><G108/><T130/><D110/><U109/><E116/><V97/><F122/><W60/><G119/><T7/><D107/><U15/><E109/><V96/><F117/><W21/><G38/><T127/><D127/><U51/><E134/><V64/><F3/><W37/><G37/><T11/><D118/><U111/><E2/><V69/><F69/><W23/><G135/><T90/><D53/><N who="1" m="29951" /><E111/><V74/><F74/><W44/><G44/><N who="0" m="17003" /><D82/><U19/><E6/><V95/><F106/><W124/><G124/><T66/><D66/><U76/><E76/><N who="2" m="46119" /><F42/><W80/><G72/><T35/><D35/><U0/><E0/><V31/><F132/><W39/><G39/><T25/><D25/><U93/><E93/><V32/><F32/><W50/><G50/><T33/><D33/><U57/><E57/><V10/><F64/><W71/><G83/><T125/><D41/><U126/><E126/><V105/><F105/><W128/><G128/><N who="0" m="49259" /><D125/><U54/><E54/><N who="2" m="32071" /><F59/><W75/><G75/><T24/><D24/><U115/><E115/><V63/><F95/><W114/><G114/><T65/><D65/><U86/><E94/><V68/><F68/><W61/><REACH who="3" step="1"/><G71/><REACH who="3" ten="250,343,240,147" step="2"/><T52/><D1/><U14/><E87/><V78/><F78/><W133/><G133/><T112/><D112/><U67/><E86/><V26/><F63/><W123/><G123/><T16/><D9/><U92/><E8/><V55/><F10/><W70/><G70/><T5/><D11/><U103/><E103/><V20/><F97/><AGARI ba="1,2" hai="21,23,27,30,34,60,61,62,80,85,88,97,102,104" machi="97" ten="40,8000,1" yaku="1,1,52,2,54,1,53,1" doraHai="18" doraHaiUra="79" who="3" fromWho="2" sc="250,0,343,0,240,-83,147,103" /><INIT seed="3,0,0,0,0,45" ten="250,343,157,250" oya="3" hai0="28,22,91,108,135,47,117,101,35,46,111,40,63" hai1="89,96,100,68,55,38,15,113,114,66,112,2,62" hai2="69,78,84,49,1,9,34,76,120,75,67,18,71" hai3="118,54,64,53,36,77,103,83,94,115,90,52,123"/><W32/><G115/><T65/><D117/><U104/><E15/><V30/><F120/><W42/><G118/><T27/><D135/><U41/><E55/><V58/><F75/><W39/><G123/><T26/><D101/><U6/><E89/><V48/><F34/><W82/><G32/><T98/><D98/><U19/><E19/><V131/><F30/><W129/><G103/><T44/><D91/><U24/><E24/><V105/><F105/><W43/><G64/><T119/><D119/><U127/><E127/><V59/><F131/><W87/><G83/><T107/><D107/><U102/><E102/><V14/><F1/><W31/><G31/><T72/><D72/><U13/><E13/><V16/><F67/><W8/><G8/><T81/><D81/><U88/><E88/><V121/><F121/><W74/><REACH who="3" step="1"/><G129/><REACH who="3" ten="250,343,157,240" step="2"/><T106/><D35/><U20/><E113/><V57/><F71/><W21/><G21/><T116/><D22/><U133/><E20/><V86/><F69/><W93/><G93/><T0/><D116/><U110/><E114/><V56/><N who="2" m="14336" /><DORA hai="92" /><V10/><F10/><W11/><G11/><T5/><D28/><U95/><E112/><V23/><F78/><W97/><G97/><T12/><D65/><U85/><E96/><V17/><F17/><W124/><G124/><T50/><D5/><U128/><E6/><V70/><F70/><W125/><G125/><T126/><D126/><U61/><E68/><V4/><F4/><W132/><G132/><T122/><D122/><U134/><E133/><V73/><F18/><W33/><G33/><RYUUKYOKU ba="0,1" sc="250,-10,343,-10,157,-10,240,30" hai3="36,39,42,43,52,53,54,74,77,82,87,90,94" /><INIT seed="3,1,1,3,1,105" ten="240,333,147,270" oya="3" hai0="6,66,38,76,112,82,27,98,78,111,30,51,68" hai1="15,123,118,116,91,9,50,31,39,63,16,42,87" hai2="110,8,41,2,114,55,77,71,57,126,26,37,69" hai3="122,117,58,72,12,65,23,43,128,80,119,48,21"/><W96/><G122/><T45/><D111/><U19/><E123/><V53/><F114/><W62/><G128/><T52/><D112/><U121/><E121/><V70/><F77/><W47/><G96/><T99/><D38/><U0/><E39/><V108/><F26/><W101/><G101/><T67/><D6/><U85/><E0/><V44/><F8/><W129/><G129/><T95/><D98/><U88/><E31/><V92/><F92/><W11/><G117/><N who="1" m="45162" /><E63/><V32/><F32/><W132/><G132/><T113/><D78/><U59/><E19/><V28/><F28/><W103/><G103/><T100/><D68/><N who="2" m="17410" /><V131/><DORA hai="56" /><F2/><W40/><G40/><T64/><D113/><U90/><E42/><V81/><F81/><W74/><G119/><T134/><D134/><U54/><AGARI ba="1,1" hai="9,15,16,50,54,59,85,87,88,90,91" m="45162" machi="54" ten="40,5200,0" yaku="12,1,54,2" doraHai="105,56" who="1" fromWho="1" sc="240,-14,333,65,147,-14,270,-27" owari="226,-17.4,398,49.8,133,-36.7,243,4.3" /></mjloggm>