<mjloggm ver="2.3"><GO type="225" lobby="0"/><UN n0="%E3%81%A4%E3%81%A3%E3%81%B1%E3%82%8A%E3%83%9D%E3%83%BC%E3%83%AB" n1="%4C%4F%4C%49%54%41" n2="%E4%B8%AD%E5%B9%B4%E3%81%AE%E5%8D%B1%E6%A9%9F" n3="%E3%81%BF%E3%81%BF%E3%81%9A" dan="17,16,16,17" rate="2141.73,2113.08,2111.51,2173.80" sx="M,F,M,M"/><TAIKYOKU oya="0"/><INIT seed="0,0,0,3,1,101" ten="250,250,250,250" oya="0" hai0="15,41,60,126,88,9,82,125,1,21,65,43,70" hai1="22,116,91,132,24,39,25,40,5,30,17,114,28" hai2="115,89,34,56,99,29,121,128,76,81,11,79,63" hai3="67,7,10,37,100,53,84,83,74,33,55,110,26"/><T122/><D122/><U85/><E116/><V72/><F121/><W112/><G112/><T97/><D1/><U129/><E129/><V64/><F115/><W68/><G37/><T117/><D21/><U94/><E114/><V35/><F128/><W59/><G74/><T13/><D117/><U57/><E132/><V75/><F11/><W133/><G133/><T86/><D97/><U98/><E5/><V45/><F45/><W0/><G110/><T18/><REACH who="0" step="1"/><D15/><REACH who="0" ten="240,250,250,250" step="2"/><U78/><E98/><V124/><F124/><AGARI ba="0,1" hai="9,13,18,41,43,60,65,70,82,86,88,124,125,126" machi="124" ten="40,12000,1" yaku="1,1,2,1,18,1,54,1,53,0" doraHai="101" doraHaiUra="118" who="0" fromWho="2" sc="240,130,250,0,250,-120,250,0" /><INIT seed="0,1,0,2,4,107" ten="370,250,130,250" oya="0" hai0="102,31,46,106,79,39,108,15,93,89,132,81,5" hai1="63,104,4,60,133,36,66,62,90,121,85,2,105" hai2="30,41,78,124,100,32,54,11,49,22,74,56,52" hai3="119,103,61,94,48,23,37,118,67,65,42,58,10"/><T95/><D132/><U97/><E121/><V27/><F124/><W111/><G10/><T24/><D108/><U69/><E36/><V25/><F100/><W112/><G23/><N who="0" m="15775" /><D39/><U19/><E133/><V80/><F11/><W70/><G103/><T130/><D130/><U123/><E123/><V29/><F54/><N who="3" m="32071" /><G94/><T83/><D106/><U88/><E4/><V120/><F120/><W20/><G20/><T45/><D79/><U3/><E62/><V117/><REACH who="2" step="1"/><F41/><REACH who="2" ten="370,250,120,250" step="2"/><W135/><G135/><T128/><D102/><U21/><E105/><V115/><F115/><W9/><G112/><T109/><D128/><U75/><E104/><V73/><F73/><W8/><G9/><T134/><D134/><U53/><E75/><V17/><F17/><W18/><G111/><T64/><D109/><U47/><E53/><V129/><F129/><W92/><G8/><T59/><D64/><U68/><E66/><V98/><F98/><W72/><G18/><T44/><D5/><U99/><E19/><V110/><F110/><W96/><G72/><T77/><D45/><U0/><E47/><V16/><F16/><W101/><G67/><T113/><D46/><AGARI ba="1,1" hai="37,42,46,61,65,70,92,96,101,118,119" m="32071" machi="46" ten="30,1000,0" yaku="24,1" doraHai="107" who="3" fromWho="0" sc="370,-13,250,0,120,0,250,23" /><INIT seed="1,0,0,5,1,133" ten="357,250,120,273" oya="1" hai0="82,30,134,92,34,131,12,29,61,28,56,50,103" hai1="59,69,39,26,130,99,93,35,66,127,74,38,55" hai2="112,115,73,24,135,2,132,20,110,10,68,40,48" hai3="117,8,121,63,119,6,126,90,78,79,18,52,101"/><U7/><E74/><V96/><F68/><W129/><G121/><T22/><D134/><N who="2" m="51242" /><F73/><W51/><G101/><T44/><D131/><U125/><E130/><V31/><F40/><W58/><G129/><T76/><D34/><U45/><E7/><N who="2" m="1399" /><F96/><W37/><G126/><N who="1" m="48138" /><E45/><V15/><F48/><W84/><G18/><T120/><D120/><U100/><E66/><V32/><F110/><W107/><G107/><T72/><D44/><U108/><E69/><V17/><AGARI ba="0,0" hai="15,17,20,24,31,32,112,115" m="1399,51242" machi="17" ten="30,7900,0" yaku="24,1,20,1,34,2" doraHai="133" who="2" fromWho="2" sc="357,-20,250,-39,120,79,273,-20" /><INIT seed="2,0,0,2,5,70" ten="337,211,199,253" oya="2" hai0="125,60,81,11,43,49,41,54,132,105,17,9,134" hai1="40,10,113,100,118,55,87,127,47,130,123,30,91" hai2="89,78,2,33,22,88,52,16,36,12,135,59,64" hai3="92,121,98,101,6,104,45,116,80,109,63,14,99"/><V31/><F135/><N who="0" m="51754" /><D125/><U27/><E113/><V110/><F36/><W19/><G116/><T79/><D105/><U65/><E118/><V37/><F37/><W103/><G121/><T108/><D60/><U24/><E130/><V129/><F129/><W26/><G109/><T76/><D76/><U96/><E65/><V85/><F2/><W122/><G122/><T28/><D28/><U34/><E123/><V18/><F33/><W131/><G131/><T58/><D108/><U102/><E127/><V107/><F107/><W124/><G6/><T106/><D106/><U56/><E27/><N who="2" m="16887" /><F110/><W112/><G112/><T20/><D43/><U21/><E10/><N who="2" m="6167" /><F64/><W50/><G124/><T68/><D41/><U114/><E34/><V126/><F126/><W4/><G4/><T77/><D77/><U3/><E3/><V0/><F0/><W7/><G7/><T73/><D68/><U15/><E114/><V51/><F18/><W128/><G128/><T5/><D5/><U86/><E15/><AGARI ba="0,0" hai="9,11,15,17,20,49,54,58,73,79,81" m="51754" machi="15" ten="30,1000,0" yaku="20,1" doraHai="70" who="0" fromWho="1" sc="337,10,211,-10,199,0,253,0" /><INIT seed="3,0,0,2,0,4" ten="347,201,199,253" oya="3" hai0="68,22,12,19,133,112,92,6,31,63,42,116,33" hai1="5,98,127,96,62,89,32,73,88,118,111,107,79" hai2="97,71,7,123,134,99,70,72,78,9,11,45,14" hai3="29,60,10,25,16,3,40,122,50,37,0,110,84"/><W76/><G122/><T108/><D116/><U48/><E32/><V34/><F34/><W109/><G37/><T23/><D108/><N who="3" m="41577" /><G60/><T93/><D133/><U59/><E111/><V27/><F134/><W46/><G76/><T83/><D112/><U17/><E5/><V55/><F123/><W75/><G84/><T28/><D33/><U100/><E127/><V26/><F71/><W104/><G104/><T58/><D6/><U103/><E48/><N who="2" m="29071" /><F70/><W135/><G75/><T129/><D129/><U124/><E124/><V24/><F72/><W125/><G135/><T115/><D115/><U21/><E118/><V49/><F78/><W30/><G125/><T114/><D114/><U20/><E79/><V53/><F11/><W56/><G56/><AGARI ba="0,0" hai="7,9,14,24,26,27,49,53,56,97,99" m="29071" machi="56" ten="30,2000,0" yaku="8,1,52,1" doraHai="4" who="2" fromWho="3" sc="347,0,201,0,199,20,253,-20" owari="347,44.7,201,-29.9,219,-18.1,233,3.3" /></mjloggm>