<mjloggm ver="2.3"><GO type="225" lobby="0"/><UN n0="%E5%A4%9C%E5%85%89%E5%A4%A9%E6%A5%BC" n1="%E3%81%A4%E3%81%A3%E3%81%B1%E3%82%8A%E3%83%9D%E3%83%BC%E3%83%AB" n2="%E3%82%8C%E3%81%99%E3%81%93" n3="%E6%9C%88%E5%B3%B6%E5%9F%BA" dan="16,17,17,17" rate="2090.79,2145.38,2169.45,2178.96" sx="M,M,F,M"/><TAIKYOKU oya="0"/><INIT seed="0,0,0,0,1,65" ten="250,250,250,250" oya="0" hai0="91,76,11,106,50,135,85,118,98,51,107,61,129" hai1="83,44,17,39,68,67,52,6,79,132,74,87,112" hai2="21,29,41,127,36,94,9,123,46,28,64,71,105" hai3="134,33,92,22,5,97,117,102,81,125,130,104,55"/><T72/><D118/><U70/><E67/><V56/><F123/><W2/><G117/><T69/><D129/><U66/><E66/><V115/><F115/><W111/><G130/><T26/><D135/><U31/><E31/><V42/><F105/><W1/><G33/><T40/><D61/><U133/><E112/><V89/><F127/><W99/><G111/><T95/><D107/><U86/><E6/><V14/><F41/><W88/><G125/><T7/><D26/><U103/><E103/><V32/><F21/><W121/><G121/><T4/><D69/><N who="1" m="26731" /><E17/><V45/><F45/><W113/><G134/><N who="1" m="51818" /><E52/><V24/><F29/><W100/><G5/><T128/><D7/><U101/><E101/><V59/><F64/><W96/><G55/><T54/><D54/><U34/><E34/><V16/><REACH who="2" step="1"/><F71/><REACH who="2" ten="250,250,240,250" step="2"/><W90/><G113/><T53/><D128/><U57/><E57/><V37/><F37/><W10/><G104/><T43/><D43/><AGARI ba="0,1" hai="39,43,44,74,79,83,86,87" m="51818,26731" machi="43" ten="30,7700,0" yaku="20,1,52,3" doraHai="65" who="1" fromWho="0" sc="250,-77,250,87,240,0,250,0" /><INIT seed="1,0,0,2,0,39" ten="173,337,240,250" oya="1" hai0="79,83,128,98,46,94,127,10,24,25,104,33,68" hai1="102,61,129,125,121,91,80,107,105,122,69,82,45" hai2="109,90,116,30,11,7,36,44,108,89,52,132,110" hai3="31,49,103,95,124,123,4,115,8,3,47,0,117"/><U113/><E45/><V67/><F116/><W135/><G123/><T20/><D68/><U93/><E61/><V59/><F30/><W23/><G115/><T17/><D127/><U87/><E69/><V50/><F132/><W35/><G135/><T12/><D128/><U19/><E19/><V15/><F67/><W1/><G124/><T126/><D126/><U66/><E66/><V74/><F74/><W77/><G77/><T55/><D104/><N who="1" m="40011" /><E125/><V134/><F134/><W119/><G35/><T96/><D33/><U28/><E28/><V88/><F36/><W130/><G130/><T2/><D2/><U56/><E56/><AGARI ba="0,0" hai="7,11,15,44,50,52,56,59,88,89,90,108,109,110" machi="56" ten="50,6400,0" yaku="14,1,54,2" doraHai="39" who="2" fromWho="1" sc="173,0,337,-64,240,64,250,0" /><INIT seed="2,0,0,0,0,19" ten="173,273,304,250" oya="2" hai0="119,97,91,74,106,44,22,38,57,109,83,87,113" hai1="36,3,35,81,42,30,105,56,31,126,107,48,70" hai2="69,84,34,118,46,26,82,21,94,117,100,121,28" hai3="4,72,68,85,102,132,8,110,127,62,123,25,104"/><V33/><F121/><W20/><G123/><T47/><D113/><U60/><E3/><V101/><F69/><W131/><G72/><T67/><D119/><U66/><E126/><V10/><F10/><W9/><G127/><T63/><D109/><U23/><E35/><V51/><F34/><W96/><G110/><T76/><D38/><U129/><E81/><V114/><F33/><W13/><G132/><T73/><D73/><U14/><E129/><V78/><F114/><W61/><G131/><T0/><D0/><U93/><E93/><V133/><F133/><W120/><G120/><T99/><D99/><U59/><E59/><V37/><F37/><W112/><G112/><T64/><D64/><U89/><E89/><V45/><F45/><W135/><G68/><T52/><D67/><U90/><E90/><V103/><REACH who="2" step="1"/><F94/><REACH who="2" ten="173,273,294,250" step="2"/><W53/><G9/><T54/><D47/><N who="1" m="25719" /><E36/><V108/><F108/><W7/><G135/><T80/><D44/><U122/><E70/><V40/><AGARI ba="0,1" hai="21,26,28,40,46,51,78,82,84,100,101,103,117,118" machi="40" ten="30,6000,0" yaku="1,1,0,1,52,1,53,0" doraHai="19" doraHaiUra="124" who="2" fromWho="2" sc="173,-20,273,-20,294,70,250,-20" /><INIT seed="2,1,0,0,5,94" ten="153,253,364,230" oya="2" hai0="1,125,32,107,65,96,112,24,21,30,29,4,93" hai1="68,81,128,39,10,27,54,9,78,95,61,118,37" hai2="127,124,109,64,89,110,22,97,42,85,15,52,71" hai3="77,84,7,119,55,60,13,70,44,129,83,69,31"/><V73/><F73/><W57/><G119/><T19/><D112/><U121/><E118/><V33/><F33/><W115/><G115/><T76/><D125/><N who="2" m="48202" /><F42/><W16/><G129/><T108/><D108/><N who="2" m="41578" /><F52/><W114/><G114/><T8/><D107/><U25/><E54/><V63/><F97/><W91/><G44/><T126/><D126/><U101/><E128/><V12/><F22/><W18/><G55/><T133/><D133/><U87/><E61/><V82/><AGARI ba="1,0" hai="12,15,63,64,71,82,85,89" m="41578,48202" machi="82" ten="30,6000,0" yaku="18,1,14,1,10,1" doraHai="94" who="2" fromWho="2" sc="153,-21,253,-21,364,63,230,-21" /><INIT seed="2,2,0,3,4,121" ten="132,232,427,209" oya="2" hai0="6,74,128,24,115,39,123,71,90,120,72,100,61" hai1="82,45,53,97,28,133,108,89,51,81,103,60,31" hai2="52,132,91,101,19,116,124,67,1,0,25,122,41" hai3="79,127,16,46,129,70,62,15,118,104,125,83,44"/><V78/><F116/><W88/><G118/><T7/><D24/><U49/><E133/><V17/><F122/><W84/><G104/><T3/><D100/><U58/><E108/><V30/><F132/><W48/><G129/><T113/><D61/><U75/><E75/><V109/><F124/><N who="3" m="47691" /><G48/><T8/><D90/><U57/><E51/><V96/><F96/><W102/><G102/><T68/><D8/><U95/><E58/><V99/><F67/><N who="3" m="41335" /><G79/><T63/><D63/><U9/><E9/><AGARI ba="2,0" hai="9,15,16,44,46,83,84,88" m="41335,47691" machi="9" ten="30,3900,0" yaku="18,1,54,2" doraHai="121" who="3" fromWho="1" sc="132,0,232,-45,427,0,209,45" /><INIT seed="3,0,0,1,2,54" ten="132,187,427,254" oya="3" hai0="63,84,38,97,53,15,9,86,73,25,16,111,47" hai1="87,112,66,59,126,89,83,4,132,123,8,101,20" hai2="129,99,55,80,70,28,102,52,76,107,114,105,88" hai3="61,37,5,19,79,21,119,104,49,40,31,100,58"/><W39/><G119/><T124/><D73/><U10/><E112/><V74/><F114/><W122/><G122/><T43/><D111/><U67/><E123/><V14/><F70/><W0/><G31/><T60/><D124/><U32/><E32/><V11/><F129/><W22/><G79/><T71/><D97/><U44/><E132/><V113/><F113/><W1/><G100/><T115/><D115/><U12/><E126/><V106/><F28/><W23/><G104/><T118/><D118/><U134/><E134/><V34/><F34/><W13/><G5/><T35/><D63/><U108/><E108/><V135/><F135/><W95/><G95/><T127/><D127/><U117/><E117/><V45/><F88/><W26/><G39/><T6/><D71/><U133/><E44/><V72/><F72/><W46/><G37/><T29/><REACH who="0" step="1"/><D6/><REACH who="0" ten="122,187,427,254" step="2"/><N who="1" m="3095" /><E133/><V68/><F68/><W27/><G61/><T131/><D131/><U77/><E4/><V41/><F107/><W85/><G85/><T110/><D110/><U51/><E87/><V57/><F57/><AGARI ba="0,1" hai="9,15,16,25,29,35,38,43,47,53,57,60,84,86" machi="57" ten="40,5200,0" yaku="1,1,52,1,54,1,53,0" doraHai="54" doraHaiUra="103" who="0" fromWho="2" sc="122,62,187,0,427,-52,254,0" owari="184,-31.6,187,-21.3,375,47.5,254,5.4" /></mjloggm>