<mjloggm ver="2.3"><GO type="225" lobby="0"/><UN n0="%E4%BF%BA%E3%81%A8%E5%A6%96%E5%A4%A2" n1="%E3%82%A2%E3%83%B3%E3%83%93%E3%83%90%E3%83%AC%E3%83%B3%E3%83%88" n2="%E7%99%BD%E6%98%BC%E9%87%8C%E7%9A%84%E5%A4%9C" n3="%E9%A6%AC%E5%BC%95%E7%81%AB%33" dan="16,16,16,17" rate="2106.87,2076.68,2085.57,2166.60" sx="F,F,M,M"/><TAIKYOKU oya="0"/><INIT seed="0,0,0,1,0,66" ten="250,250,250,250" oya="0" hai0="43,114,7,64,100,5,24,28,95,67,106,104,98" hai1="48,74,31,87,135,40,85,77,116,15,82,19,50" hai2="73,109,44,1,33,127,17,126,22,92,60,103,12" hai3="88,102,91,62,37,55,6,99,94,9,11,3,86"/><T132/><D114/><U32/><E32/><V26/><F109/><W121/><G121/><T111/><D111/><U23/><E23/><BYE who="1" /><V105/><F73/><W83/><G37/><T129/><D129/><U134/><E134/><V30/><F105/><UN n1="%E3%82%A2%E3%83%B3%E3%83%93%E3%83%90%E3%83%AC%E3%83%B3%E3%83%88" /><W21/><G11/><T115/><D115/><U13/><E116/><V49/><F60/><W52/><G62/><T79/><D79/><U59/><E31/><V58/><F58/><W123/><G123/><T130/><D130/><U96/><E74/><V29/><F1/><W89/><REACH who="3" step="1"/><G21/><REACH who="3" ten="250,250,250,240" step="2"/><T108/><D108/><U68/><E50/><V93/><F30/><W63/><G63/><T0/><D132/><U110/><E48/><V69/><F69/><W56/><G56/><T97/><D28/><U112/><E59/><V113/><F113/><W119/><G119/><T124/><D124/><N who="2" m="47658" /><F103/><W131/><G131/><T122/><D100/><U39/><E68/><V54/><AGARI ba="0,1" hai="12,17,22,26,29,33,44,49,54,92,93" m="47658" machi="54" ten="30,1100,0" yaku="18,1" doraHai="66" who="2" fromWho="2" sc="250,-5,250,-3,250,21,240,-3" /><INIT seed="1,0,0,0,1,128" ten="245,247,271,237" oya="1" hai0="39,119,103,57,94,97,49,77,35,18,127,76,23" hai1="21,85,81,29,129,33,26,43,107,131,66,8,62" hai2="99,69,0,95,50,125,134,113,80,24,54,25,65" hai3="100,101,19,51,124,47,28,22,98,104,56,79,114"/><U102/><E43/><V87/><F0/><W34/><G114/><T115/><D119/><U44/><E44/><V74/><F74/><W89/><G124/><T135/><D115/><U45/><E45/><N who="2" m="27983" /><F113/><W84/><G79/><T48/><D39/><U78/><E8/><V118/><F118/><W16/><G101/><T92/><D35/><U96/><REACH who="1" step="1"/><E21/><REACH who="1" ten="245,237,271,237" step="2"/><V37/><F125/><W82/><G34/><T64/><D127/><U11/><E11/><V68/><F37/><W132/><G56/><AGARI ba="0,1" hai="26,29,33,56,62,66,78,81,85,96,102,107,129,131" machi="56" ten="40,2000,0" yaku="1,1,53,0" doraHai="128" doraHaiUra="108" who="1" fromWho="3" sc="245,0,237,30,271,0,237,-20" /><INIT seed="1,1,0,0,3,76" ten="245,267,271,217" oya="1" hai0="128,27,112,51,16,83,43,3,68,64,82,72,41" hai1="105,30,39,26,99,28,109,77,57,18,48,84,62" hai2="86,80,42,37,40,9,70,121,65,5,94,31,46" hai3="98,54,81,100,4,74,104,45,63,93,60,20,88"/><U118/><E39/><V122/><F42/><N who="0" m="15882" /><D112/><U71/><E118/><V69/><F31/><W79/><G4/><T120/><D72/><U29/><E71/><V91/><F69/><W126/><G126/><T14/><D3/><U52/><E105/><V73/><F70/><W61/><G20/><N who="0" m="13703" /><D68/><U53/><E99/><V101/><F65/><W97/><REACH who="3" step="1"/><G45/><REACH who="3" ten="245,267,271,207" step="2"/><T117/><D117/><U131/><E18/><V12/><F101/><W119/><G119/><T102/><D120/><U32/><E131/><V116/><F116/><W38/><G38/><T106/><D128/><U0/><E0/><V23/><F121/><W21/><G21/><T129/><D129/><U13/><E13/><V11/><F122/><W133/><G133/><T96/><D102/><U92/><E109/><V56/><F23/><W59/><AGARI ba="1,1" hai="54,59,60,61,63,74,79,81,88,93,97,98,100,104" machi="59" ten="30,8000,1" yaku="1,1,0,1,52,1,54,1,53,1" doraHai="76" doraHaiUra="55" who="3" fromWho="3" sc="245,-21,267,-41,271,-21,207,93" /><INIT seed="2,0,0,5,3,4" ten="224,226,250,300" oya="2" hai0="105,5,73,65,42,41,67,22,78,45,9,0,101" hai1="35,56,51,52,17,37,104,114,30,50,20,91,117" hai2="27,88,112,103,135,119,89,43,15,12,111,46,11" hai3="54,59,24,25,115,55,107,64,122,32,8,109,106"/><V121/><F119/><W10/><G122/><T118/><D118/><U127/><E117/><V79/><F121/><W99/><G109/><T44/><D101/><U83/><E127/><V26/><F112/><W72/><G72/><T74/><D105/><U18/><E104/><V7/><F111/><W63/><G115/><T77/><D22/><U6/><E37/><V125/><F125/><W116/><G116/><T87/><D87/><N who="1" m="50687" /><E35/><V58/><F135/><W29/><G107/><T81/><D77/><U134/><E6/><V93/><F79/><W60/><G24/><N who="2" m="9257" /><F58/><W70/><G54/><T75/><D65/><U2/><E2/><V34/><F34/><W21/><G21/><T129/><D67/><U82/><E114/><V28/><F28/><W69/><G69/><T3/><D3/><U86/><E30/><V110/><F15/><W31/><G31/><T95/><D95/><U132/><E132/><V38/><F38/><W19/><G19/><N who="1" m="7178" /><E20/><V57/><F57/><W130/><G130/><T102/><D129/><U128/><E128/><V124/><F124/><W80/><G80/><T66/><D66/><U96/><E134/><V53/><F43/><W23/><G23/><T98/><D102/><AGARI ba="0,0" hai="8,10,25,29,32,55,59,60,63,64,70,99,102,106" machi="102" ten="40,8000,1" yaku="25,2,52,2" doraHai="4" who="3" fromWho="0" sc="224,-80,226,0,250,0,300,80" /><INIT seed="3,0,0,3,4,45" ten="144,226,250,380" oya="3" hai0="89,100,27,28,20,84,126,58,5,69,17,9,47" hai1="50,109,75,99,114,64,108,22,106,80,18,59,12" hai2="113,127,55,35,88,6,110,63,38,4,19,48,1" hai3="73,46,43,49,94,39,16,2,42,15,37,13,124"/><W11/><G73/><T56/><D69/><U71/><E114/><V32/><F88/><W10/><G2/><T44/><D126/><U132/><E71/><V103/><F55/><W78/><G78/><T60/><D100/><U104/><E132/><V121/><F63/><W66/><G124/><T23/><D5/><U81/><E64/><V128/><F48/><W123/><G123/><T105/><D9/><U7/><E7/><V68/><F103/><W62/><G94/><T76/><D76/><U107/><E99/><V87/><F87/><W52/><G39/><T112/><D105/><U102/><E102/><V122/><F19/><N who="3" m="8631" /><G37/><T92/><D112/><U33/><E33/><V115/><F38/><W36/><G36/><T3/><D3/><U135/><E135/><V8/><F68/><W77/><G77/><T82/><D82/><U29/><E29/><V72/><F72/><W133/><G133/><T25/><REACH who="0" step="1"/><D56/><AGARI ba="0,0" hai="11,15,16,42,43,46,49,52,56,62,66" m="8631" machi="56" ten="30,11600,0" yaku="8,1,52,1,54,2" doraHai="45" who="3" fromWho="0" sc="144,-116,226,0,250,0,380,116" owari="28,-47.2,226,-17.4,250,5.0,496,59.6" /></mjloggm>