<mjloggm ver="2.3"><GO type="225" lobby="0"/><UN n0="%E3%81%99%E3%81%84%E3%81%BE%E3%81%9B%E3%83%BC%E3%82%93" n1="%E4%BF%BA%E3%81%A8%E5%A6%96%E5%A4%A2" n2="%E7%B4%94%E6%BD%94%E3%83%94%E3%83%A9%E3%83%8B%E3%82%A2" n3="%E3%83%A9%E3%82%B9%E7%8E%87%EF%BC%93%E5%89%B2" dan="18,16,16,17" rate="2195.38,2231.79,2168.55,2204.23" sx="M,F,M,F"/><TAIKYOKU oya="0"/><INIT seed="0,0,0,4,2,28" ten="250,250,250,250" oya="0" hai0="4,21,112,123,66,53,45,24,97,122,106,36,15" hai1="49,131,111,40,77,30,83,52,71,26,9,102,62" hai2="113,125,19,65,51,54,76,31,108,20,63,55,61" hai3="70,2,81,132,23,69,18,29,116,121,134,88,72"/><T95/><D112/><U74/><E111/><V124/><F108/><W109/><G2/><T42/><D106/><U73/><E131/><V114/><F76/><W57/><G109/><T107/><D107/><U86/><E102/><V0/><F0/><W3/><G3/><T75/><D75/><U104/><E104/><V92/><F92/><W89/><G116/><T103/><D66/><U110/><E110/><V38/><F31/><W79/><G29/><T7/><D53/><U120/><E120/><V130/><F38/><W60/><G121/><T27/><D27/><U47/><E9/><V33/><F20/><W11/><G11/><T127/><D127/><U117/><E117/><V32/><F19/><W22/><G22/><T99/><D99/><U84/><E84/><V135/><F65/><N who="3" m="39055" /><G69/><T8/><REACH who="0" step="1"/><D4/><REACH who="0" ten="240,250,250,250" step="2"/><U1/><E73/><V6/><F6/><W16/><G70/><T96/><D96/><U50/><E74/><V93/><F113/><W126/><G126/><T43/><D43/><U115/><E115/><V98/><F114/><W85/><G72/><T14/><D14/><U101/><E1/><V133/><F124/><W39/><G18/><AGARI ba="0,1" hai="7,8,15,18,21,24,36,42,45,95,97,103,122,123" machi="18" ten="30,2900,0" yaku="1,1,7,1,53,0" doraHai="28" doraHaiUra="46" who="0" fromWho="3" sc="240,39,250,0,250,0,250,-29" /><INIT seed="0,1,0,0,4,79" ten="279,250,250,221" oya="0" hai0="15,68,87,36,71,27,110,49,12,100,25,35,11" hai1="121,74,17,98,57,94,127,95,38,26,119,113,90" hai2="96,117,83,133,19,39,23,112,115,123,43,51,75" hai3="10,50,8,80,69,135,77,30,116,9,70,78,42"/><T37/><D110/><U62/><E119/><V67/><F123/><W29/><G116/><T99/><D49/><U60/><E121/><V73/><F133/><W88/><G135/><T105/><D87/><U45/><E74/><V4/><F4/><W46/><G70/><T111/><D111/><U104/><E127/><V66/><F39/><W108/><G69/><T0/><D25/><U122/><E122/><V84/><F96/><W47/><G47/><T24/><D27/><U125/><E125/><V97/><F97/><W16/><G108/><T48/><D48/><U3/><E3/><V6/><F6/><W32/><G32/><T52/><D15/><U76/><E104/><V40/><F117/><W130/><G130/><T134/><D12/><U1/><E76/><N who="3" m="29290" /><G16/><T56/><D134/><U44/><E17/><V72/><F112/><W21/><G21/><T65/><D71/><U63/><E26/><V58/><F115/><W128/><G128/><T101/><D24/><U14/><E14/><V34/><F34/><W31/><G31/><T107/><D35/><U102/><E1/><V129/><F129/><W20/><G20/><T93/><D0/><U64/><E113/><V92/><F19/><W41/><G41/><N who="2" m="15945" /><F23/><W82/><G82/><T126/><D126/><U86/><E38/><V59/><F83/><W124/><G124/><T28/><D28/><U61/><AGARI ba="1,0" hai="44,45,57,60,61,62,63,64,86,90,94,95,98,102" machi="61" ten="30,2000,0" yaku="0,1,8,1" doraHai="79" who="1" fromWho="1" sc="279,-11,250,23,250,-6,221,-6" /><INIT seed="1,0,0,3,4,54" ten="268,273,244,215" oya="1" hai0="18,132,71,97,64,102,96,10,8,51,59,40,77" hai1="80,131,4,84,112,76,38,69,110,107,83,91,25" hai2="127,0,99,72,95,116,12,100,34,114,63,61,79" hai3="60,120,16,30,73,56,15,52,45,103,7,118,36"/><U122/><E69/><V6/><F116/><W66/><G120/><T92/><D132/><U3/><E38/><V87/><F34/><W85/><G73/><T28/><D28/><U93/><E122/><V101/><F127/><W57/><G118/><T78/><D71/><U130/><E112/><V5/><F0/><W129/><G129/><N who="1" m="49162" /><E25/><V24/><F72/><W29/><G7/><T119/><D119/><U48/><E107/><V26/><F114/><W13/><G103/><T135/><D135/><U35/><E35/><V11/><F6/><W58/><G13/><N who="0" m="7463" /><D97/><U128/><E128/><V55/><F100/><W44/><G85/><T17/><D40/><U62/><E48/><V111/><F111/><W41/><G45/><T33/><D33/><U14/><E3/><V115/><F115/><W68/><REACH who="3" step="1"/><G52/><REACH who="3" ten="268,273,244,205" step="2"/><N who="0" m="32159" /><D64/><U117/><E117/><V113/><F55/><W49/><G49/><T27/><D27/><N who="2" m="10282" /><F113/><W43/><G43/><T65/><D65/><U86/><E4/><V21/><F5/><W19/><G19/><T124/><D124/><U32/><E14/><AGARI ba="0,1" hai="10,14,17,77,78,92,96,102" m="32159,7463" machi="14" ten="30,3900,0" yaku="8,1,52,1,54,1" doraHai="54" who="0" fromWho="1" sc="268,49,273,-39,244,0,205,0" /><INIT seed="2,0,0,5,4,46" ten="317,234,244,205" oya="2" hai0="43,129,117,108,14,7,16,92,25,40,32,88,101" hai1="21,124,109,118,83,97,132,81,59,94,86,60,90" hai2="107,57,68,41,122,100,67,119,33,39,34,95,8" hai3="48,12,47,13,99,133,58,115,45,89,114,26,65"/><V28/><F119/><W121/><G121/><T29/><D108/><U103/><E118/><V126/><F122/><W112/><G133/><T131/><D117/><U74/><E109/><V113/><F113/><W79/><G79/><T105/><D7/><U82/><E132/><V85/><F126/><W70/><G70/><T77/><D77/><U111/><E111/><V52/><F28/><W72/><G72/><T42/><D101/><U130/><E124/><V10/><F107/><W106/><G26/><T66/><D66/><U23/><E130/><N who="0" m="49673" /><D105/><U104/><REACH who="1" step="1"/><E74/><REACH who="1" ten="317,224,244,205" step="2"/><V75/><F75/><W78/><G78/><T35/><D35/><U53/><AGARI ba="0,1" hai="21,23,53,59,60,81,82,83,86,90,94,97,103,104" machi="53" ten="30,7900,0" yaku="1,1,2,1,0,1,53,1" doraHai="46" doraHaiUra="55" who="1" fromWho="1" sc="317,-20,224,89,244,-39,205,-20" /><INIT seed="3,0,0,5,3,68" ten="297,313,205,185" oya="3" hai0="99,56,64,13,18,45,3,37,119,5,44,52,23" hai1="96,110,100,102,34,42,49,51,132,62,92,101,31" hai2="65,25,109,66,38,57,28,6,11,32,130,33,46" hai3="89,17,105,20,91,7,107,29,60,93,27,113,54"/><W43/><G113/><T97/><D119/><U135/><E110/><V94/><F109/><W19/><G7/><T26/><D64/><U133/><E62/><V53/><F33/><W61/><G107/><T47/><D37/><U0/><E0/><V35/><F35/><W86/><G105/><T40/><D40/><U63/><E63/><V117/><F117/><W129/><G129/><T87/><D87/><U118/><E118/><V116/><F130/><W2/><G2/><T8/><D3/><U111/><E111/><V71/><F71/><W114/><G114/><T120/><D120/><U90/><E42/><V128/><F128/><W125/><G125/><T73/><D73/><U80/><E80/><V76/><F76/><W123/><G123/><T121/><D121/><U98/><E98/><V104/><F104/><W112/><G112/><T50/><AGARI ba="0,0" hai="5,8,13,18,23,26,44,45,47,50,52,56,97,99" machi="50" ten="30,4000,0" yaku="0,1,8,1,54,1" doraHai="68" who="0" fromWho="0" sc="297,40,313,-10,205,-10,185,-20" owari="337,43.7,303,10.3,195,-20.5,165,-33.5" /></mjloggm>