<mjloggm ver="2.3"><GO type="225" lobby="0"/><UN n0="%70%6F%69%73%75%2D" n1="%47%48%4F%53%54" n2="%E3%82%BC%E3%83%AB%E3%83%80%E3%81%AE%E4%BC%9D%E8%AA%AC" n3="%E3%80%90%E3%83%88%E3%83%AA%E3%83%A5%E3%83%95%E3%80%91" dan="16,18,17,16" rate="2016.53,2255.86,2179.40,2110.63" sx="M,M,M,M"/><TAIKYOKU oya="0"/><INIT seed="0,0,0,0,0,113" ten="250,250,250,250" oya="0" hai0="38,53,49,79,28,128,31,9,111,35,30,115,73" hai1="108,2,44,18,23,131,34,56,37,40,45,29,81" hai2="66,4,103,76,97,20,8,126,92,102,135,84,55" hai3="94,33,78,93,107,119,24,77,70,1,75,10,130"/><T88/><D115/><U85/><E108/><V117/><F126/><W14/><G1/><T46/><D128/><U68/><E68/><V69/><F135/><W6/><G130/><T59/><D73/><U109/><E109/><V63/><F117/><W0/><G107/><T67/><D79/><U58/><E131/><V116/><F116/><W100/><G70/><T26/><D111/><U91/><E2/><V134/><F134/><W118/><G0/><T3/><D38/><U72/><E72/><V61/><F20/><W80/><G78/><T47/><D47/><U104/><E104/><V43/><F43/><W127/><G127/><T125/><D125/><U106/><E106/><V16/><F102/><W123/><G94/><T90/><D35/><U129/><E129/><V65/><F55/><W98/><REACH who="3" step="1"/><G123/><REACH who="3" ten="250,250,250,240" step="2"/><T120/><D120/><U11/><E81/><V54/><F76/><W121/><G121/><T51/><D3/><U133/><E133/><V132/><F132/><W112/><G112/><T96/><D9/><U19/><E11/><V86/><F69/><W89/><G89/><N who="0" m="34411" /><D96/><U50/><E91/><V42/><F8/><W114/><G114/><T57/><D67/><U17/><E85/><V95/><F84/><W15/><G15/><T13/><D13/><U110/><E110/><V48/><F86/><W5/><G5/><T83/><D83/><U87/><E87/><V7/><F7/><W82/><G82/><T64/><D64/><U32/><E37/><V122/><F4/><W105/><G105/><T124/><D124/><U71/><E71/><V62/><F122/><RYUUKYOKU ba="0,1" sc="250,-10,250,-10,250,-10,240,30" hai3="6,10,14,24,33,75,77,80,93,98,100,118,119" /><INIT seed="1,1,1,1,5,108" ten="240,240,240,270" oya="1" hai0="17,45,15,2,86,40,128,124,68,30,83,133,38" hai1="39,84,48,126,112,101,18,94,131,6,42,121,99" hai2="134,98,105,96,43,67,11,35,3,9,118,62,4" hai3="66,53,36,59,55,41,92,58,75,69,0,54,76"/><U32/><E121/><V72/><F118/><W56/><G0/><T57/><D2/><U73/><E73/><V110/><F110/><W63/><G92/><T132/><D68/><U8/><E39/><V91/><F72/><W120/><G76/><T88/><D30/><U71/><E126/><V34/><F134/><W103/><G103/><T93/><D128/><U65/><E131/><V77/><F77/><W82/><G82/><T20/><D124/><U33/><E18/><V52/><F43/><W85/><G85/><T129/><D129/><U47/><E112/><V119/><F119/><W46/><G75/><T12/><D15/><U7/><E7/><V81/><F11/><W80/><G80/><T1/><D1/><U135/><E135/><V95/><F81/><W104/><G104/><T49/><D83/><U113/><E84/><V130/><F130/><W60/><G120/><T61/><REACH who="0" step="1"/><D38/><REACH who="0" ten="230,240,240,270" step="2"/><U51/><E71/><V31/><F31/><W10/><REACH who="3" step="1"/><G10/><REACH who="3" ten="230,240,240,260" step="2"/><T114/><D114/><U111/><E113/><V102/><F9/><W37/><G37/><T27/><D27/><U79/><E8/><V24/><F3/><W29/><G29/><T123/><D123/><U109/><E109/><V125/><F125/><W115/><G115/><T70/><D70/><U44/><E111/><V23/><F4/><W28/><G28/><T50/><D50/><U13/><E79/><V89/><F35/><W100/><G100/><T116/><D116/><U14/><E33/><V107/><F34/><W19/><G19/><T78/><D78/><U16/><E32/><V21/><F102/><RYUUKYOKU ba="1,3" sc="230,15,240,-15,240,-15,260,15" hai0="12,17,20,40,45,49,57,61,86,88,93,132,133" hai3="36,41,46,53,54,55,56,58,59,60,63,66,69" /><INIT seed="2,2,3,0,3,47" ten="245,225,225,275" oya="2" hai0="131,81,23,108,73,54,12,115,132,46,127,65,91" hai1="64,84,35,42,94,76,134,38,36,10,104,13,30" hai2="57,8,28,78,48,43,11,129,113,98,99,69,21" hai3="79,89,29,83,106,18,15,22,123,27,105,32,80"/><V71/><F113/><W70/><G123/><T0/><D0/><U40/><E104/><V62/><F129/><W2/><G70/><T67/><D131/><U124/><E124/><V72/><F71/><W77/><G89/><T56/><D127/><U117/><E117/><V39/><F39/><W58/><G2/><T55/><D73/><U85/><E134/><V95/><F72/><W59/><G105/><T41/><D132/><U44/><E64/><N who="2" m="38991" /><F78/><W126/><G106/><T20/><D55/><U45/><E76/><V37/><F37/><W66/><G66/><T110/><D115/><U49/><E38/><V26/><F69/><W111/><G126/><T128/><D65/><U14/><E94/><V97/><F95/><W1/><G1/><T24/><D67/><U125/><E125/><V74/><F74/><W107/><G107/><T92/><D81/><U68/><E68/><V86/><F86/><W102/><G102/><T121/><D121/><U96/><E96/><N who="2" m="24579" /><V116/><DORA hai="63" /><F116/><W130/><G130/><T5/><D92/><U53/><E40/><V9/><F9/><W3/><G3/><T118/><D41/><U133/><E133/><V25/><F25/><W87/><REACH who="3" step="1"/><G111/><REACH who="3" ten="245,225,225,265" step="2"/><T51/><D110/><U109/><E109/><V93/><F93/><W19/><G19/><T100/><D108/><U4/><E14/><V17/><F17/><W31/><G31/><T82/><D118/><U75/><E75/><AGARI ba="2,4" hai="15,18,22,27,29,32,58,59,75,77,79,80,83,87" machi="75" ten="30,2000,0" yaku="1,1,7,1,53,0" doraHai="47,63" doraHaiUra="50,34" who="3" fromWho="1" sc="245,0,225,-26,225,0,265,66" /><INIT seed="3,0,0,5,1,114" ten="245,199,225,331" oya="3" hai0="53,133,30,72,45,58,66,56,18,44,130,27,12" hai1="8,1,112,2,113,37,5,55,123,46,43,83,100" hai2="104,38,29,91,70,131,89,118,9,32,67,122,80" hai3="97,134,135,82,86,77,42,11,69,103,3,111,127"/><W96/><G69/><T65/><D72/><U41/><E123/><V76/><F38/><W125/><G42/><T71/><D71/><U14/><E100/><V7/><F118/><W40/><G40/><T84/><D130/><U116/><E116/><V57/><F70/><W126/><G111/><T93/><D133/><N who="3" m="50697" /><G103/><T22/><D58/><U88/><E43/><V132/><F104/><W110/><G110/><T128/><D65/><U13/><E55/><V78/><F132/><W15/><G3/><T34/><D66/><U51/><E37/><V115/><F115/><W17/><AGARI ba="0,0" hai="11,15,17,77,82,86,96,97,125,126,127" m="50697" machi="17" ten="40,3900,0" yaku="18,1,20,1" doraHai="114" who="3" fromWho="3" sc="245,-13,199,-13,225,-13,331,39" owari="232,3.2,186,-31.4,212,-18.8,370,47.0" /></mjloggm>