<mjloggm ver="2.3"><GO type="225" lobby="0"/><UN n0="%E7%99%BD%E5%80%89%E5%AF%9B%E4%B9%8B" n1="%E5%B8%86%E7%AB%8B%E5%A4%8F%E8%A1%A3" n2="%E7%99%BD%E9%9B%AA%E4%B9%83%E6%84%9B" n3="%E3%82%A4%E3%83%BC%E3%82%B1%E3%83%97%E3%83%A9" dan="16,17,16,16" rate="2135.82,2190.20,2039.04,2212.62" sx="M,M,F,M"/><TAIKYOKU oya="0"/><INIT seed="0,0,0,3,5,17" ten="250,250,250,250" oya="0" hai0="30,27,127,97,98,10,81,53,9,22,86,5,41" hai1="62,48,133,40,66,112,50,75,114,8,63,20,99" hai2="115,51,91,120,61,23,89,101,74,78,15,100,116" hai3="80,33,109,105,2,49,28,134,107,113,117,35,54"/><T130/><D130/><U64/><E75/><V96/><F120/><W125/><G113/><N who="1" m="43626" /><E8/><V110/><F115/><W123/><G117/><T118/><D118/><U11/><E11/><N who="0" m="4105" /><D127/><U32/><E32/><V131/><F116/><W68/><G2/><T18/><D5/><U94/><E133/><V60/><F110/><W87/><G68/><T65/><D41/><U42/><E20/><V58/><F131/><W122/><G109/><T106/><D106/><N who="3" m="40457" /><G28/><T37/><D37/><U12/><E12/><V108/><F108/><W7/><G7/><T71/><D71/><N who="1" m="42391" /><E94/><V67/><F61/><W46/><G125/><T129/><D129/><U25/><E25/><V92/><F51/><N who="1" m="19497" /><E99/><N who="0" m="37897" /><D65/><U57/><AGARI ba="0,0" hai="40,42,57,63,66" m="19497,42391,43626" machi="57" ten="30,4000,0" yaku="11,1,34,2" doraHai="17" who="1" fromWho="1" sc="250,-20,250,40,250,-10,250,-10" /><INIT seed="1,0,0,0,3,124" ten="230,290,240,240" oya="1" hai0="100,23,113,127,111,40,105,30,82,84,119,75,2" hai1="115,49,6,118,58,17,72,68,3,108,38,39,85" hai2="1,73,76,131,28,99,8,97,103,129,37,102,126" hai3="98,88,87,0,25,57,7,56,10,104,110,59,4"/><U95/><E72/><V31/><F37/><W11/><G110/><T60/><D2/><U74/><E74/><V44/><F126/><W91/><G25/><T106/><D127/><U96/><E68/><V94/><F44/><W116/><G116/><T63/><D75/><U114/><E118/><V133/><F133/><W122/><G122/><T18/><D119/><U14/><E108/><V42/><F42/><W93/><G104/><T13/><D111/><U12/><E38/><V90/><F76/><W67/><G67/><T51/><D113/><U26/><E39/><V78/><F78/><W65/><G65/><T48/><D30/><U54/><E26/><V55/><F55/><W20/><G20/><T66/><D63/><U35/><E35/><V53/><F53/><W24/><G24/><T46/><D51/><U27/><E27/><V69/><F69/><W77/><G77/><T19/><D100/><N who="2" m="38442" /><F99/><W132/><G132/><T52/><D19/><U22/><E96/><V101/><F101/><W128/><G128/><N who="2" m="49225" /><F73/><W86/><REACH who="3" step="1"/><G91/><REACH who="3" ten="230,290,240,230" step="2"/><T64/><D64/><U134/><E134/><V15/><F1/><AGARI ba="0,1" hai="0,1,4,7,10,11,56,57,59,86,87,88,93,98" machi="1" ten="40,8000,1" yaku="1,1,2,1,9,1,54,1,53,0" doraHai="124" doraHaiUra="109" who="3" fromWho="2" sc="230,0,290,0,240,-80,230,90" /><INIT seed="2,0,0,3,4,44" ten="230,290,160,320" oya="2" hai0="53,115,51,34,59,75,89,124,81,31,52,92,106" hai1="39,47,8,56,29,67,71,24,119,42,132,64,41" hai2="118,100,86,73,19,111,27,131,15,6,79,108,35" hai3="13,46,88,23,83,70,50,114,30,103,65,129,7"/><V17/><F118/><W55/><G129/><T101/><D115/><U63/><E119/><V61/><F131/><W9/><G114/><T112/><D112/><U128/><E128/><V90/><F100/><W45/><G70/><T18/><D124/><U21/><E132/><V40/><F79/><W93/><G65/><T68/><D68/><U77/><E42/><V28/><F73/><W14/><G46/><T2/><D2/><U54/><E77/><V117/><F117/><W78/><G103/><T94/><D106/><U16/><E71/><V72/><F72/><W125/><G125/><T133/><D133/><U98/><E98/><V74/><F74/><W69/><G69/><T4/><D4/><U84/><E84/><V1/><F61/><W66/><G66/><T12/><D101/><U26/><E8/><N who="2" m="4503" /><F1/><W91/><G93/><T105/><D105/><U22/><AGARI ba="0,0" hai="16,21,22,24,26,29,39,41,47,54,56,63,64,67" machi="22" ten="20,2700,0" yaku="0,1,7,1,54,1" doraHai="44" who="1" fromWho="1" sc="230,-7,290,27,160,-13,320,-7" /><INIT seed="3,0,0,2,0,36" ten="223,317,147,313" oya="3" hai0="59,104,108,40,63,129,43,120,29,118,125,92,20" hai1="2,106,18,52,14,103,33,6,119,89,65,90,97" hai2="30,74,132,8,95,121,16,71,50,70,134,62,57" hai3="47,32,7,28,68,45,46,51,31,12,107,91,22"/><W0/><G107/><T58/><D104/><U102/><E119/><V87/><F74/><W66/><G68/><T15/><D118/><U44/><E33/><V99/><F30/><N who="3" m="11307" /><G0/><T61/><D120/><U109/><E109/><V10/><F121/><W17/><G32/><T55/><D108/><U27/><E65/><V64/><F87/><W11/><G91/><T1/><D1/><U94/><E27/><V85/><F85/><W105/><G66/><T131/><D125/><U123/><E123/><V39/><F39/><W54/><G105/><T93/><D29/><U82/><E6/><V21/><F71/><W110/><G110/><T34/><D34/><U112/><E2/><V117/><F117/><W81/><G81/><T80/><D80/><U88/><E112/><V96/><F96/><W101/><G101/><N who="1" m="38410" /><E106/><V41/><F70/><W98/><G98/><T124/><D124/><U78/><E78/><V53/><F64/><W115/><G115/><T19/><D131/><U69/><E69/><V23/><F23/><W75/><G75/><T100/><D129/><U72/><E72/><V113/><F113/><W48/><G54/><N who="0" m="34007" /><D100/><U127/><E127/><V37/><F37/><W13/><AGARI ba="0,0" hai="7,11,12,13,17,22,45,46,47,48,51" m="11307" machi="13" ten="30,1500,0" yaku="8,1" doraHai="36" who="3" fromWho="3" sc="223,-5,317,-5,147,-5,313,15" owari="218,-18.2,312,11.2,142,-35.8,328,42.8" /></mjloggm>