<mjloggm ver="2.3"><GO type="225" lobby="0"/><UN n0="%E6%98%93%E5%88%A9%E8%96%A9%E4%BC%AF" n1="%E6%B7%91%E5%A5%B3%E3%81%AE%E5%97%9C%E3%81%BF" n2="%E3%83%B4%E3%82%A3%E3%83%AF%E3%82%B3%E3%82%B0%E3%83%8B" n3="%E9%BB%99%E8%81%B4%E3%81%AE%E3%81%99%E3%82%9D%E3%82%81" dan="16,16,16,16" rate="2172.98,2104.35,2217.93,2148.34" sx="F,M,M,M"/><TAIKYOKU oya="0"/><INIT seed="0,0,0,5,2,118" ten="250,250,250,250" oya="0" hai0="124,6,95,62,115,71,121,33,9,92,125,59,58" hai1="128,114,129,86,126,37,27,36,131,116,10,80,41" hai2="12,103,88,94,98,48,93,132,57,26,75,45,40" hai3="82,105,104,99,68,55,35,74,101,18,108,25,1"/><T77/><D115/><U46/><E116/><V78/><F132/><W61/><G1/><T97/><D33/><U65/><E114/><V53/><F75/><W54/><G108/><T63/><D71/><U19/><E126/><V109/><F109/><W113/><G113/><T3/><D77/><U119/><E119/><V120/><F120/><W56/><G105/><T122/><D97/><U17/><E65/><V8/><F26/><W66/><G56/><T29/><D29/><U130/><N who="1" m="32768" /><DORA hai="73" /><U38/><E19/><V111/><F111/><W76/><REACH who="3" step="1"/><G18/><REACH who="3" ten="250,250,250,240" step="2"/><T30/><D30/><AGARI ba="0,1" hai="25,30,35,54,55,61,66,68,74,76,82,99,101,104" machi="30" ten="40,8000,1" yaku="1,1,2,1,25,2,52,1,53,0" doraHai="118,73" doraHaiUra="69,127" who="3" fromWho="0" sc="250,-80,250,0,250,0,240,90" /><INIT seed="1,0,0,4,3,73" ten="170,250,250,330" oya="1" hai0="0,128,67,111,56,61,114,77,94,134,36,68,99" hai1="57,86,124,53,93,22,26,3,16,85,92,71,121" hai2="78,126,97,6,5,52,37,60,32,129,50,72,21" hai3="15,104,20,112,101,54,12,116,123,95,120,14,31"/><U13/><E121/><V87/><F32/><W80/><G104/><T43/><D114/><U17/><E3/><V23/><F72/><W41/><G112/><T8/><D111/><U25/><E71/><V127/><F37/><W18/><G116/><T108/><D108/><U48/><E124/><N who="2" m="47659" /><F60/><W75/><G31/><T84/><D134/><U88/><E17/><V74/><F74/><W135/><G41/><T55/><D128/><U133/><E133/><V38/><F38/><W105/><G105/><T40/><D0/><U81/><REACH who="1" step="1"/><E93/><REACH who="1" ten="170,240,250,330" step="2"/><V107/><F129/><W35/><G135/><T79/><D8/><U46/><E46/><N who="2" m="27735" /><F5/><W30/><G95/><T24/><D24/><U90/><AGARI ba="0,1" hai="13,16,22,25,26,48,53,57,81,85,86,88,90,92" machi="90" ten="20,24000,3" yaku="1,1,0,1,7,1,25,2,8,1,54,2,53,1" doraHai="73" doraHaiUra="49" who="1" fromWho="1" sc="170,-80,240,250,250,-80,330,-80" /><INIT seed="1,1,0,3,0,126" ten="90,490,170,250" oya="1" hai0="26,73,19,78,39,27,131,111,93,63,130,135,75" hai1="64,20,28,123,82,17,119,100,14,134,80,6,109" hai2="23,102,97,30,5,65,12,106,113,107,112,9,68" hai3="114,132,133,54,83,72,53,86,52,33,127,70,57"/><U13/><E119/><V7/><F106/><W35/><G72/><T56/><D111/><U21/><E123/><V50/><F50/><W128/><G70/><T98/><D39/><U76/><E109/><V129/><F65/><W115/><G127/><T121/><D121/><U49/><E134/><N who="3" m="51818" /><G57/><T89/><D135/><U92/><E64/><V0/><F68/><W99/><G99/><T96/><D96/><U37/><E37/><V105/><F105/><W60/><G60/><T22/><D27/><U90/><E100/><V40/><F40/><W77/><G128/><N who="0" m="49195" /><D78/><U81/><E49/><V101/><F101/><W16/><G16/><T2/><D2/><U87/><E28/><V124/><F124/><W88/><G77/><T42/><D42/><U116/><E116/><V18/><F129/><W51/><G51/><T15/><D26/><U3/><E3/><V1/><F30/><W55/><N who="3" m="13312" /><DORA hai="58" /><W45/><G45/><T59/><D63/><U103/><E103/><V48/><F48/><W34/><AGARI ba="1,0" hai="33,34,35,83,86,88,114,115" m="13312,51818" machi="34" ten="50,6400,0" yaku="20,1,54,2" doraHai="126,58" who="3" fromWho="3" sc="90,-17,490,-33,170,-17,250,67" /><INIT seed="2,0,0,1,3,87" ten="73,457,153,317" oya="2" hai0="96,69,103,15,51,74,75,93,21,106,32,79,43" hai1="33,24,27,121,88,129,61,6,28,117,110,71,30" hai2="68,17,126,31,42,72,36,80,22,7,97,34,101" hai3="13,134,107,95,63,67,1,53,125,54,60,77,78"/><V82/><F126/><W38/><G1/><T18/><D69/><U92/><E117/><V56/><F72/><W64/><G107/><T14/><D32/><U58/><E71/><V94/><F68/><W52/><G38/><T19/><D106/><U112/><E112/><V10/><F36/><W46/><G134/><T90/><D103/><U23/><E110/><V65/><F42/><W98/><G46/><T104/><D104/><U11/><E129/><V9/><F34/><W35/><G13/><T8/><REACH who="0" step="1"/><D79/><REACH who="0" ten="63,457,153,317" step="2"/><U123/><E33/><V89/><F101/><N who="3" m="60639" /><G35/><T4/><D4/><U116/><E116/><V120/><F7/><W73/><G78/><T0/><D0/><U3/><E121/><V118/><F118/><W124/><G77/><T85/><D85/><U50/><E123/><V100/><F120/><W130/><G73/><T119/><D119/><U86/><E27/><N who="2" m="16887" /><F100/><W84/><G84/><T16/><D16/><U76/><E76/><V131/><F131/><W57/><G130/><T108/><D108/><U99/><E30/><V12/><F9/><W66/><G125/><T40/><D40/><U49/><REACH who="1" step="1"/><E86/><REACH who="1" ten="63,447,153,317" step="2"/><V5/><F5/><W122/><G124/><T41/><D41/><U133/><E133/><V44/><F17/><W25/><G25/><T91/><D91/><U111/><E111/><V109/><F109/><W59/><G122/><T114/><D114/><U115/><E115/><V2/><F89/><W48/><G67/><AGARI ba="0,2" hai="3,6,11,23,24,28,49,50,58,61,67,88,92,99" machi="67" ten="30,7700,0" yaku="1,1,7,1,52,1,54,1,53,0" doraHai="87" doraHaiUra="37" who="1" fromWho="3" sc="63,0,447,97,153,0,317,-77" /><INIT seed="3,0,0,1,4,130" ten="63,544,153,240" oya="3" hai0="97,102,67,41,40,83,120,16,29,30,90,68,51" hai1="134,14,62,86,12,92,11,21,88,116,100,74,6" hai2="15,42,2,56,132,80,53,25,5,99,45,46,101" hai3="126,65,98,64,133,105,77,131,123,118,36,3,109"/><W107/><RYUUKYOKU type="yao9" ba="0,0" sc="63,0,544,0,153,0,240,0" hai3="3,36,64,65,77,98,105,107,109,118,123,126,131,133" /><INIT seed="3,1,0,2,3,75" ten="63,544,153,240" oya="3" hai0="16,105,95,81,49,68,51,129,9,116,19,44,0" hai1="69,119,107,36,104,124,1,4,67,117,40,33,84" hai2="52,61,111,82,98,2,109,14,34,112,77,7,32" hai3="134,91,30,83,6,12,13,127,125,17,120,56,29"/><W128/><G56/><T59/><D68/><U5/><E124/><N who="3" m="47690" /><G91/><T27/><D129/><U130/><E33/><V131/><F131/><W99/><G99/><T132/><D105/><N who="1" m="40523" /><E130/><V122/><F112/><W106/><G83/><T88/><D132/><U94/><E94/><V48/><F122/><W100/><G100/><T39/><D116/><N who="1" m="44619" /><E1/><V133/><F133/><W86/><G86/><T50/><D81/><U53/><E53/><V24/><F61/><W37/><G37/><T89/><D59/><U63/><E84/><V90/><F90/><W28/><G106/><T96/><D89/><U47/><AGARI ba="1,0" hai="4,5,36,40,47,63,67,69" m="44619,40523" machi="47" ten="40,1500,0" yaku="12,1" doraHai="75" who="1" fromWho="1" sc="63,-5,544,18,153,-5,240,-8" owari="58,-44.2,562,66.2,148,-25.2,232,3.2" /></mjloggm>