<mjloggm ver="2.3"><GO type="225" lobby="0"/><UN n0="%E6%98%93%E5%88%A9%E8%96%A9%E4%BC%AF" n1="%4B%2E%32%2E%4B%2E" n2="%E6%97%A5%E6%9B%9C%E6%97%A5%E3%82%88%E3%82%8A%E3%81%AE%E4%BD%BF%E8%80%85" n3="%E7%B4%94%E6%BD%94%E3%83%94%E3%83%A9%E3%83%8B%E3%82%A2" dan="17,17,17,17" rate="2168.82,2182.69,2223.09,2190.17" sx="F,M,M,M"/><TAIKYOKU oya="0"/><INIT seed="0,0,0,4,2,38" ten="250,250,250,250" oya="0" hai0="83,112,55,101,16,8,49,124,13,109,135,105,123" hai1="25,82,128,60,91,33,47,111,90,84,115,5,31" hai2="96,20,18,42,72,129,86,10,131,71,0,100,40" hai3="68,52,43,92,4,110,45,17,34,23,119,11,107"/><T29/><D112/><U118/><E118/><V64/><F72/><W89/><G107/><T62/><D123/><U125/><E115/><V130/><F86/><W6/><G68/><T59/><D135/><U133/><E133/><V24/><F64/><W2/><G34/><T127/><D109/><U79/><E111/><V22/><F71/><W117/><G110/><T67/><D29/><U114/><E114/><V98/><F22/><W27/><G4/><T106/><D83/><U69/><E125/><N who="0" m="48201" /><D101/><U80/><E128/><V102/><F102/><W46/><G46/><AGARI ba="0,0" hai="8,13,16,46,49,55,59,62,67,105,106" m="48201" machi="46" ten="30,2900,0" yaku="18,1,54,1" doraHai="38" who="0" fromWho="3" sc="250,29,250,0,250,0,250,-29" /><INIT seed="0,1,0,1,1,9" ten="279,250,250,221" oya="0" hai0="30,71,43,115,105,111,81,126,135,34,91,65,92" hai1="112,97,3,113,21,84,132,18,36,88,35,100,0" hai2="4,76,109,73,69,98,50,129,103,127,60,64,58" hai3="101,94,134,86,1,10,11,6,96,39,62,99,102"/><T49/><D115/><N who="1" m="44107" /><E35/><V68/><F109/><W56/><G134/><T27/><D105/><N who="1" m="63631" /><E36/><V57/><F127/><W122/><G122/><T124/><D135/><U78/><E78/><V15/><F129/><W24/><G39/><T41/><D111/><U8/><E8/><V110/><F110/><W117/><G117/><T66/><D81/><N who="1" m="49167" /><E132/><V25/><F76/><W87/><G11/><T75/><D75/><U61/><E61/><V33/><F73/><W29/><G96/><T119/><D119/><U85/><E85/><V67/><F33/><W90/><G101/><T118/><D118/><U80/><E80/><V107/><F50/><W114/><G90/><T12/><D71/><U52/><E52/><V108/><F60/><W72/><G72/><T128/><D128/><U54/><E54/><V83/><F83/><W44/><G44/><T82/><D82/><U48/><E48/><V95/><F98/><W59/><G59/><T77/><D77/><U125/><E125/><N who="0" m="48233" /><D49/><U42/><E42/><V47/><F68/><W37/><G37/><T19/><D43/><U7/><E7/><V2/><F4/><W26/><G114/><T5/><D5/><U23/><E23/><V63/><F69/><W20/><REACH who="3" step="1"/><G24/><AGARI ba="1,0" hai="0,3,18,21,24" m="49167,63631,44107" machi="24" ten="30,2000,0" yaku="11,1,54,1" doraHai="9" who="1" fromWho="3" sc="279,0,250,23,250,0,221,-23" /><INIT seed="1,0,0,4,1,76" ten="279,273,250,198" oya="1" hai0="28,40,130,42,6,73,134,92,99,117,84,114,135" hai1="17,57,101,45,97,108,111,100,19,25,90,126,78" hai2="131,31,8,62,12,54,129,56,21,15,133,63,0" hai3="107,59,82,80,26,96,123,39,3,20,50,36,48"/><U27/><E126/><V1/><F63/><W10/><G123/><T67/><D73/><U5/><E5/><N who="2" m="3087" /><F133/><N who="0" m="50698" /><D114/><U70/><E70/><V49/><F62/><W105/><G3/><T51/><D67/><U119/><E119/><V65/><F65/><W64/><G10/><T61/><D61/><U74/><E57/><V104/><F104/><W38/><G64/><T124/><D130/><N who="2" m="49674" /><F31/><W18/><G105/><T47/><D28/><U94/><E45/><V32/><F32/><W30/><G30/><T13/><D117/><U89/><E74/><V58/><F58/><W85/><G85/><T77/><D124/><U11/><E78/><V132/><F132/><W112/><G112/><T24/><D84/><U4/><E101/><V23/><F15/><W81/><REACH who="3" step="1"/><G59/><REACH who="3" ten="279,273,250,188" step="2"/><T55/><D77/><U127/><E127/><V110/><F110/><W75/><G75/><T16/><D99/><U41/><E108/><V109/><F109/><W95/><G95/><T7/><D92/><U34/><E111/><V118/><F118/><W72/><G72/><T93/><D93/><U68/><E68/><V115/><F115/><W43/><G43/><T9/><D42/><U53/><E41/><V69/><F69/><W106/><G106/><T113/><D40/><U86/><E100/><AGARI ba="0,1" hai="18,20,26,36,38,39,48,50,80,81,82,96,100,107" machi="100" ten="50,8000,1" yaku="1,1,52,3,53,0" doraHai="76" doraHaiUra="88" who="3" fromWho="1" sc="279,0,273,-80,250,0,188,90" /><INIT seed="2,0,0,1,2,65" ten="279,193,250,278" oya="2" hai0="70,101,19,1,57,12,32,18,129,8,43,64,128" hai1="26,124,105,10,16,0,125,111,94,126,74,39,54" hai2="38,33,83,76,96,85,91,24,22,23,9,113,7" hai3="67,35,78,3,114,28,106,108,134,107,11,93,27"/><V44/><F113/><W62/><G114/><T45/><D32/><U88/><E105/><V50/><F38/><W121/><G121/><T4/><D101/><U56/><E74/><V72/><F33/><W89/><G108/><T80/><D57/><U63/><E39/><V115/><F115/><W31/><G31/><T49/><D80/><U133/><E111/><V73/><F96/><W47/><G47/><T34/><D34/><U58/><E133/><V92/><F73/><W123/><G78/><T37/><D37/><U13/><E0/><V116/><F24/><W20/><G35/><T109/><D109/><U135/><E135/><V15/><REACH who="2" step="1"/><F116/><REACH who="2" ten="279,193,240,278" step="2"/><W122/><G123/><T104/><D104/><U21/><E26/><V103/><F103/><W30/><G122/><T53/><D129/><U119/><E119/><V36/><F36/><W68/><G134/><T29/><D128/><U84/><REACH who="1" step="1"/><E58/><REACH who="1" ten="279,183,240,278" step="2"/><V102/><F102/><W86/><G106/><T61/><D29/><U41/><E41/><AGARI ba="0,2" hai="7,9,15,22,23,41,44,50,72,76,83,85,91,92" machi="41" ten="30,2900,0" yaku="1,1,7,1,53,0" doraHai="65" doraHaiUra="55" who="2" fromWho="1" sc="279,0,183,-29,240,49,278,0" /><INIT seed="2,1,0,2,0,133" ten="279,154,289,278" oya="2" hai0="92,95,46,131,106,118,17,40,72,9,44,28,68" hai1="7,16,38,47,96,115,102,85,58,89,53,93,97" hai2="18,101,52,84,123,130,49,121,51,33,2,122,62" hai3="43,5,107,30,110,63,124,70,73,19,48,127,31"/><V13/><F2/><W1/><G73/><T64/><D106/><U55/><E115/><V99/><F33/><W76/><G76/><T61/><D72/><U126/><E7/><V119/><F119/><W59/><G107/><T86/><D131/><U4/><E4/><V75/><F75/><W29/><G110/><T129/><D28/><U27/><E126/><N who="3" m="48170" /><G19/><T25/><D46/><U90/><E38/><V56/><F84/><W21/><G21/><T42/><D42/><U14/><E27/><V45/><F130/><W36/><G36/><T54/><D118/><U135/><E135/><V105/><REACH who="2" step="1"/><F45/><REACH who="2" ten="279,154,279,278" step="2"/><N who="3" m="25663" /><G70/><T69/><D68/><U128/><E128/><V32/><F32/><W67/><G5/><T98/><D69/><U15/><E47/><V79/><F79/><W77/><G1/><T83/><D129/><U34/><E34/><V24/><F24/><W108/><G108/><T82/><D25/><U35/><E35/><V60/><F60/><W37/><G77/><T20/><D61/><U6/><E14/><V116/><F116/><W0/><G0/><T81/><D44/><U104/><E58/><V8/><AGARI ba="1,1" hai="8,13,18,49,51,52,56,62,99,101,105,121,122,123" machi="8" ten="30,11700,0" yaku="1,1,0,1,54,1,53,1" doraHai="133" doraHaiUra="57" who="2" fromWho="2" sc="279,-40,154,-40,279,130,278,-40" /><INIT seed="2,2,0,5,5,65" ten="239,114,409,238" oya="2" hai0="60,84,38,92,130,32,78,55,115,53,48,4,77" hai1="37,88,112,75,21,76,133,39,113,3,52,82,64" hai2="20,111,105,62,132,118,23,73,2,15,129,35,125" hai3="72,42,56,127,8,0,101,117,79,1,69,27,13"/><V43/><RYUUKYOKU type="yao9" ba="2,0" sc="239,0,114,0,409,0,238,0" hai2="2,15,20,23,35,43,62,73,105,111,118,125,129,132" /><INIT seed="2,3,0,0,5,103" ten="239,114,409,238" oya="2" hai0="72,133,78,44,38,49,14,134,42,86,83,82,32" hai1="39,12,98,0,1,35,46,119,48,8,79,11,21" hai2="131,126,123,43,125,122,76,105,104,27,3,50,36" hai3="30,40,92,10,51,33,74,94,68,66,4,64,34"/><V87/><F3/><W100/><G74/><T17/><D32/><U22/><E119/><V115/><F36/><W112/><G112/><T75/><D38/><U7/><E39/><V91/><F27/><W120/><G120/><N who="2" m="46121" /><F43/><W95/><G100/><T101/><D101/><U73/><E98/><V61/><F50/><W70/><G51/><T84/><D75/><U96/><E96/><V99/><F61/><W57/><G40/><T23/><REACH who="0" step="1"/><D72/><REACH who="0" ten="229,114,409,238" step="2"/><U15/><E35/><V132/><F115/><W65/><G33/><T110/><D110/><U113/><E113/><V59/><F131/><W109/><G109/><T6/><D6/><N who="1" m="3095" /><E73/><V69/><F132/><W19/><G34/><T67/><D67/><U71/><E71/><V55/><F69/><W111/><G111/><T88/><AGARI ba="3,1" hai="14,17,23,42,44,49,78,82,83,84,86,88,133,134" machi="88" ten="30,7900,0" yaku="1,1,0,1,54,1,53,1" doraHai="103" doraHaiUra="16" who="0" fromWho="0" sc="229,98,114,-23,409,-42,238,-23" /><INIT seed="3,0,0,1,5,122" ten="327,91,367,215" oya="3" hai0="82,80,54,61,77,38,43,123,83,113,40,81,17" hai1="134,78,19,50,90,69,67,23,107,116,117,21,34" hai2="52,47,111,0,98,124,86,97,96,4,59,29,76" hai3="22,104,65,91,11,79,27,130,99,106,14,32,121"/><W60/><G121/><T120/><D113/><U109/><E107/><V24/><F111/><W71/><G79/><T46/><D43/><U36/><E36/><V93/><F124/><W133/><G130/><T26/><D26/><U16/><E34/><V57/><F0/><W9/><G133/><T126/><D126/><U127/><E78/><V73/><F4/><W108/><G108/><T125/><D125/><U92/><E127/><V101/><F73/><W13/><G104/><T103/><D103/><U10/><E10/><V44/><F59/><W88/><G32/><T66/><D54/><U6/><E6/><V25/><F101/><W35/><G106/><T51/><D17/><U115/><E115/><V63/><F24/><W8/><G35/><T132/><D38/><U62/><E134/><V5/><F5/><W42/><G42/><T41/><D41/><U53/><E109/><V12/><F12/><W84/><G99/><T7/><D7/><U102/><E102/><V114/><F114/><W131/><G131/><T94/><D94/><U58/><E23/><N who="2" m="15551" /><F93/><W119/><G119/><T129/><D129/><U33/><E19/><V89/><F89/><W3/><G3/><T31/><D31/><U135/><E33/><V45/><F98/><W49/><G49/><T37/><D37/><U95/><E135/><V28/><F28/><W72/><G72/><N who="0" m="43047" /><D132/><U100/><E100/><V56/><F56/><W55/><G91/><T48/><D48/><U64/><E64/><V128/><F128/><W75/><G88/><T2/><D2/><U105/><E105/><V18/><F18/><RYUUKYOKU ba="0,0" sc="327,15,91,-15,367,15,215,-15" hai0="40,46,51,61,66,81,82,83,120,123" hai2="44,45,47,52,57,63,76,86,96,97" owari="342,14.2,76,-42.4,382,48.2,200,-20.0" /></mjloggm>