<mjloggm ver="2.3"><GO type="225" lobby="0"/><UN n0="%E6%A1%9C%E8%8A%B1%E9%96%83%E3%80%85" n1="%E3%81%8B%E3%82%8F%E3%81%A1%E3%82%83%E3%82%93%35%38" n2="%4C%4F%4C%49%54%41" n3="%E5%B0%8F%E9%B3%A5%E9%81%8A%E7%B7%B4%E7%84%A1%32%31%E6%AD%B3" dan="16,16,16,17" rate="2222.02,2136.75,2121.08,2202.43" sx="M,M,F,F"/><TAIKYOKU oya="0"/><INIT seed="0,0,0,3,2,6" ten="250,250,250,250" oya="0" hai0="66,93,7,19,94,110,29,62,4,32,103,14,31" hai1="117,21,25,71,44,57,41,80,91,40,69,129,87" hai2="64,61,10,107,77,133,49,126,97,47,17,42,59" hai3="48,2,27,96,122,124,22,130,75,127,73,79,113"/><T99/><D110/><U135/><E117/><V50/><F133/><W46/><G113/><T125/><D125/><N who="3" m="48201" /><G79/><T43/><D43/><U102/><E135/><V18/><F126/><W76/><G76/><T98/><D32/><U114/><E129/><V56/><F77/><W128/><G122/><T3/><D3/><U26/><E114/><V72/><F72/><N who="3" m="27723" /><G96/><T115/><D115/><U108/><E108/><V120/><F120/><W30/><G2/><T104/><D104/><U106/><E106/><V82/><F82/><W118/><G118/><T109/><D109/><U78/><E78/><V67/><F50/><W38/><G38/><T112/><D112/><U95/><E80/><V45/><F45/><W8/><G8/><N who="0" m="6599" /><D62/><U74/><E74/><V35/><F10/><W15/><G15/><T89/><D66/><U23/><E44/><V39/><F39/><W11/><G11/><T60/><D60/><U51/><E51/><V33/><F107/><W54/><AGARI ba="0,0" hai="22,27,30,46,48,54,128,130" m="27723,48201" machi="54" ten="40,1500,0" yaku="18,1" doraHai="6" who="3" fromWho="3" sc="250,-7,250,-4,250,-4,250,15" /><INIT seed="1,0,0,2,5,3" ten="243,246,246,265" oya="1" hai0="25,23,76,46,134,54,62,10,127,108,101,56,7" hai1="11,121,118,105,45,117,44,87,48,83,131,75,19" hai2="72,124,28,65,91,4,70,99,82,126,30,32,16" hai3="79,112,107,81,110,55,78,26,21,20,37,92,38"/><U119/><E121/><V57/><F70/><W123/><G107/><T102/><D108/><U24/><E131/><V86/><F32/><W106/><G106/><T128/><D128/><U51/><E105/><V100/><F72/><W63/><G123/><T111/><D111/><U8/><E75/><V113/><F113/><W120/><G120/><T115/><D115/><U40/><E24/><V90/><F90/><W27/><G112/><T66/><D127/><N who="2" m="48682" /><F4/><W109/><G92/><T125/><D134/><U89/><REACH who="1" step="1"/><E19/><REACH who="1" ten="243,236,246,265" step="2"/><V97/><F16/><W130/><G130/><T59/><D125/><U133/><E133/><V22/><F28/><W0/><G27/><T93/><D25/><U29/><E29/><V41/><F30/><W96/><G26/><T33/><D33/><U68/><E68/><V67/><F67/><W13/><G109/><T9/><D66/><U17/><E17/><V64/><F64/><W104/><G110/><T98/><D23/><U129/><E129/><V77/><F22/><W50/><G21/><T61/><D9/><U71/><E71/><V42/><F65/><W52/><G20/><T135/><D135/><U114/><E114/><V43/><F43/><AGARI ba="0,1" hai="8,11,40,43,44,45,48,51,83,87,89,117,118,119" machi="43" ten="40,3900,0" yaku="1,1,9,1,53,0" doraHai="3" doraHaiUra="69" who="1" fromWho="2" sc="243,0,236,49,246,-39,265,0" /><INIT seed="1,1,0,0,1,96" ten="243,285,207,265" oya="1" hai0="131,95,77,8,82,7,4,10,91,74,73,56,107" hai1="48,45,89,119,84,38,17,75,120,90,26,61,108" hai2="60,83,110,87,64,23,129,67,127,29,123,5,112" hai3="53,43,113,6,114,98,21,106,111,118,101,70,65"/><U72/><E119/><V63/><F123/><W102/><G118/><T99/><D131/><U13/><E120/><V33/><F33/><W94/><G111/><T27/><D27/><U3/><E3/><V9/><F110/><W34/><G43/><T47/><D47/><U66/><E108/><V25/><F127/><W71/><G6/><T105/><D74/><U54/><E26/><V62/><F112/><W40/><G40/><T86/><D56/><U116/><E90/><V128/><F128/><W124/><G124/><T12/><REACH who="0" step="1"/><D73/><REACH who="0" ten="233,285,207,265" step="2"/><U126/><E126/><V18/><F129/><W88/><G114/><T115/><D115/><U121/><E121/><V59/><F29/><W52/><G113/><T31/><D31/><U58/><E116/><V28/><F28/><W134/><G71/><T57/><D57/><U19/><E38/><V41/><F41/><W125/><G125/><T104/><D104/><U79/><E75/><V22/><F59/><W85/><G70/><T11/><D11/><U42/><E42/><V117/><F117/><W69/><G69/><T49/><D49/><U76/><E72/><V24/><F25/><W81/><G106/><T30/><D30/><U37/><E37/><V100/><F23/><W55/><G34/><T97/><D97/><U135/><E58/><V132/><F9/><W80/><G21/><T32/><D32/><U20/><E20/><V122/><F122/><W93/><G98/><T109/><D109/><U78/><E45/><V1/><F22/><W50/><G50/><T36/><D36/><U130/><E130/><V39/><F39/><RYUUKYOKU ba="1,1" sc="233,30,285,-10,207,-10,265,-10" hai0="4,7,8,10,12,77,82,86,91,95,99,105,107" /><INIT seed="2,2,1,0,1,22" ten="263,275,197,255" oya="2" hai0="68,59,133,66,107,82,60,6,63,128,101,57,21" hai1="135,38,65,41,54,79,92,75,48,96,19,34,64" hai2="69,23,47,120,18,86,12,31,30,33,32,93,108" hai3="78,53,74,55,13,14,122,39,103,90,43,20,95"/><V77/><F120/><W73/><G122/><T52/><D133/><U115/><E115/><V111/><F69/><W112/><G103/><T104/><D128/><U16/><E34/><N who="2" m="13419" /><F47/><W2/><G2/><T81/><D68/><U8/><E135/><V62/><F62/><W83/><G73/><T131/><D131/><U25/><E38/><V110/><F93/><W11/><G13/><T91/><D6/><U29/><E41/><V99/><F99/><W89/><G89/><T98/><D104/><U37/><E37/><V50/><F50/><W15/><G15/><T126/><D126/><U72/><E72/><V130/><F130/><W9/><G112/><T51/><D91/><U0/><E75/><V106/><F106/><W84/><G43/><T80/><D21/><N who="1" m="15535" /><E79/><V127/><F127/><W70/><G39/><T42/><REACH who="0" step="1"/><D82/><AGARI ba="2,1" hai="12,18,23,30,31,77,82,86,108,110,111" m="13419" machi="82" ten="40,3900,0" yaku="14,1,10,1" doraHai="22" who="2" fromWho="0" sc="263,-45,275,0,197,55,255,0" /><INIT seed="2,3,0,5,4,69" ten="218,275,252,255" oya="2" hai0="118,29,10,64,122,102,121,133,17,11,128,100,37" hai1="63,123,16,51,1,15,101,13,90,61,8,21,32" hai2="130,26,57,5,25,7,52,4,55,3,35,0,48" hai3="126,81,103,53,42,89,68,24,44,41,125,94,20"/><V112/><F112/><W119/><G68/><T14/><D128/><U86/><E123/><V88/><F130/><W83/><G103/><T18/><D133/><U33/><E1/><V71/><F71/><W116/><G53/><T120/><D118/><U113/><E113/><V45/><F35/><W134/><G134/><T124/><D124/><N who="3" m="47721" /><G41/><T2/><D64/><U92/><E32/><V76/><F76/><W28/><G116/><T66/><D66/><U80/><E33/><V62/><F0/><W97/><G119/><T40/><D29/><U99/><REACH who="1" step="1"/><E51/><AGARI ba="3,0" hai="20,24,28,42,44,51,81,83,89,94,97" m="47721" machi="51" ten="30,1000,0" yaku="18,1" doraHai="69" who="3" fromWho="1" sc="218,0,275,-19,252,0,255,19" /><INIT seed="3,0,0,1,5,84" ten="218,256,252,274" oya="3" hai0="135,34,46,81,68,83,101,33,74,93,78,58,32" hai1="113,17,106,56,54,77,55,64,49,15,85,52,25" hai2="27,20,44,111,41,82,96,47,97,24,116,94,105" hai3="104,130,73,121,59,37,18,10,11,98,79,128,12"/><W65/><G37/><T75/><D68/><U76/><E106/><V29/><F116/><W108/><G121/><T40/><D135/><U31/><E113/><V14/><F111/><W61/><G108/><T102/><D58/><U5/><E5/><V36/><F105/><W123/><G123/><T4/><D4/><U22/><E64/><V80/><F14/><W118/><G118/><T87/><D93/><U30/><E30/><V6/><F6/><W89/><G104/><T110/><D110/><U0/><E0/><V109/><F96/><W67/><G67/><T42/><D42/><U28/><E85/><V134/><F47/><W35/><G35/><T60/><D60/><U126/><E28/><V2/><F2/><W122/><G122/><T8/><D8/><N who="1" m="6375" /><E126/><V114/><F134/><W71/><G71/><T115/><D115/><U9/><E9/><V53/><F109/><W131/><G79/><AGARI ba="0,0" hai="22,25,31,49,52,54,55,56,76,77,79" m="6375" machi="79" ten="30,2000,0" yaku="8,1,54,1" doraHai="84" who="1" fromWho="3" sc="218,0,256,20,252,0,274,-20" /><INIT seed="4,0,0,3,4,32" ten="218,276,252,254" oya="0" hai0="93,109,28,21,47,4,72,31,57,112,86,26,33" hai1="129,73,20,102,121,48,115,99,7,75,135,25,132" hai2="61,98,8,0,111,71,11,108,126,41,107,22,97" hai3="123,74,43,52,70,127,120,94,110,3,76,106,101"/><T124/><D112/><U35/><E115/><V113/><F113/><W95/><G110/><T24/><D109/><U69/><E35/><V9/><F126/><W34/><G70/><T87/><D124/><U90/><E69/><V130/><F98/><N who="3" m="61751" /><G43/><T117/><D117/><U10/><E121/><N who="3" m="46666" /><G34/><T46/><D72/><U44/><E129/><V2/><F130/><W133/><G133/><N who="1" m="51274" /><E90/><V51/><F22/><W77/><G127/><T119/><D119/><U18/><E48/><V88/><F51/><W92/><G52/><T13/><D57/><U27/><E27/><V125/><F41/><W19/><G19/><T131/><D131/><U23/><E23/><V96/><F125/><W89/><G3/><T100/><D100/><U118/><E44/><V79/><F108/><W134/><G134/><T49/><D93/><N who="3" m="35945" /><G74/><T6/><D46/><U53/><E53/><V62/><F111/><W38/><G38/><T78/><D13/><U83/><E118/><V56/><F71/><W128/><G128/><T50/><D50/><U80/><E73/><V40/><F56/><W1/><G1/><T12/><D12/><N who="1" m="5215" /><E75/><V30/><F0/><W116/><G116/><T122/><D49/><U16/><E18/><V29/><F2/><W104/><G104/><AGARI ba="0,0" hai="16,20,25,80,83,99,102,104" m="5215,51274" machi="104" ten="30,2000,0" yaku="20,1,54,1" doraHai="32" who="1" fromWho="3" sc="218,0,276,20,252,0,254,-20" /><INIT seed="5,0,0,2,5,103" ten="218,296,252,234" oya="1" hai0="83,37,7,15,33,84,58,110,29,63,4,125,42" hai1="13,31,26,3,21,66,91,99,27,120,30,111,24" hai2="62,0,32,119,17,6,88,44,68,100,50,41,77" hai3="87,133,16,118,1,76,51,134,94,90,127,61,106"/><U39/><E3/><V123/><F119/><W59/><G1/><T49/><D110/><U79/><E39/><V131/><F123/><W101/><G118/><T129/><D37/><U114/><E120/><V54/><F32/><W113/><G113/><T116/><D116/><U56/><E114/><V124/><F77/><W38/><G38/><T97/><D125/><U40/><E111/><V48/><F124/><W73/><G51/><T130/><D97/><U132/><E99/><V80/><F100/><W14/><G127/><T2/><D15/><U89/><E79/><V71/><F131/><N who="0" m="50186" /><D2/><U8/><E40/><V43/><F62/><W18/><G14/><T53/><D29/><U57/><E132/><N who="3" m="50794" /><G76/><N who="0" m="46183" /><D33/><U20/><E27/><V112/><F112/><W102/><G73/><T93/><D93/><U95/><E66/><V19/><F0/><W81/><G94/><T75/><D75/><U96/><E91/><V126/><F126/><W12/><G12/><T70/><D70/><U108/><E108/><V47/><F6/><AGARI ba="0,0" hai="6,8,13,20,21,24,26,30,31,56,57,89,95,96" machi="6" ten="30,5800,0" yaku="7,1,9,1,8,1" doraHai="103" who="1" fromWho="2" sc="218,0,296,58,252,-58,234,0" owari="218,-18.2,354,45.4,194,-30.6,234,3.4" /></mjloggm>