<mjloggm ver="2.3"><GO type="225" lobby="0"/><UN n0="%E3%82%BC%E3%83%AB%E3%83%80%E3%81%AE%E4%BC%9D%E8%AA%AC" n1="%4B%2E%32%2E%4B%2E" n2="%72%69%6F%75%63%68%61%6E" n3="%E3%81%BF%E3%81%BF%E3%81%9A" dan="17,17,16,17" rate="2130.04,2196.74,2140.16,2177.78" sx="M,M,M,M"/><TAIKYOKU oya="0"/><INIT seed="0,0,0,2,4,130" ten="250,250,250,250" oya="0" hai0="33,46,82,95,70,56,42,54,51,116,38,81,45" hai1="78,114,59,6,3,80,35,86,74,16,29,8,27" hai2="133,72,93,13,0,102,108,49,107,100,109,101,123" hai3="67,11,87,113,75,19,65,76,21,61,57,5,36"/><T73/><D116/><U91/><E114/><V122/><F0/><W60/><G36/><T134/><D33/><U17/><REACH who="1" step="1"/><E59/><REACH who="1" ten="250,240,250,250" step="2"/><V50/><F123/><W40/><G113/><T2/><D70/><U31/><E31/><V14/><F122/><W121/><G121/><T90/><D73/><U43/><E43/><V85/><F72/><W37/><G75/><T48/><D2/><U115/><E115/><V106/><F133/><W64/><G40/><T94/><D134/><U125/><E125/><V105/><F85/><W9/><G57/><T1/><D1/><U128/><E128/><V30/><F30/><W63/><G37/><T129/><D129/><U44/><E44/><V15/><REACH who="2" step="1"/><F93/><AGARI ba="0,1" hai="3,6,8,16,17,27,29,35,74,78,80,86,91,93" machi="93" ten="30,7700,0" yaku="1,1,7,1,54,1,53,1" doraHai="130" doraHaiUra="23" who="1" fromWho="2" sc="250,0,240,87,250,-77,250,0" /><INIT seed="1,0,0,0,2,52" ten="250,327,173,250" oya="1" hai0="63,117,130,97,77,75,116,7,2,44,68,32,87" hai1="120,86,0,35,9,69,53,79,112,84,5,43,134" hai2="71,92,22,59,51,42,93,80,46,73,29,133,109" hai3="13,58,89,21,50,26,27,3,8,127,19,64,14"/><U135/><E112/><V72/><F71/><W106/><G106/><T74/><D87/><U18/><E120/><V85/><F109/><W15/><G127/><T104/><D130/><U88/><E35/><V96/><F133/><N who="1" m="50697" /><E69/><V128/><F128/><W61/><G3/><T31/><D44/><U95/><E43/><V131/><F131/><W17/><G50/><T45/><D45/><U123/><E123/><V82/><F93/><W66/><G66/><N who="0" m="41055" /><D7/><U81/><E53/><V33/><F33/><W78/><G78/><T39/><D2/><U24/><E24/><N who="2" m="16535" /><F72/><N who="0" m="27690" /><D77/><U129/><E18/><V115/><F73/><W10/><G89/><T114/><D39/><U91/><E129/><V110/><F110/><W48/><G48/><T121/><D114/><U38/><E79/><N who="2" m="46239" /><F115/><W36/><G36/><AGARI ba="0,0" hai="0,5,9,36,38,81,84,86,88,91,95" m="50697" machi="36" ten="30,2900,0" yaku="20,1,54,1" doraHai="52" who="1" fromWho="3" sc="250,0,327,29,173,0,250,-29" /><INIT seed="1,1,0,2,4,36" ten="250,356,173,221" oya="1" hai0="56,121,66,24,4,47,105,99,118,16,8,81,132" hai1="72,79,70,28,116,120,27,7,134,31,115,109,130" hai2="103,74,19,59,108,20,65,124,53,1,51,10,62" hai3="95,6,113,33,44,41,55,75,39,11,60,98,30"/><U117/><E79/><V68/><F108/><W50/><G113/><T127/><D118/><U38/><E7/><V25/><F124/><W102/><G75/><T101/><D127/><U26/><E72/><V107/><F74/><W114/><G114/><T67/><D132/><U17/><E70/><V129/><F129/><W23/><G33/><T22/><D121/><U112/><E38/><V133/><F133/><W29/><G23/><T43/><D56/><U0/><E134/><V42/><F107/><W135/><G60/><T96/><D96/><U35/><E0/><V83/><F103/><W91/><G135/><T80/><D67/><U90/><E90/><V78/><F42/><W84/><G55/><T9/><D66/><U12/><E120/><V52/><F53/><W73/><G39/><T88/><D88/><U106/><E106/><V89/><F78/><W21/><G21/><T104/><D104/><U77/><E77/><V61/><F61/><W94/><REACH who="3" step="1"/><G73/><REACH who="3" ten="250,356,173,211" step="2"/><T54/><D54/><U3/><E115/><V45/><F68/><W128/><G128/><T49/><REACH who="0" step="1"/><D8/><REACH who="0" ten="240,356,173,211" step="2"/><N who="1" m="6279" /><E112/><V123/><F123/><W46/><G46/><T85/><D85/><U111/><E130/><V58/><F45/><W18/><G18/><T125/><D125/><U76/><E116/><V57/><F57/><W86/><G86/><T69/><D69/><U2/><E117/><V32/><F10/><W92/><G92/><T110/><D110/><N who="1" m="41995" /><E76/><V63/><F63/><W15/><AGARI ba="1,2" hai="6,11,15,29,30,41,44,50,84,91,94,95,98,102" machi="15" ten="20,8000,1" yaku="1,1,0,1,7,1,8,1,52,1,53,0" doraHai="36" doraHaiUra="122" who="3" fromWho="3" sc="240,-21,356,-41,173,-21,211,103" /><INIT seed="2,0,0,4,2,72" ten="219,315,152,314" oya="2" hai0="44,38,86,92,20,37,65,47,91,131,96,27,1" hai1="41,22,10,52,48,11,24,3,130,81,30,110,51" hai2="58,64,127,124,25,87,73,68,63,19,15,75,114" hai3="134,109,111,17,32,90,98,39,28,99,69,61,105"/><V113/><F25/><N who="3" m="18447" /><G39/><T50/><D1/><U6/><E110/><N who="3" m="41994" /><G134/><T104/><D131/><U71/><E130/><V89/><F68/><W93/><G17/><T115/><D115/><N who="2" m="44042" /><F15/><W21/><G21/><T126/><D65/><U119/><E71/><V18/><F19/><W128/><G128/><T118/><D118/><U33/><E119/><V14/><F14/><W36/><G36/><T108/><D108/><U121/><E121/><V132/><F18/><W83/><G83/><T12/><D12/><U7/><E81/><N who="2" m="49391" /><F132/><W116/><G116/><T76/><D47/><N who="1" m="25711" /><E33/><V62/><F62/><W42/><G42/><T80/><D104/><U66/><E3/><V29/><F29/><W79/><G79/><T95/><D95/><U2/><E2/><V70/><F70/><W5/><G5/><N who="1" m="1546" /><E66/><V74/><F74/><W78/><G78/><T57/><D57/><AGARI ba="0,0" hai="10,11,22,24,30,51,52,57" m="1546,25711" machi="57" ten="30,2000,0" yaku="8,1,54,1" doraHai="72" who="1" fromWho="0" sc="219,-20,315,20,152,0,314,0" /><INIT seed="3,0,0,1,0,123" ten="199,335,152,314" oya="3" hai0="89,46,36,22,23,18,16,19,113,128,134,43,131" hai1="96,112,78,53,4,103,107,28,39,29,66,135,75" hai2="62,115,122,97,69,55,56,109,48,27,7,10,82" hai3="41,133,57,47,5,77,117,99,52,76,125,50,83"/><W11/><G117/><T59/><D134/><U104/><E112/><V79/><F115/><W6/><G133/><T33/><D113/><U111/><E135/><V31/><F122/><W127/><G99/><T58/><D33/><U25/><E107/><V73/><F97/><W98/><G98/><T100/><D100/><U110/><E39/><V88/><F69/><W81/><G81/><T1/><D1/><U14/><E53/><V118/><F118/><W106/><G106/><T105/><D89/><U74/><E29/><V40/><F40/><W70/><G70/><T9/><D9/><N who="1" m="4391" /><E78/><N who="3" m="30314" /><G83/><T15/><D105/><U8/><E8/><V21/><F88/><W119/><G119/><T30/><D30/><U13/><E13/><V87/><F73/><W95/><G95/><T45/><D45/><U72/><E72/><V67/><F109/><N who="1" m="41481" /><E66/><V49/><REACH who="2" step="1"/><F67/><REACH who="2" ten="199,335,142,314" step="2"/><W35/><G35/><AGARI ba="0,1" hai="25,28,35,74,75,96,103,104" m="41481,4391" machi="35" ten="30,7700,0" yaku="14,1,52,3" doraHai="123" who="1" fromWho="3" sc="199,0,335,87,142,0,314,-77" owari="199,-20.1,422,52.2,142,-35.8,237,3.7" /></mjloggm>