<mjloggm ver="2.3"><GO type="225" lobby="0"/><UN n0="%43%68%65" n1="%E3%81%99%E3%81%84%E3%81%BE%E3%81%9B%E3%83%BC%E3%82%93" n2="%E3%83%B4%E3%83%A0%EF%BC%99%E3%81%A6" n3="%E6%98%93%E5%88%A9%E8%96%A9%E4%BC%AF" dan="16,18,16,17" rate="2128.77,2182.71,2174.66,2193.19" sx="M,M,M,F"/><TAIKYOKU oya="0"/><INIT seed="0,0,0,1,0,129" ten="250,250,250,250" oya="0" hai0="66,34,105,106,37,14,26,101,51,6,20,56,121" hai1="135,111,95,17,2,128,61,23,3,55,85,100,71" hai2="76,42,8,68,94,9,45,134,72,102,115,29,52" hai3="131,65,40,21,67,4,88,130,69,122,92,70,32"/><T104/><D121/><U91/><E128/><N who="3" m="49194" /><G32/><T58/><D37/><U7/><E111/><V49/><F115/><W41/><G4/><T81/><D34/><U62/><E135/><V113/><F113/><W43/><G21/><T114/><D114/><U13/><E71/><N who="3" m="27146" /><G122/><T132/><D132/><U79/><E7/><V99/><F134/><W108/><G108/><T89/><D101/><U16/><E100/><V35/><F68/><W103/><G103/><T5/><D5/><U77/><E2/><V54/><F72/><W33/><G33/><T78/><D89/><U19/><E3/><V10/><REACH who="2" step="1"/><F76/><REACH who="2" ten="250,250,240,250" step="2"/><W74/><G74/><T30/><D78/><N who="1" m="29707" /><E62/><V60/><F60/><W80/><G80/><T93/><D81/><U125/><E125/><V59/><F59/><AGARI ba="0,1" hai="13,16,17,19,23,55,59,61,85,91,95" m="29707" machi="59" ten="30,2000,0" yaku="8,1,54,1" doraHai="129" who="1" fromWho="2" sc="250,0,250,30,240,-20,250,0" /><INIT seed="1,0,0,0,5,95" ten="250,280,220,250" oya="1" hai0="67,92,108,17,103,25,121,16,54,81,1,102,43" hai1="0,133,36,2,113,135,105,106,130,112,55,41,89" hai2="60,124,38,56,71,131,97,91,118,26,51,10,9" hai3="90,15,27,61,88,77,99,7,85,57,101,49,80"/><U120/><E120/><V84/><F118/><W58/><G49/><T14/><D121/><U44/><E130/><V4/><F38/><W3/><G3/><N who="1" m="1066" /><E55/><V31/><F131/><W34/><G58/><T64/><D1/><U52/><E89/><V132/><F71/><W110/><G110/><T126/><D108/><U13/><E13/><V96/><F51/><W19/><G7/><T107/><D107/><N who="1" m="40971" /><E52/><N who="2" m="33799" /><F124/><W53/><G34/><T8/><D126/><U40/><E40/><V47/><F47/><W37/><G27/><T115/><D43/><U94/><E94/><N who="2" m="54631" /><F132/><AGARI ba="0,0" hai="36,41,44,112,113,132,133,135" m="40971,1066" machi="132" ten="40,3900,0" yaku="20,1,23,1" doraHai="95" who="1" fromWho="2" sc="250,0,280,39,220,-39,250,0" /><INIT seed="1,1,0,3,0,11" ten="250,319,181,250" oya="1" hai0="28,35,122,108,113,96,64,121,76,111,49,119,59" hai1="57,17,125,104,73,62,41,75,74,25,23,60,129" hai2="14,85,18,8,97,20,71,37,81,34,79,6,99" hai3="53,84,52,115,3,133,63,47,103,61,31,13,101"/><U109/><E125/><V82/><F34/><W43/><G3/><T46/><D76/><U91/><E129/><V126/><F126/><W95/><G115/><T66/><D96/><U40/><E104/><V42/><F71/><W4/><G31/><T114/><D28/><U128/><E128/><V45/><REACH who="2" step="1"/><F82/><REACH who="2" ten="250,319,171,250" step="2"/><W36/><G133/><T27/><D35/><U110/><E110/><N who="0" m="42025" /><D119/><U77/><E109/><V0/><AGARI ba="1,1" hai="0,6,8,14,18,20,37,42,45,79,81,85,97,99" machi="0" ten="20,8000,1" yaku="1,1,0,1,7,1,52,1,53,1" doraHai="11" doraHaiUra="7" who="2" fromWho="2" sc="250,-21,319,-41,171,93,250,-21" /><INIT seed="2,0,0,4,3,93" ten="229,278,264,229" oya="2" hai0="112,20,39,25,81,129,32,9,135,38,30,113,14" hai1="49,94,66,46,88,22,53,123,62,64,121,40,10" hai2="47,43,15,80,73,109,84,90,128,59,114,60,100" hai3="126,67,56,17,110,108,76,45,82,96,92,42,95"/><V21/><F114/><W119/><G119/><T18/><D39/><U133/><E133/><V3/><F3/><W103/><G126/><T77/><D38/><U65/><E10/><V8/><F128/><W48/><G17/><T78/><D129/><U51/><E22/><V44/><F109/><W36/><G92/><T75/><D135/><U127/><E127/><V122/><F122/><N who="1" m="46601" /><E62/><V24/><F73/><W83/><G67/><T69/><D69/><U35/><E35/><V52/><F100/><W105/><G105/><T107/><D78/><U68/><E68/><V71/><F43/><W16/><G76/><T34/><D34/><U1/><E1/><V118/><F118/><W26/><G56/><T13/><REACH who="0" step="1"/><D107/><REACH who="0" ten="219,278,264,229" step="2"/><U72/><E72/><V28/><F71/><W58/><G108/><T91/><D91/><U130/><E130/><V70/><F70/><W57/><G110/><T27/><D27/><U97/><E66/><V29/><F29/><W2/><G36/><T74/><D74/><U89/><E89/><V79/><F90/><W111/><G111/><T0/><D0/><U134/><E134/><V33/><F33/><W120/><G2/><T11/><D11/><U50/><E65/><V12/><F8/><W102/><G120/><T125/><D125/><U101/><E64/><V54/><F15/><W23/><G103/><T117/><D117/><U132/><E132/><V5/><F12/><W131/><G131/><T106/><D106/><U104/><E104/><V116/><F116/><W115/><G115/><T61/><D61/><U63/><E101/><V19/><F60/><RYUUKYOKU ba="0,1" sc="219,10,278,10,264,-30,229,10" hai0="9,13,14,18,20,25,30,32,75,77,81,112,113" hai1="40,46,49,50,51,53,63,88,94,97" hai3="16,23,26,42,45,48,57,58,82,83,95,96,102" /><INIT seed="3,1,1,5,0,58" ten="229,288,234,239" oya="3" hai0="55,80,123,60,83,66,119,75,46,14,92,50,10" hai1="132,54,73,76,107,82,95,44,43,121,9,20,103" hai2="0,22,16,52,68,62,63,115,45,3,133,23,31" hai3="112,30,35,64,122,25,93,102,28,110,38,129,19"/><W7/><G112/><T116/><D123/><U111/><E121/><V59/><F115/><W53/><G122/><T51/><D51/><U79/><E107/><V21/><F133/><W114/><G114/><T90/><D119/><U88/><E54/><V113/><F113/><W11/><G38/><T124/><D124/><U29/><E103/><V57/><F68/><W101/><G30/><T69/><D75/><U77/><E9/><V4/><F45/><W99/><G64/><T17/><REACH who="0" step="1"/><D116/><REACH who="0" ten="219,288,234,239" step="2"/><U15/><E132/><V134/><F134/><W89/><G129/><T84/><AGARI ba="1,2" hai="10,14,17,46,50,55,60,66,69,80,83,84,90,92" machi="84" ten="20,8000,1" yaku="1,1,2,1,0,1,7,1,52,1,53,0" doraHai="58" doraHaiUra="94" who="0" fromWho="0" sc="219,103,288,-21,234,-21,239,-41" owari="322,42.2,267,6.7,213,-18.7,198,-30.2" /></mjloggm>