<mjloggm ver="2.3"><GO type="225" lobby="0"/><UN n0="%E3%83%8F%E3%83%B3%E3%83%89%E3%83%A9%E3%83%BC%E3%83%BB%E3%83%AF%E3%83%B3" n1="%E6%9C%88%E5%B3%B6%E5%9F%BA" n2="%33%74%72%65%65" n3="%E9%A6%AC%E5%BC%95%E7%81%AB%33" dan="17,16,17,16" rate="2268.63,2137.51,2211.67,2180.93" sx="M,M,F,M"/><TAIKYOKU oya="0"/><INIT seed="0,0,0,1,0,7" ten="250,250,250,250" oya="0" hai0="101,111,5,37,83,30,86,127,57,26,47,18,16" hai1="24,112,11,59,12,125,100,22,132,3,131,88,89" hai2="133,113,78,103,35,60,64,44,9,90,73,28,67" hai3="87,123,40,93,104,13,71,52,46,69,115,118,107"/><T135/><D135/><U48/><E132/><V99/><F133/><W85/><G115/><T91/><D127/><U6/><E125/><V36/><F113/><W29/><G118/><T96/><D111/><U62/><E112/><V81/><F90/><W21/><G123/><T58/><D5/><U61/><E131/><V27/><F9/><W66/><G93/><T105/><D37/><U34/><E100/><V75/><F75/><W76/><G40/><T129/><D47/><U92/><E34/><V121/><F121/><W130/><G130/><T19/><REACH who="0" step="1"/><D129/><REACH who="0" ten="240,250,250,250" step="2"/><U72/><E3/><V32/><F36/><W102/><G46/><T17/><N who="0" m="4096" /><DORA hai="50" /><T74/><D74/><U94/><E72/><V51/><F44/><W68/><G13/><T119/><D119/><U31/><E48/><V33/><F51/><W1/><G1/><T49/><D49/><U116/><E116/><V70/><REACH who="2" step="1"/><F67/><REACH who="2" ten="240,250,240,250" step="2"/><W63/><G66/><T108/><D108/><U41/><E41/><V79/><F79/><W65/><G65/><T38/><D38/><U98/><REACH who="1" step="1"/><E59/><REACH who="1" ten="240,240,240,250" step="2"/><V114/><F114/><W20/><G71/><T39/><D39/><U54/><E54/><V15/><F15/><W43/><G52/><T56/><D56/><U80/><E80/><V128/><F128/><W110/><G69/><T8/><D8/><U55/><E55/><V120/><F120/><W53/><G53/><T134/><D134/><U82/><E82/><V117/><F117/><W0/><G68/><T14/><D14/><U84/><AGARI ba="0,3" hai="6,11,12,22,24,31,61,62,84,88,89,92,94,98" machi="84" ten="20,12000,2" yaku="1,1,0,1,7,1,8,1,52,1,54,1,53,1" doraHai="7,50" doraHaiUra="10,42" who="1" fromWho="1" sc="240,-60,240,150,240,-30,250,-30" /><INIT seed="1,0,0,1,0,75" ten="180,390,210,220" oya="1" hai0="110,104,17,74,93,119,133,61,9,120,107,97,88" hai1="85,1,34,32,20,15,33,125,31,109,73,50,8" hai2="45,72,94,126,118,117,86,10,77,103,0,66,65" hai3="44,56,51,83,81,102,24,59,54,5,35,111,98"/><U46/><E73/><V62/><F126/><W106/><G111/><T123/><D61/><U69/><E69/><V19/><F65/><W43/><G5/><T60/><D60/><U18/><E125/><V108/><F108/><W22/><G35/><N who="1" m="13386" /><E85/><V64/><F64/><W115/><G115/><T79/><D110/><U68/><E50/><V38/><F103/><W42/><G42/><T71/><D71/><U82/><E82/><N who="2" m="45351" /><F19/><W100/><G59/><T76/><D119/><U6/><E46/><V113/><F113/><W47/><G47/><T53/><D53/><U91/><E91/><N who="2" m="53623" /><F62/><W90/><G90/><T16/><D133/><U130/><E68/><V129/><F66/><W28/><REACH who="3" step="1"/><G102/><REACH who="3" ten="180,390,210,210" step="2"/><T40/><D40/><U116/><E109/><V121/><F45/><W26/><G26/><T23/><D123/><U30/><E116/><V29/><F38/><AGARI ba="0,1" hai="22,24,28,38,43,44,51,54,56,81,83,98,100,106" machi="38" ten="30,2000,0" yaku="1,1,7,1,53,0" doraHai="75" doraHaiUra="80" who="3" fromWho="2" sc="180,0,390,0,210,-20,210,30" /><INIT seed="2,0,0,1,5,89" ten="180,390,190,240" oya="2" hai0="95,57,98,112,53,81,5,68,55,26,123,119,78" hai1="10,23,22,118,35,13,64,3,91,75,20,114,25" hai2="0,33,109,82,34,50,16,43,110,96,19,28,49" hai3="67,88,8,94,66,85,127,97,87,11,103,104,92"/><V129/><F129/><W51/><G127/><T90/><D119/><U130/><E75/><V9/><F82/><W42/><G42/><T60/><D123/><U73/><E73/><V131/><F131/><W29/><G29/><T32/><D112/><U128/><E114/><V61/><F61/><W86/><G51/><N who="2" m="19465" /><F43/><W77/><G77/><T106/><D68/><U72/><E72/><V99/><F0/><W101/><G101/><T15/><D106/><U18/><E118/><V115/><F115/><W63/><G104/><T79/><D32/><N who="2" m="12394" /><F28/><W93/><G93/><T113/><D26/><U41/><E41/><V12/><F19/><W121/><G121/><T124/><D124/><U100/><E128/><V108/><AGARI ba="0,0" hai="9,12,16,96,99,108,109,110" m="12394,19465" machi="108" ten="40,7800,0" yaku="14,1,10,1,54,1" doraHai="89" who="2" fromWho="2" sc="180,-26,390,-26,190,78,240,-26" /><INIT seed="2,1,0,1,5,11" ten="154,364,268,214" oya="2" hai0="92,52,56,3,27,110,106,90,122,63,100,84,125" hai1="18,59,53,60,64,20,9,88,39,113,128,81,29" hai2="35,28,75,134,111,21,83,40,124,67,108,74,24" hai3="51,93,36,22,127,23,4,101,25,103,114,130,62"/><V1/><F1/><W19/><G36/><T34/><D122/><U102/><E113/><V118/><F118/><W105/><G105/><T79/><D3/><U123/><E39/><V96/><F134/><W117/><G117/><T89/><D110/><N who="2" m="42026" /><F124/><W50/><G127/><T76/><D125/><U45/><E123/><V49/><F67/><W135/><G135/><T2/><D2/><U86/><E128/><V46/><F96/><W121/><G121/><T80/><D100/><U97/><E29/><V131/><F131/><W44/><G4/><T69/><D106/><U43/><E9/><V48/><F35/><W126/><G114/><T6/><D6/><U15/><E64/><V71/><F71/><W55/><G130/><T58/><D69/><U14/><E102/><V66/><F66/><W91/><G126/><T10/><D10/><U33/><E97/><V72/><F49/><W109/><G109/><T42/><D42/><U116/><E33/><V16/><F28/><W8/><G8/><T12/><D34/><U119/><E119/><V65/><F65/><W57/><G23/><T82/><D27/><N who="1" m="14743" /><E116/><V54/><F40/><N who="3" m="24839" /><G51/><T73/><D73/><U31/><E31/><V32/><F32/><W133/><G133/><T132/><D132/><U99/><E99/><AGARI ba="1,0" hai="19,22,25,55,57,62,91,93,99,101,103" m="24839" machi="99" ten="30,2000,0" yaku="25,1,8,1" doraHai="11" who="3" fromWho="1" sc="154,0,364,-23,268,0,214,23" /><INIT seed="3,0,0,4,1,108" ten="154,341,268,237" oya="3" hai0="69,13,36,72,10,120,131,11,24,5,121,68,12" hai1="129,81,113,48,39,85,99,19,58,57,61,0,64" hai2="75,91,42,6,32,14,50,135,21,105,54,76,87" hai3="118,83,93,53,22,33,103,27,2,40,28,47,46"/><W115/><G115/><T16/><D72/><U38/><E0/><V97/><F32/><W111/><G2/><T95/><D36/><U122/><E113/><V101/><F135/><W74/><G118/><T79/><D79/><U125/><E122/><V17/><F6/><W8/><G8/><T106/><D106/><U102/><E125/><V94/><F42/><W52/><G111/><T65/><D131/><U44/><E58/><N who="2" m="33111" /><F76/><W98/><G74/><AGARI ba="0,0" hai="14,17,21,74,75,87,91,94,97,101,105" m="33111" machi="74" ten="30,1000,0" yaku="25,1" doraHai="108" who="2" fromWho="3" sc="154,0,341,0,268,10,237,-10" owari="154,-34.6,341,44.1,278,7.8,227,-17.3" /></mjloggm>