<mjloggm ver="2.3"><GO type="225" lobby="0"/><UN n0="%E7%99%BD%E5%92%B2%E8%8A%B1%E3%81%A1%E3%82%83%E3%82%93" n1="%E3%81%AF%E3%82%88%E3%81%8A%E3%81%98%E3%81%95%E3%82%93" n2="%E7%9A%AE%E3%80%85" n3="%E6%81%A5%E6%99%92%E3%81%97" dan="16,17,16,16" rate="2160.72,2160.60,2122.11,2147.08" sx="F,M,M,M"/><TAIKYOKU oya="0"/><INIT seed="0,0,0,5,5,38" ten="250,250,250,250" oya="0" hai0="16,77,106,39,46,108,102,80,32,56,6,114,93" hai1="134,52,49,4,43,30,61,115,109,92,121,110,57" hai2="45,19,3,98,41,26,18,87,113,88,54,89,44" hai3="23,99,103,82,7,50,122,35,10,120,94,0,27"/><T116/><D114/><U8/><E121/><V67/><F3/><W118/><G118/><T78/><D116/><U60/><E115/><V21/><F113/><W68/><G68/><T100/><D32/><U96/><E30/><V76/><F67/><W66/><G35/><T123/><D123/><N who="3" m="47145" /><G66/><T70/><D70/><U104/><E104/><V84/><F76/><W135/><G135/><T42/><D6/><U65/><E134/><V119/><F119/><W85/><G50/><T75/><D108/><N who="1" m="41579" /><E43/><V97/><F54/><W86/><G82/><T40/><D106/><U127/><E127/><V31/><F31/><AGARI ba="0,0" hai="0,7,10,23,27,31,85,86,94,99,103" m="47145" machi="31" ten="30,1000,0" yaku="13,1" doraHai="38" who="3" fromWho="2" sc="250,0,250,0,250,-10,250,10" /><INIT seed="1,0,0,2,1,135" ten="250,250,240,260" oya="1" hai0="87,0,55,105,25,121,46,42,133,48,6,26,72" hai1="86,4,129,89,117,128,107,77,106,18,93,134,81" hai2="61,30,94,60,73,123,101,9,47,98,118,127,45" hai3="88,8,96,52,70,120,115,7,83,103,75,91,2"/><U66/><E4/><V114/><F118/><W95/><G120/><T84/><D133/><U29/><E134/><V99/><F123/><W125/><G115/><T22/><D121/><U31/><E66/><V90/><F127/><W58/><G70/><T102/><D72/><U56/><E56/><V20/><F73/><W74/><G125/><T124/><D124/><U131/><E18/><V97/><F114/><W76/><REACH who="3" step="1"/><G74/><REACH who="3" ten="250,250,240,250" step="2"/><T32/><D84/><N who="1" m="52391" /><E117/><V108/><F108/><W59/><G59/><T92/><D87/><U130/><E130/><V33/><F98/><W62/><AGARI ba="0,1" hai="2,7,8,52,58,62,75,76,83,88,91,95,96,103" machi="62" ten="20,8000,1" yaku="1,1,0,1,7,1,54,2,53,0" doraHai="135" doraHaiUra="63" who="3" fromWho="3" sc="250,-20,250,-40,240,-20,250,90" /><INIT seed="2,0,0,2,1,1" ten="230,210,220,340" oya="2" hai0="13,59,113,64,6,66,89,29,58,131,109,61,120" hai1="85,55,130,10,37,132,0,92,35,114,99,77,95" hai2="105,41,32,19,117,110,107,40,24,4,135,94,52" hai3="63,100,23,17,49,11,38,33,81,7,18,103,12"/><V2/><F117/><W106/><G38/><T97/><D120/><U87/><E114/><V104/><F135/><W115/><G33/><T73/><D113/><U121/><E35/><V8/><F110/><W133/><G106/><T112/><D112/><U86/><E37/><V44/><F94/><W102/><G133/><T5/><D73/><U75/><E132/><V27/><F19/><W22/><G115/><T46/><D109/><U71/><E71/><V60/><F32/><W62/><G49/><T36/><D131/><U39/><E39/><V80/><F80/><W3/><REACH who="3" step="1"/><G81/><REACH who="3" ten="230,210,220,330" step="2"/><T79/><D36/><U83/><E130/><V70/><F41/><W30/><G30/><T118/><D29/><U72/><E121/><V125/><F125/><W50/><G50/><T96/><D118/><U34/><E34/><V93/><F40/><W57/><G57/><T9/><D59/><U76/><E83/><V126/><F126/><W16/><G16/><T84/><D58/><U65/><E75/><V91/><F44/><W74/><G74/><T45/><D45/><U88/><E72/><V90/><F105/><W31/><G31/><T54/><D46/><U53/><E77/><V124/><F107/><W108/><G108/><T48/><D79/><U82/><E76/><V26/><F104/><W116/><G116/><T20/><D48/><U128/><E82/><V98/><F124/><W28/><G28/><T67/><D61/><U21/><E128/><V111/><F111/><W78/><G78/><T134/><D134/><U123/><E123/><V122/><F122/><W127/><G127/><RYUUKYOKU ba="0,1" sc="230,-10,210,-10,220,-10,330,30" hai3="3,7,11,12,17,18,22,23,62,63,100,102,103" /><INIT seed="3,1,1,5,5,36" ten="220,200,210,360" oya="3" hai0="108,4,75,133,48,77,12,57,15,10,29,129,78" hai1="87,60,72,65,117,24,14,101,89,40,17,91,18" hai2="55,5,134,56,23,111,11,120,125,85,26,98,62" hai3="66,45,127,51,19,135,30,113,128,34,106,107,28"/><W20/><G30/><T13/><D108/><U35/><E72/><V97/><F111/><W6/><G6/><T109/><D109/><U126/><E126/><V79/><F125/><W21/><G20/><T32/><D133/><U104/><E117/><V27/><F134/><W119/><G66/><T58/><D129/><U83/><E40/><V25/><F23/><W88/><G45/><T99/><D32/><U37/><E37/><V3/><REACH who="2" step="1"/><F120/><REACH who="2" ten="220,200,200,360" step="2"/><W59/><G21/><T64/><D10/><U71/><E35/><V68/><F68/><W47/><G127/><T7/><D57/><U61/><E71/><V41/><F41/><W132/><G59/><T96/><D58/><U102/><E24/><V112/><F112/><W114/><G34/><T8/><D8/><U38/><E65/><V130/><F130/><W105/><G128/><T22/><D64/><U63/><E38/><V94/><F94/><W53/><G113/><T82/><D22/><N who="1" m="11575" /><E104/><V54/><F54/><W116/><G53/><T1/><D82/><AGARI ba="1,2" hai="3,5,11,25,26,27,55,56,62,79,82,85,97,98" machi="82" ten="40,2600,0" yaku="1,1,53,1" doraHai="36" doraHaiUra="50" who="2" fromWho="0" sc="220,-29,200,0,200,49,360,0" owari="191,-30.9,200,-20.0,249,4.9,360,46.0" /></mjloggm>