<mjloggm ver="2.3"><GO type="225" lobby="0"/><UN n0="%E3%81%A4%E3%81%A3%E3%81%B1%E3%82%8A%E3%83%9D%E3%83%BC%E3%83%AB" n1="%72%61%6B%33" n2="%E8%81%B7%E6%A5%AD%E3%80%81%E9%A2%A8%32" n3="%E6%97%A5%E6%9B%9C%E6%97%A5%E3%82%88%E3%82%8A%E3%81%AE%E4%BD%BF%E8%80%85" dan="17,16,16,17" rate="2157.08,2116.15,2184.53,2186.33" sx="M,M,M,M"/><TAIKYOKU oya="0"/><INIT seed="0,0,0,4,3,19" ten="250,250,250,250" oya="0" hai0="17,124,117,63,48,68,16,44,31,54,9,64,108" hai1="135,128,71,106,66,96,58,83,27,101,110,67,105" hai2="91,88,38,100,126,57,50,11,129,18,75,97,113" hai3="76,116,59,89,74,73,61,34,81,23,29,85,127"/><T1/><D117/><U32/><E110/><V94/><F113/><W104/><G116/><T118/><D118/><U51/><E128/><V111/><F111/><W22/><G127/><T133/><D108/><U98/><E135/><V103/><F129/><W125/><G125/><T62/><D124/><U26/><E83/><V52/><F38/><W24/><G104/><T99/><D133/><U65/><E71/><V102/><F75/><W115/><G115/><T28/><D99/><U39/><E39/><V132/><F132/><W69/><G69/><T134/><D134/><U25/><E32/><V4/><F126/><W49/><G49/><T13/><D1/><U131/><E131/><V119/><F119/><W120/><G120/><T41/><REACH who="0" step="1"/><D17/><REACH who="0" ten="240,250,250,250" step="2"/><U86/><E98/><V114/><F114/><W82/><REACH who="3" step="1"/><G74/><REACH who="3" ten="240,250,250,240" step="2"/><T37/><D37/><U43/><E106/><V78/><F18/><W112/><G112/><T77/><D77/><U122/><E105/><V20/><F78/><W10/><G10/><T2/><D2/><U92/><E122/><V55/><F11/><W93/><G93/><T42/><D42/><U7/><E43/><V87/><F94/><W36/><G36/><T3/><D3/><U72/><E72/><V130/><F130/><W80/><G80/><T6/><D6/><U79/><E7/><V15/><F4/><W53/><AGARI ba="0,2" hai="22,23,24,29,34,53,59,61,73,76,81,82,85,89" machi="53" ten="20,12000,2" yaku="1,1,0,1,7,1,52,2,53,1" doraHai="19" doraHaiUra="84" who="3" fromWho="3" sc="240,-60,250,-30,250,-30,240,140" /><INIT seed="1,0,0,1,4,35" ten="180,220,220,380" oya="1" hai0="9,55,25,47,91,43,27,134,10,97,19,13,78" hai1="74,71,24,62,103,114,118,36,46,63,129,109,96" hai2="31,61,107,21,6,14,104,11,18,93,5,34,126" hai3="133,70,38,72,105,121,4,29,58,48,131,69,101"/><U75/><E114/><V122/><F126/><W89/><G72/><T123/><D134/><U94/><E118/><V79/><F122/><W82/><G38/><T59/><D123/><U60/><E71/><V23/><F79/><W2/><G29/><T84/><D78/><U51/><E36/><V22/><F93/><W110/><G58/><T88/><D10/><U90/><E129/><V41/><F41/><W127/><G48/><N who="0" m="26751" /><D97/><U99/><E109/><V52/><F6/><W54/><G54/><T81/><D91/><U119/><E24/><N who="2" m="18791" /><F104/><W26/><G26/><T113/><D113/><U45/><E119/><V20/><F107/><W44/><G133/><T87/><D87/><U117/><E117/><V135/><F135/><W76/><G82/><T83/><D83/><U12/><E12/><N who="2" m="9287" /><F52/><W57/><G127/><T49/><AGARI ba="0,0" hai="9,13,19,25,27,49,55,59,81,84,88" m="26751" machi="49" ten="30,2000,0" yaku="8,1,54,1" doraHai="35" who="0" fromWho="0" sc="180,20,220,-10,220,-5,380,-5" /><INIT seed="2,0,0,3,5,44" ten="200,210,215,375" oya="2" hai0="108,102,59,91,50,135,64,121,123,58,85,134,41" hai1="21,99,95,47,75,81,118,127,113,34,9,83,92" hai2="98,116,6,42,1,12,77,86,84,67,19,30,110" hai3="122,0,26,13,38,100,5,106,120,53,45,132,87"/><V57/><F116/><W17/><G106/><T62/><D102/><U48/><E118/><V49/><F110/><W27/><G100/><T61/><D108/><U109/><E113/><V31/><F1/><W128/><G87/><N who="2" m="33321" /><F6/><W54/><G38/><T15/><D15/><U114/><E34/><V11/><F98/><W39/><G39/><T96/><D96/><U43/><E114/><V10/><F77/><W117/><G117/><T18/><D18/><U97/><E109/><V103/><F103/><W124/><G5/><T94/><D41/><U60/><E75/><V25/><F10/><W20/><G0/><T80/><D80/><U37/><E37/><V40/><F25/><W46/><G26/><T73/><D73/><U68/><E9/><V35/><F35/><W69/><G27/><T65/><REACH who="0" step="1"/><D50/><REACH who="0" ten="190,210,215,375" step="2"/><U14/><E99/><V56/><F42/><W105/><G13/><T130/><D130/><U24/><E14/><V74/><F74/><W90/><G17/><T79/><D79/><U32/><E97/><V131/><F131/><W76/><G76/><T16/><D16/><U104/><E83/><V101/><F101/><W55/><G128/><T115/><D115/><U28/><E81/><V78/><F78/><W126/><G105/><T4/><D4/><U2/><E104/><V51/><F40/><W129/><G129/><T71/><D71/><U107/><E107/><V70/><F70/><W82/><G69/><T133/><AGARI ba="0,1" hai="58,59,61,62,64,65,85,91,94,121,123,133,134,135" machi="133" ten="30,8000,1" yaku="1,1,0,1,9,1,20,1,53,1" doraHai="44" doraHaiUra="89" who="0" fromWho="0" sc="190,90,210,-20,215,-40,375,-20" /><INIT seed="3,0,0,4,3,65" ten="280,190,175,355" oya="3" hai0="117,24,37,38,29,61,93,82,50,111,95,87,10" hai1="135,32,63,129,45,26,15,122,18,40,86,91,74" hai2="118,110,64,56,108,52,107,5,132,134,77,94,23" hai3="51,35,14,103,12,114,78,67,2,46,90,127,71"/><W96/><G2/><T11/><D117/><U89/><E122/><V60/><F118/><W83/><G90/><T131/><D111/><N who="2" m="42538" /><F107/><W76/><G35/><T84/><D131/><U115/><E115/><V21/><F77/><W125/><G71/><T101/><D50/><U48/><E74/><V99/><F5/><W28/><G67/><T128/><D128/><U133/><E129/><V126/><F126/><N who="3" m="48139" /><G28/><T73/><D73/><U119/><E119/><V106/><F106/><N who="3" m="63847" /><G114/><T113/><D113/><U0/><E0/><V88/><F64/><W39/><G39/><T80/><D29/><U27/><E32/><V102/><F102/><W120/><G120/><T36/><D101/><U47/><E91/><V59/><F59/><W72/><G78/><T9/><D38/><U42/><E135/><AGARI ba="0,0" hai="21,23,52,56,60,88,94,99,132,134,135" m="42538" machi="135" ten="30,7700,0" yaku="20,1,14,1,54,2" doraHai="65" who="2" fromWho="1" sc="280,0,190,-77,175,77,355,0" owari="280,8.0,113,-38.7,252,-14.8,355,45.5" /></mjloggm>