<mjloggm ver="2.3"><GO type="225" lobby="0"/><UN n0="%E9%BB%99%E8%81%B4%E3%81%AE%E3%81%99%E3%82%9D%E3%82%81" n1="%E7%AB%8B%E7%9B%B4%E5%A5%BD%E6%A3%92%40%E5%BF%98" n2="%E3%83%A9%E3%82%B9%E7%8E%87%EF%BC%93%E5%89%B2" n3="%E7%99%BD%E5%80%89%E5%AF%9B%E4%B9%8B" dan="16,17,17,16" rate="2085.06,2150.30,2199.87,2121.02" sx="M,M,F,M"/><TAIKYOKU oya="0"/><INIT seed="0,0,0,1,2,90" ten="250,250,250,250" oya="0" hai0="31,33,93,67,69,40,54,48,75,97,114,16,26" hai1="2,91,95,63,126,77,129,133,43,72,88,45,13" hai2="96,82,58,47,70,25,28,11,15,3,18,115,29" hai3="76,103,12,46,21,94,37,41,57,100,99,32,71"/><T6/><D114/><U123/><E123/><V84/><F70/><W4/><G71/><T127/><D75/><U135/><E2/><V128/><F128/><W105/><G32/><T9/><D127/><U122/><E122/><V22/><F115/><W86/><G103/><T111/><D111/><U104/><E104/><V0/><F29/><W66/><G105/><T35/><D40/><U118/><E118/><V8/><F8/><W83/><G21/><T121/><D67/><U59/><E13/><V42/><F58/><W24/><G24/><T27/><D69/><U5/><E5/><V55/><F96/><W64/><REACH who="3" step="1"/><G57/><REACH who="3" ten="250,250,250,240" step="2"/><T79/><D121/><U56/><E56/><V20/><F22/><W125/><G125/><T17/><D27/><U52/><E126/><V30/><F28/><W112/><G112/><T85/><D33/><U107/><E107/><V60/><F30/><W51/><G51/><T131/><D35/><U110/><E129/><V53/><F25/><W116/><G116/><T50/><D31/><U44/><E59/><V80/><F20/><W34/><G34/><T7/><D50/><U117/><E117/><V78/><F60/><W89/><G89/><N who="0" m="55471" /><D131/><U120/><E91/><V38/><REACH who="2" step="1"/><F82/><REACH who="2" ten="250,250,240,240" step="2"/><W130/><G130/><T74/><D26/><U106/><E120/><V87/><F87/><W119/><G119/><T102/><D85/><U14/><E72/><V124/><F124/><W62/><G62/><T101/><D74/><U134/><E63/><V132/><F132/><W10/><AGARI ba="0,2" hai="4,10,12,37,41,46,64,66,76,83,86,94,99,100" machi="10" ten="30,4000,0" yaku="1,1,0,1,52,1,53,0" doraHai="90" doraHaiUra="19" who="3" fromWho="3" sc="250,-20,250,-10,240,-10,240,60" /><INIT seed="1,0,0,5,2,33" ten="230,240,230,300" oya="1" hai0="107,96,103,27,67,12,28,112,120,134,84,72,95" hai1="80,23,91,119,59,66,77,102,116,20,35,50,133" hai2="30,108,106,53,92,6,49,101,34,24,64,39,58" hai3="2,10,4,118,56,9,124,8,62,18,99,85,3"/><U38/><E38/><V88/><F108/><W26/><G124/><T21/><D112/><U48/><E35/><V44/><F106/><W47/><G118/><T22/><D134/><U43/><E102/><V15/><F101/><W70/><G70/><T11/><D72/><U74/><E133/><V87/><F64/><W0/><G99/><T14/><D120/><U89/><E74/><V63/><F39/><W105/><G105/><T73/><D73/><U78/><E66/><V125/><F125/><W1/><G85/><T60/><D84/><U75/><E75/><V41/><F15/><W132/><G132/><T126/><D126/><U115/><E59/><V55/><F6/><W79/><G79/><T29/><D107/><U65/><E65/><V61/><F55/><W32/><G47/><T19/><D12/><U69/><E80/><V128/><REACH who="2" step="1"/><F61/><REACH who="2" ten="230,240,220,300" step="2"/><W109/><G109/><T31/><REACH who="0" step="1"/><D11/><REACH who="0" ten="220,240,220,300" step="2"/><U54/><E116/><V45/><F45/><W42/><G10/><T83/><D83/><U36/><E119/><V7/><F7/><W25/><G9/><T131/><D131/><AGARI ba="0,2" hai="24,30,34,41,44,49,53,58,63,87,88,92,128,131" machi="131" ten="40,2600,0" yaku="1,1,54,1,53,0" doraHai="33" doraHaiUra="100" who="2" fromWho="0" sc="220,-26,240,0,220,46,300,0" /><INIT seed="2,0,0,5,2,35" ten="194,240,266,300" oya="2" hai0="63,42,81,10,41,22,80,118,68,38,123,72,83" hai1="96,91,128,32,133,60,17,109,107,64,54,11,90" hai2="120,76,14,112,75,2,110,67,98,105,93,65,127" hai3="97,125,126,62,88,69,3,135,132,0,103,130,85"/><V13/><F112/><W66/><G130/><T56/><D123/><U84/><E32/><V19/><F120/><W115/><G115/><T15/><D68/><U61/><E109/><V12/><F105/><N who="3" m="63727" /><G88/><T111/><D111/><U55/><E128/><V101/><F110/><W59/><G59/><T50/><D118/><U116/><E133/><N who="3" m="51274" /><G85/><T77/><D38/><U89/><E116/><V57/><F57/><W131/><G131/><T108/><D108/><U5/><E84/><V27/><F127/><AGARI ba="0,0" hai="0,3,62,66,69,125,126,127" m="51274,63727" machi="127" ten="30,8000,1" yaku="18,1,20,1,23,1,52,2" doraHai="35" who="3" fromWho="2" sc="194,0,240,0,266,-80,300,80" /><INIT seed="3,0,0,3,5,125" ten="194,240,186,380" oya="3" hai0="119,113,99,68,76,35,55,43,67,29,94,126,44" hai1="50,5,47,59,74,66,108,103,89,41,51,31,61" hai2="42,101,135,27,14,127,26,93,9,39,130,8,124" hai3="104,24,73,18,15,109,45,34,20,95,87,3,21"/><W4/><G73/><T17/><D119/><U52/><E74/><V79/><F79/><W11/><G104/><T96/><D126/><N who="2" m="48170" /><F135/><W0/><G45/><T16/><D113/><U91/><E108/><V23/><F130/><W70/><G95/><T115/><D115/><U129/><E129/><V122/><F122/><W86/><G70/><T97/><D76/><U62/><E103/><V28/><F42/><W22/><G87/><T72/><D72/><U30/><E5/><V118/><F39/><W133/><G86/><T107/><D55/><U69/><E62/><V134/><F134/><W7/><G133/><T84/><D84/><U38/><E50/><V75/><F75/><W32/><G109/><T60/><D99/><U92/><E91/><V105/><F105/><W132/><G132/><T90/><D44/><U63/><E63/><V82/><F82/><W49/><G49/><T25/><D43/><U48/><E48/><V81/><F81/><W80/><G80/><T57/><D57/><U116/><E116/><V71/><F71/><W123/><G123/><T100/><AGARI ba="0,0" hai="16,17,25,29,35,60,67,68,90,94,96,97,100,107" machi="100" ten="30,7900,0" yaku="0,1,25,2,54,1" doraHai="125" who="0" fromWho="0" sc="194,79,240,-20,186,-20,380,-39" owari="273,7.3,220,-18.0,166,-33.4,341,44.1" /></mjloggm>