<mjloggm ver="2.3"><GO type="225" lobby="0"/><UN n0="%41%6F%54" n1="%E4%B8%AD%E5%B9%B4%E3%81%AE%E5%8D%B1%E6%A9%9F" n2="%E5%91%A8%E6%9D%B1" n3="%E9%BB%99%E8%81%B4%E3%81%AE%E3%81%99%E3%82%9D%E3%82%81" dan="16,16,17,16" rate="2064.47,2123.36,2206.73,2144.90" sx="M,M,M,M"/><TAIKYOKU oya="0"/><INIT seed="0,0,0,2,0,51" ten="250,250,250,250" oya="0" hai0="29,34,130,88,31,30,62,112,75,102,93,23,104" hai1="28,109,74,36,135,4,131,118,79,134,84,8,101" hai2="14,16,99,132,108,117,7,59,70,1,13,95,71" hai3="45,129,3,73,53,38,119,61,96,122,80,0,94"/><T15/><D112/><U41/><E84/><V25/><F1/><W47/><G119/><T123/><D123/><U17/><E101/><V81/><F117/><W82/><G129/><T18/><D75/><U72/><E118/><V56/><F132/><N who="1" m="50729" /><E17/><V12/><F7/><W76/><G122/><T63/><D130/><U65/><E131/><V90/><F108/><W26/><G26/><T57/><D34/><U5/><E5/><V10/><F10/><W116/><G116/><T48/><D102/><U78/><E28/><V106/><F106/><W111/><G111/><T46/><D104/><U64/><E109/><V6/><F6/><W128/><G128/><T100/><D100/><U54/><E54/><V52/><F59/><W83/><G83/><T91/><D57/><U32/><E32/><V98/><F99/><W22/><G22/><T19/><D19/><U87/><E87/><V35/><F81/><W33/><G33/><T133/><D133/><U50/><E50/><V69/><F35/><W67/><G80/><T110/><D110/><U120/><E120/><V55/><REACH who="2" step="1"/><F56/><REACH who="2" ten="250,250,240,250" step="2"/><W85/><G0/><T44/><D44/><N who="1" m="23591" /><E74/><V21/><AGARI ba="0,1" hai="12,13,14,16,21,25,52,55,69,70,71,90,95,98" machi="21" ten="40,12000,2" yaku="1,1,0,1,52,2,54,2,53,0" doraHai="51" doraHaiUra="97" who="2" fromWho="2" sc="250,-60,250,-30,240,130,250,-30" /><INIT seed="1,0,0,1,2,98" ten="190,220,370,220" oya="1" hai0="77,68,38,22,66,80,122,106,20,83,84,134,126" hai1="41,11,39,25,115,100,132,103,24,72,45,17,67" hai2="105,114,14,123,120,43,135,125,69,99,21,95,59" hai3="52,61,26,82,48,113,3,121,23,44,104,89,81"/><U90/><E115/><V53/><F114/><W63/><G121/><T102/><D122/><U110/><E72/><V12/><F69/><W93/><G104/><T27/><D38/><U29/><E132/><V49/><F135/><W109/><G3/><T128/><D134/><U101/><E110/><V32/><F32/><W6/><G6/><T94/><D106/><U56/><E90/><V107/><F43/><W78/><G109/><T118/><D118/><U130/><E130/><V10/><F107/><W62/><G78/><T60/><D128/><U40/><E40/><V7/><F105/><W0/><G0/><T13/><D126/><U5/><E17/><V85/><F125/><W73/><G73/><T18/><D83/><U108/><E108/><V64/><F64/><W112/><G112/><T119/><D119/><U15/><REACH who="1" step="1"/><E29/><REACH who="1" ten="190,210,370,220" step="2"/><V97/><F123/><W42/><G42/><T35/><D18/><U124/><E124/><V79/><F120/><W92/><G113/><T133/><D133/><U37/><E37/><V96/><F79/><W50/><G89/><T54/><D77/><U88/><E88/><N who="2" m="53647" /><F99/><W31/><G82/><T4/><D80/><U34/><E34/><V111/><F111/><W55/><REACH who="3" step="1"/><G81/><REACH who="3" ten="190,210,370,210" step="2"/><T129/><D129/><U9/><E9/><V127/><F127/><W1/><G1/><T117/><D117/><U46/><E46/><AGARI ba="0,2" hai="23,26,31,44,46,48,50,52,55,61,62,63,92,93" machi="46" ten="40,12000,2" yaku="1,1,9,1,8,1,54,1,53,2" doraHai="98" doraHaiUra="47" who="3" fromWho="1" sc="190,0,210,-120,370,0,210,140" /><INIT seed="2,0,0,3,2,12" ten="190,90,370,350" oya="2" hai0="91,88,55,30,130,112,47,128,32,8,106,7,70" hai1="45,18,29,3,42,126,21,46,80,124,58,74,135" hai2="116,105,107,94,33,69,36,66,97,109,1,92,78" hai3="13,132,120,122,111,15,43,37,75,59,117,23,9"/><V44/><F116/><W24/><G117/><T54/><D112/><U53/><E3/><V102/><F1/><W25/><G75/><T52/><D106/><U82/><E29/><V0/><F0/><W50/><G37/><T65/><D47/><U83/><E74/><V57/><F33/><W125/><G111/><T67/><D8/><U110/><E110/><V51/><F36/><W99/><G132/><T17/><D7/><U19/><E135/><V2/><F2/><W5/><G125/><N who="1" m="48234" /><E21/><V86/><F69/><W14/><G99/><T11/><D30/><U20/><E20/><V61/><F109/><W27/><G59/><T131/><D32/><U71/><E71/><V114/><F114/><W90/><G90/><N who="0" m="34347" /><D70/><U31/><E31/><V72/><F72/><W77/><G77/><T62/><D62/><N who="1" m="36175" /><E46/><V10/><F44/><W81/><G81/><N who="1" m="20738" /><U63/><DORA hai="95" /><E63/><V121/><F61/><W79/><G79/><T104/><D104/><U41/><E41/><V98/><F107/><W108/><G108/><T89/><D89/><U84/><E84/><V6/><F105/><W96/><G43/><T4/><D4/><U35/><E35/><V113/><F86/><W26/><G23/><T48/><D48/><AGARI ba="0,0" hai="18,19,42,45,48" m="20738,36175,48234" machi="48" ten="40,5200,0" yaku="18,1,52,2" doraHai="12,95" who="1" fromWho="0" sc="190,-52,90,52,370,0,350,0" /><INIT seed="3,0,0,4,0,135" ten="138,142,370,350" oya="3" hai0="121,59,48,8,69,65,23,35,77,129,133,16,132" hai1="134,43,56,13,29,120,66,6,128,84,119,0,73" hai2="47,91,98,114,115,49,74,46,78,4,62,24,100" hai3="58,127,124,85,102,61,2,22,17,12,107,10,109"/><W67/><G109/><T87/><D35/><U55/><E73/><V72/><F4/><W126/><G85/><T125/><D125/><U122/><E0/><V15/><F91/><W25/><G2/><T90/><D121/><U44/><E134/><N who="0" m="51817" /><D129/><U53/><E128/><V93/><F74/><W118/><G118/><T11/><D69/><U131/><E131/><V99/><F99/><N who="3" m="61919" /><G10/><T30/><D30/><U71/><E29/><V88/><F100/><W45/><G45/><T54/><D65/><U96/><E96/><V37/><F47/><W95/><G95/><N who="0" m="54751" /><D77/><U92/><E119/><V5/><F78/><W7/><G7/><T14/><AGARI ba="0,0" hai="8,11,14,16,23,48,54,59" m="54751,51817" machi="14" ten="30,4000,0" yaku="25,1,20,1,54,1" doraHai="135" who="0" fromWho="0" sc="138,40,142,-10,370,-10,350,-20" owari="178,-22.2,132,-36.8,360,46.0,330,13.0" /></mjloggm>