<mjloggm ver="2.3"><GO type="225" lobby="0"/><UN n0="%E6%98%93%E5%88%A9%E8%96%A9%E4%BC%AF" n1="%E6%81%A5%E6%99%92%E3%81%97" n2="%E3%81%BD%E3%81%A1%E3%81%9F%E3%81%93%E3%82%84" n3="%E3%83%81%E3%83%83%E3%82%BF%E3%82%BD%E3%83%BC" dan="16,16,17,16" rate="2160.99,2192.96,2210.71,2088.51" sx="F,M,M,F"/><TAIKYOKU oya="0"/><INIT seed="0,0,0,2,2,70" ten="250,250,250,250" oya="0" hai0="115,86,52,16,76,73,65,27,23,18,108,19,32" hai1="118,87,103,94,128,5,55,114,122,83,126,89,34" hai2="124,130,28,46,95,62,74,24,111,22,97,61,129" hai3="47,77,15,98,79,71,123,36,1,82,8,131,38"/><T99/><D115/><U10/><E118/><V9/><F74/><W48/><G131/><N who="2" m="50185" /><F111/><W29/><G123/><T92/><D73/><U50/><E128/><V11/><F46/><W78/><G71/><T63/><D32/><U121/><E126/><V53/><F124/><W67/><G1/><T66/><D108/><U20/><E34/><V13/><F53/><W45/><G67/><N who="0" m="25611" /><D86/><U35/><E35/><V134/><F134/><W75/><G29/><T41/><D76/><U88/><E103/><N who="2" m="60863" /><F9/><W12/><G98/><T109/><D41/><U43/><E20/><V3/><F3/><W105/><G105/><T69/><D69/><U21/><E21/><V17/><AGARI ba="0,0" hai="11,13,17,22,24,28,61,62" m="60863,50185" machi="17" ten="30,1100,0" yaku="19,1" doraHai="70" who="2" fromWho="2" sc="250,-5,250,-3,250,11,250,-3" /><INIT seed="1,0,0,1,2,116" ten="245,247,261,247" oya="1" hai0="77,10,13,134,101,87,33,123,86,6,58,63,64" hai1="34,7,131,14,93,99,47,54,104,119,48,121,127" hai2="81,113,15,21,109,24,26,38,29,111,68,32,23" hai3="124,130,0,4,67,50,31,88,60,73,57,55,126"/><U133/><E119/><V5/><F68/><W97/><G73/><T106/><D33/><U135/><E34/><V71/><F71/><W118/><G118/><T9/><D134/><N who="1" m="51211" /><E127/><N who="3" m="48682" /><G130/><T44/><D123/><U80/><E131/><V45/><F81/><W100/><G31/><T17/><D77/><U39/><E104/><V85/><F85/><W56/><G4/><T65/><D65/><U125/><E125/><V27/><F45/><W82/><G0/><T110/><D110/><N who="2" m="41994" /><F38/><W11/><G11/><T16/><D44/><U108/><E108/><V18/><F113/><W129/><G129/><T112/><D112/><U20/><E39/><V30/><F5/><W95/><G82/><T36/><D36/><U107/><E80/><V98/><F98/><W66/><G66/><T59/><D59/><U105/><E7/><V19/><F27/><W37/><G37/><T103/><D106/><U76/><E76/><V2/><F2/><W74/><G74/><T78/><D78/><U52/><E105/><V122/><F30/><W72/><G72/><T132/><D132/><U117/><E107/><V53/><F53/><W41/><G41/><T83/><D83/><U1/><E1/><V115/><F115/><W128/><G128/><T96/><D96/><U69/><E69/><V75/><F75/><W79/><G79/><T84/><D6/><U8/><E117/><V51/><F51/><W40/><G40/><T120/><D120/><AGARI ba="0,0" hai="15,18,19,21,23,24,26,29,32,120,122" m="41994" machi="120" ten="30,8000,1" yaku="14,1,34,2,52,2" doraHai="116" who="2" fromWho="0" sc="245,-80,247,0,261,80,247,0" /><INIT seed="2,0,0,3,0,49" ten="165,247,341,247" oya="2" hai0="62,102,85,30,122,57,33,108,52,55,79,56,1" hai1="93,35,87,127,0,4,53,26,89,128,113,17,80" hai2="51,63,76,11,103,114,5,21,124,32,125,48,99" hai3="10,25,78,134,39,74,132,121,9,13,90,86,65"/><V44/><F32/><W70/><G121/><T106/><D122/><U28/><E113/><V47/><F114/><W98/><G39/><T19/><D1/><U42/><E127/><N who="2" m="48715" /><F76/><W92/><G74/><T107/><D108/><U81/><E128/><V43/><F63/><W135/><G25/><T29/><D33/><U61/><E42/><V8/><F21/><W64/><G70/><T38/><D38/><U120/><E120/><V88/><F5/><N who="3" m="3247" /><G10/><T118/><D118/><U104/><E4/><V77/><F77/><W117/><G117/><T68/><D68/><U14/><E104/><N who="2" m="63615" /><F88/><N who="3" m="55559" /><G78/><T45/><D102/><U50/><E61/><V16/><F16/><W6/><G6/><T84/><D79/><U22/><E0/><V95/><F95/><AGARI ba="0,0" hai="64,65,86,90,95,132,134,135" m="55559,3247" machi="95" ten="30,2000,0" yaku="20,1,54,1" doraHai="49" who="3" fromWho="2" sc="165,0,247,0,341,-20,247,20" /><INIT seed="3,0,0,1,1,30" ten="165,247,321,267" oya="3" hai0="53,44,107,75,104,21,41,85,39,86,118,115,13" hai1="72,51,119,60,106,121,27,120,57,133,129,33,132" hai2="82,90,87,0,65,92,18,26,83,37,74,95,23" hai3="97,55,52,40,76,7,42,103,59,73,89,28,14"/><W130/><G130/><T135/><D118/><U20/><E129/><V25/><F0/><W17/><G7/><T29/><D135/><N who="1" m="51787" /><E72/><V109/><F37/><W79/><G28/><T117/><D117/><U36/><E36/><V113/><F113/><W19/><G89/><T1/><D1/><U122/><E119/><V34/><F65/><W78/><G73/><T91/><D75/><U81/><E106/><V16/><F109/><W24/><G24/><T108/><D115/><U54/><E81/><V15/><F34/><W96/><G55/><T100/><D108/><U63/><E20/><N who="2" m="13447" /><F74/><W124/><G124/><T58/><D100/><U93/><E93/><N who="2" m="35915" /><F82/><W2/><G2/><T98/><D98/><N who="3" m="37993" /><G103/><T49/><D86/><U116/><E116/><V134/><F134/><W50/><G19/><T125/><D125/><U47/><E47/><V94/><F83/><W102/><G102/><T105/><D29/><AGARI ba="0,0" hai="27,29,33,51,54,57,60,63,120,121,122" m="51787" machi="29" ten="40,2600,0" yaku="20,1,52,1" doraHai="30" who="1" fromWho="0" sc="165,-26,247,26,321,0,267,0" owari="139,-36.1,273,7.3,321,42.1,267,-13.3" /></mjloggm>