<mjloggm ver="2.3"><GO type="225" lobby="0"/><UN n0="%E6%9C%88%E5%B3%B6%E5%9F%BA" n1="%E5%8D%A0%E3%81%84%E5%B8%AB%E8%A3%8F%E3%81%AA%E3%81%84%E3%81%97" n2="%E3%83%96%E3%83%83%E3%83%91%E3%82%AA%E3%83%96%E3%83%81%E3%82%AD%E3%83%B3" n3="%4B%2E%32%2E%4B%2E" dan="17,17,16,16" rate="2181.04,2279.54,2196.85,2165.20" sx="M,M,M,M"/><TAIKYOKU oya="0"/><INIT seed="0,0,0,1,5,21" ten="250,250,250,250" oya="0" hai0="115,105,5,10,1,114,123,15,88,23,51,97,108" hai1="26,19,27,118,101,39,14,92,67,81,98,59,76" hai2="2,6,131,113,69,127,28,53,68,49,96,13,18" hai3="34,99,135,16,130,83,70,42,33,86,107,66,3"/><T25/><D123/><U85/><E39/><V52/><F113/><W84/><G3/><T122/><D122/><U46/><E118/><V87/><F127/><W77/><G130/><T89/><D108/><U48/><E59/><V35/><F131/><W124/><G124/><T9/><D51/><U91/><E67/><V29/><F87/><W104/><G135/><T94/><D89/><U119/><E119/><V79/><F79/><W110/><G110/><T64/><D64/><U41/><E76/><V36/><F36/><W20/><G42/><T4/><REACH who="0" step="1"/><D105/><REACH who="0" ten="240,250,250,250" step="2"/><U8/><AGARI ba="0,1" hai="8,14,19,26,27,41,46,48,81,85,91,92,98,101" machi="8" ten="20,8000,1" yaku="0,1,7,1,8,1,52,2" doraHai="21" who="1" fromWho="1" sc="240,-40,250,90,250,-20,250,-20" /><INIT seed="1,0,0,1,3,30" ten="200,340,230,230" oya="1" hai0="102,6,98,61,128,9,134,23,56,130,11,83,4" hai1="122,16,19,21,29,51,97,85,117,32,66,54,0" hai2="94,118,88,17,20,64,55,35,110,34,135,115,125" hai3="108,39,86,104,57,89,82,5,37,69,62,45,81"/><U107/><E117/><V112/><F118/><W1/><G104/><T59/><D134/><U109/><E122/><V22/><F110/><W72/><G108/><T2/><D83/><U47/><E0/><V67/><F135/><W42/><G69/><T77/><D77/><U7/><E7/><V84/><F125/><W63/><G37/><T132/><D23/><N who="2" m="8746" /><F17/><W65/><G57/><T91/><D91/><U106/><E109/><V121/><F121/><W46/><G46/><T126/><D126/><U78/><E66/><N who="2" m="25131" /><F55/><W3/><G3/><T18/><D18/><U80/><E19/><V40/><F40/><W24/><G24/><T58/><D132/><U53/><E53/><V44/><F44/><W113/><G65/><T48/><D48/><U49/><E51/><V68/><F68/><W76/><REACH who="3" step="1"/><G113/><AGARI ba="0,0" hai="34,35,84,88,94,112,113,115" m="25131,8746" machi="113" ten="30,7700,0" yaku="11,1,52,2,54,1" doraHai="30" who="2" fromWho="3" sc="200,0,340,0,230,77,230,-77" /><INIT seed="2,0,0,1,5,73" ten="200,340,307,153" oya="2" hai0="68,35,64,110,114,62,83,21,14,80,70,43,30" hai1="25,50,63,88,61,13,44,56,0,2,32,31,15" hai2="130,54,5,7,51,59,57,108,53,22,116,60,34" hai3="12,127,11,101,89,112,118,96,6,123,90,95,3"/><V122/><F116/><W4/><G127/><T18/><D114/><U94/><E0/><V131/><F122/><W102/><G123/><T47/><D70/><U126/><E2/><V48/><F34/><W103/><G118/><T134/><D110/><U111/><E111/><V81/><F108/><W119/><G119/><T69/><D69/><U120/><E126/><V39/><F39/><W104/><G112/><T37/><D134/><U75/><E75/><V77/><F60/><W72/><G3/><T117/><D117/><U109/><E120/><V128/><REACH who="2" step="1"/><F22/><REACH who="2" ten="200,340,297,153" step="2"/><W113/><G113/><T91/><D35/><U86/><E109/><V121/><F121/><W76/><G104/><T106/><D106/><U19/><E61/><V66/><F66/><W38/><G38/><T20/><D62/><U115/><E115/><V27/><F27/><W24/><G24/><T16/><D64/><U107/><E107/><V84/><AGARI ba="0,1" hai="5,7,48,51,53,54,57,59,77,81,84,128,130,131" machi="84" ten="30,12000,1" yaku="1,1,0,1,9,1,19,1,52,1,53,0" doraHai="73" doraHaiUra="99" who="2" fromWho="2" sc="200,-40,340,-40,297,130,153,-40" /><INIT seed="2,1,0,1,2,44" ten="160,300,427,113" oya="2" hai0="8,88,98,38,76,9,114,70,4,121,45,101,61" hai1="102,115,99,16,1,36,6,13,104,59,89,77,56" hai2="48,80,86,28,65,60,2,32,132,55,30,53,58" hai3="68,37,19,7,11,17,116,97,3,83,118,75,85"/><V93/><F132/><W122/><G122/><T100/><D121/><U130/><E115/><V34/><F2/><W39/><G68/><T92/><D114/><U64/><E130/><V29/><F93/><W43/><G97/><T106/><D76/><U125/><E125/><V49/><F65/><W128/><G128/><T96/><D100/><U54/><E36/><V35/><REACH who="2" step="1"/><F55/><REACH who="2" ten="160,300,417,113" step="2"/><W73/><G116/><T46/><D92/><U127/><E64/><V62/><F62/><W94/><G94/><T95/><D61/><U72/><E54/><V87/><F87/><W31/><G118/><T91/><D95/><U124/><E124/><V18/><F18/><W63/><G63/><T67/><D67/><U23/><E127/><V74/><F74/><W71/><G75/><T112/><D112/><U50/><E1/><V120/><F120/><W82/><G73/><T57/><D98/><U20/><E16/><V135/><F135/><W108/><G85/><T33/><D96/><U129/><E99/><V47/><F47/><W26/><G3/><T103/><D46/><U25/><E72/><V111/><F111/><W90/><G108/><T79/><D45/><U133/><E133/><V42/><F42/><W40/><G40/><T134/><D134/><U69/><E129/><V119/><F119/><W12/><G43/><T41/><D41/><U131/><E131/><V22/><F22/><W51/><G39/><T14/><D38/><U84/><E20/><V21/><F21/><W117/><G37/><T10/><D101/><U52/><E102/><V66/><F66/><W24/><G117/><RYUUKYOKU ba="1,1" sc="160,-10,300,-10,417,30,113,-10" hai2="28,29,30,32,34,35,48,49,53,58,60,80,86" /><INIT seed="2,2,1,3,4,100" ten="150,290,447,103" oya="2" hai0="135,16,24,117,132,85,124,63,94,32,2,57,45" hai1="108,21,134,15,49,35,97,4,60,91,111,123,126" hai2="56,80,25,50,13,54,17,36,86,1,95,121,40" hai3="106,103,75,82,66,88,110,70,79,11,81,30,8"/><V78/><F121/><W23/><G110/><N who="1" m="42026" /><E35/><V125/><F125/><W38/><G38/><T6/><D124/><U12/><E123/><V37/><F1/><W96/><G66/><T20/><D117/><U105/><E126/><V27/><F40/><W34/><G70/><T68/><D68/><U42/><E134/><N who="0" m="51241" /><D32/><U104/><E60/><V115/><F115/><W26/><REACH who="3" step="1"/><G34/><REACH who="3" ten="150,290,447,93" step="2"/><T129/><D129/><U99/><E4/><V120/><F120/><W122/><G122/><T114/><D114/><U5/><E5/><V67/><F67/><W130/><G130/><T131/><D131/><U102/><E21/><N who="2" m="11439" /><F36/><W43/><G43/><T19/><D6/><U9/><E9/><V65/><F37/><W39/><G39/><T73/><D20/><U61/><E42/><V113/><F113/><W71/><G71/><T46/><D2/><U7/><E7/><V52/><F65/><W18/><G18/><T31/><D19/><U51/><E12/><V41/><F41/><W93/><G93/><T22/><D16/><U101/><E15/><V87/><F54/><W83/><G83/><T109/><D109/><U28/><E28/><V3/><F3/><W128/><G128/><T44/><D31/><U33/><E33/><V0/><F0/><W10/><G10/><T47/><D22/><U48/><E61/><V107/><F50/><W119/><G119/><T84/><D63/><U58/><E58/><V53/><F56/><W116/><G116/><T127/><D57/><U112/><E112/><V69/><F69/><W14/><G14/><T90/><D127/><U64/><E64/><RYUUKYOKU ba="2,2" sc="150,-15,290,15,447,-15,93,15" hai1="48,49,51,91,97,99,101,102,104,105" hai3="8,11,23,26,30,75,79,81,82,88,96,103,106" /><INIT seed="3,3,2,4,0,80" ten="135,305,432,108" oya="3" hai0="124,99,104,8,77,35,50,30,20,131,26,70,3" hai1="113,62,68,114,51,117,85,36,22,58,84,123,102" hai2="2,127,122,94,69,17,39,64,98,61,53,41,29" hai3="129,66,82,133,32,0,59,40,96,126,78,55,109"/><W19/><G0/><T25/><D124/><U44/><E123/><V79/><F127/><W93/><G126/><T90/><D131/><U5/><E117/><V46/><F122/><W71/><G32/><T34/><D77/><U95/><E5/><V16/><F2/><W130/><G133/><T47/><D70/><U119/><E119/><V125/><F125/><W112/><G112/><T60/><D60/><U108/><E108/><V21/><F79/><W54/><G40/><T43/><D26/><U33/><E33/><V11/><F11/><W31/><G31/><T67/><D67/><U111/><E111/><V107/><F107/><W9/><G109/><T92/><REACH who="0" step="1"/><D104/><REACH who="0" ten="125,305,432,108" step="2"/><U132/><E68/><V7/><F7/><AGARI ba="3,3" hai="3,7,8,20,25,30,34,35,43,47,50,90,92,99" machi="7" ten="40,2600,0" yaku="1,1,2,1,53,0" doraHai="80" doraHaiUra="97" who="0" fromWho="2" sc="125,65,305,0,432,-35,108,0" owari="190,-21.0,305,10.5,397,49.7,108,-39.2" /></mjloggm>