<mjloggm ver="2.3"><GO type="225" lobby="0"/><UN n0="%E3%83%A9%E3%82%B9%E7%8E%87%EF%BC%93%E5%89%B2" n1="%E6%9C%88%E5%B3%B6%E5%9F%BA" n2="%5C%28%E2%89%A7%E2%96%BD%E2%89%A6%29%2F" n3="%E7%89%B9%E6%9D%B1%E3%81%AF%E4%B8%96%E7%95%8C%E3%82%92%E6%95%91%E3%81%86" dan="17,16,16,16" rate="2204.29,2102.69,2063.15,2173.99" sx="F,M,M,M"/><TAIKYOKU oya="0"/><INIT seed="0,0,0,2,5,32" ten="250,250,250,250" oya="0" hai0="38,48,49,102,30,40,23,2,69,79,75,80,97" hai1="33,108,107,66,105,84,122,113,21,56,64,91,46" hai2="83,10,72,41,18,8,126,111,112,77,90,4,106" hai3="55,120,43,135,24,88,15,117,134,9,20,128,89"/><T7/><D69/><U1/><E122/><V50/><F112/><W29/><G117/><T121/><D121/><U28/><E113/><V115/><F115/><W3/><G120/><T103/><D23/><U99/><E108/><V26/><F111/><W51/><G43/><T92/><D30/><U94/><E33/><V31/><F106/><W58/><G128/><T131/><D102/><U60/><E1/><V118/><F118/><W13/><G13/><T11/><D131/><U61/><E46/><AGARI ba="0,0" hai="2,7,11,38,40,46,48,49,75,79,80,92,97,103" machi="46" ten="40,7700,0" yaku="25,2,52,1" doraHai="32" who="0" fromWho="1" sc="250,77,250,-77,250,0,250,0" /><INIT seed="0,1,0,1,0,50" ten="327,173,250,250" oya="0" hai0="132,2,79,63,88,68,7,21,102,110,84,73,60" hai1="43,69,83,134,62,19,13,100,114,20,119,104,116" hai2="111,11,113,101,128,95,53,109,18,124,15,6,103" hai3="25,91,97,49,94,71,118,87,12,127,65,90,106"/><T72/><D132/><U115/><E134/><V123/><F113/><W76/><G118/><T56/><D110/><N who="2" m="41994" /><F123/><W40/><G127/><T8/><D102/><N who="2" m="38922" /><F124/><W42/><G106/><T32/><D32/><U135/><E135/><V117/><F117/><W130/><G130/><T14/><D79/><U29/><E43/><V36/><F36/><W85/><G25/><T38/><D38/><U55/><E116/><V3/><F128/><W35/><G35/><T30/><D63/><U57/><E119/><V33/><F33/><W26/><G26/><T39/><D68/><U77/><E29/><V96/><F53/><W70/><G12/><T51/><D51/><U99/><REACH who="1" step="1"/><E69/><REACH who="1" ten="327,163,250,250" step="2"/><V1/><F18/><W61/><G71/><T93/><D39/><U80/><E80/><V5/><F6/><W131/><G131/><T133/><D133/><U125/><E125/><V47/><F5/><W92/><G40/><T46/><D30/><U27/><E27/><V28/><F28/><W120/><G42/><T82/><D82/><U16/><E16/><V112/><F112/><W75/><G70/><T22/><D7/><U122/><E122/><V66/><F1/><W74/><G120/><T24/><D2/><U108/><E108/><V48/><F3/><W10/><G74/><AGARI ba="1,1" hai="13,19,20,55,57,62,74,77,83,99,100,104,114,115" machi="74" ten="40,5200,0" yaku="1,1,52,1,53,1" doraHai="50" doraHaiUra="59" who="1" fromWho="3" sc="327,0,163,65,250,0,250,-55" /><INIT seed="1,0,0,4,4,128" ten="327,228,250,195" oya="1" hai0="112,20,66,33,106,122,63,30,86,17,103,39,37" hai1="3,129,100,97,32,53,109,114,62,2,40,127,70" hai2="8,113,108,1,21,118,60,41,89,14,68,111,28" hai3="87,25,131,12,117,72,125,55,104,23,64,56,15"/><U135/><E114/><V105/><F118/><W38/><G72/><T50/><D50/><U76/><E129/><V51/><F105/><W27/><G131/><T115/><D86/><U47/><E127/><V98/><F1/><W74/><G74/><T132/><D122/><U45/><E76/><V73/><F73/><W123/><G123/><T93/><D93/><U29/><E53/><V83/><F113/><W11/><G38/><T82/><D82/><U95/><E47/><N who="2" m="26095" /><F21/><W18/><G104/><T79/><D79/><U26/><E109/><N who="2" m="42059" /><F28/><W67/><G125/><T124/><D124/><U121/><E121/><V65/><F98/><W126/><G117/><T107/><D106/><U90/><E100/><V46/><F46/><W120/><G120/><T7/><D103/><U119/><E119/><V85/><F14/><W99/><G99/><T80/><D107/><U133/><E133/><V36/><F8/><W77/><G126/><T52/><D39/><AGARI ba="0,0" hai="36,39,60,65,68,83,85,89" m="42059,26095" machi="39" ten="30,1000,0" yaku="14,1" doraHai="128" who="2" fromWho="0" sc="327,-10,228,0,250,10,195,0" /><INIT seed="2,0,0,5,0,32" ten="317,228,260,195" oya="2" hai0="67,130,71,75,16,11,54,9,121,109,38,131,80" hai1="50,129,35,92,104,2,82,43,108,55,34,101,22" hai2="68,112,59,74,106,49,97,132,47,95,62,31,36" hai3="27,53,65,19,46,99,91,120,40,116,90,23,15"/><V66/><F112/><W10/><G116/><T14/><D38/><U33/><E108/><V13/><F106/><W3/><G120/><T69/><D109/><U76/><E129/><N who="0" m="49161" /><D121/><U79/><E104/><V42/><F74/><W87/><G65/><T127/><D127/><U24/><E43/><V115/><F115/><W119/><G119/><T52/><D11/><U0/><E92/><V58/><F31/><W4/><G53/><N who="0" m="20587" /><D67/><U61/><E61/><V114/><F114/><W102/><G87/><T83/><D75/><U37/><E37/><V25/><F25/><W18/><G99/><T20/><D20/><U110/><E110/><V84/><F132/><W6/><G102/><T1/><D1/><U51/><E101/><V117/><F117/><W7/><REACH who="3" step="1"/><G3/><REACH who="3" ten="317,228,260,185" step="2"/><T100/><D100/><U89/><E2/><V30/><F97/><W124/><G124/><T29/><D29/><U128/><E0/><V21/><F30/><W77/><G77/><T96/><D96/><U135/><E128/><V93/><F84/><W41/><G41/><T56/><D56/><U73/><E79/><V8/><F59/><W107/><G107/><T44/><D44/><U123/><E123/><V57/><F58/><W113/><G113/><T64/><D64/><U118/><E118/><V60/><F57/><W17/><G17/><T94/><D94/><U122/><E122/><V70/><F93/><W5/><N who="3" m="1024" /><DORA hai="26" /><W126/><G126/><T81/><AGARI ba="0,1" hai="9,14,16,69,71,80,81,83" m="20587,49161" machi="81" ten="40,5200,0" yaku="19,1,54,2" doraHai="32,26" who="0" fromWho="0" sc="317,62,228,-13,260,-26,185,-13" /><INIT seed="3,0,0,1,0,56" ten="379,215,234,172" oya="3" hai0="35,49,121,102,101,47,39,77,120,53,1,85,26" hai1="76,36,60,28,65,92,74,52,23,40,79,81,80" hai2="57,42,125,9,128,94,32,37,97,44,119,41,104" hai3="25,13,131,38,87,89,46,58,123,3,98,7,67"/><W107/><G131/><T100/><D1/><U132/><E132/><V135/><F119/><W91/><G123/><T45/><D39/><U33/><E33/><V93/><F104/><W15/><G3/><T61/><D61/><U17/><E28/><V114/><F114/><W90/><G25/><T19/><D35/><U118/><E118/><V111/><F32/><W63/><G87/><T108/><D108/><U115/><E115/><V86/><F111/><W82/><G82/><N who="0" m="47311" /><D121/><U83/><E36/><V64/><F125/><W6/><G6/><T24/><D120/><U55/><E40/><V71/><F42/><W10/><G13/><T134/><D134/><U75/><E92/><V78/><F71/><W50/><G38/><T34/><D34/><U112/><E81/><N who="2" m="47415" /><F9/><W73/><G73/><T69/><D69/><U30/><E30/><V96/><F128/><W21/><G21/><N who="0" m="13375" /><D26/><U22/><E112/><V5/><F5/><W4/><G4/><T116/><D116/><U68/><E23/><V95/><F135/><W18/><G7/><T124/><D124/><U48/><E48/><V126/><F126/><W51/><REACH who="3" step="1"/><G46/><AGARI ba="0,0" hai="45,46,47,49,53,100,101,102" m="13375,47311" machi="46" ten="30,1000,0" yaku="8,1" doraHai="56" who="0" fromWho="3" sc="379,10,215,0,234,0,172,-10" owari="389,48.9,215,-18.5,234,3.4,162,-33.8" /></mjloggm>