<mjloggm ver="2.3"><GO type="225" lobby="0"/><UN n0="%E3%83%96%E3%83%83%E3%83%91%E3%82%AA%E3%83%96%E3%83%81%E3%82%AD%E3%83%B3" n1="%E3%83%A9%E3%82%B9%E7%8E%87%EF%BC%93%E5%89%B2" n2="%E6%B7%91%E5%A5%B3%E3%81%AE%E5%97%9C%E3%81%BF" n3="%E3%81%95%E3%81%8D%E3%81%9F%E3%81%BE%E6%9E%97%E6%AA%8E" dan="16,17,16,16" rate="2127.19,2188.92,2158.12,2150.09" sx="M,F,M,M"/><TAIKYOKU oya="0"/><INIT seed="0,0,0,2,5,105" ten="250,250,250,250" oya="0" hai0="115,86,9,18,6,132,93,130,75,95,53,104,34" hai1="25,73,107,65,4,19,90,103,69,109,13,60,76" hai2="48,17,20,100,101,50,7,120,46,22,27,35,102" hai3="29,83,0,88,131,111,21,78,70,30,128,89,94"/><T15/><D115/><U125/><E109/><V26/><F120/><W66/><G111/><T85/><D104/><U80/><E125/><V40/><F35/><W5/><G70/><T37/><D34/><U68/><E4/><V84/><F7/><W2/><G66/><T74/><D37/><U1/><E1/><N who="3" m="618" /><G5/><T135/><D130/><N who="3" m="49705" /><G21/><T51/><D6/><U67/><E25/><V10/><F10/><W127/><G127/><T64/><D64/><U92/><E67/><V23/><F23/><W3/><N who="3" m="626" /><W112/><DORA hai="58" /><G112/><T71/><D71/><U39/><E39/><V62/><F84/><N who="0" m="32362" /><D93/><U116/><E69/><V99/><F62/><W118/><G118/><T133/><D95/><U126/><E116/><V106/><REACH who="2" step="1"/><F50/><REACH who="2" ten="250,250,240,250" step="2"/><W110/><G110/><T97/><D97/><U79/><E126/><V114/><F114/><W129/><G129/><T108/><D108/><U77/><E60/><V16/><AGARI ba="0,1" hai="16,17,20,22,26,27,40,46,48,99,100,101,102,106" machi="16" ten="20,12000,2" yaku="1,1,0,1,7,1,9,1,54,1,53,1" doraHai="105,58" doraHaiUra="41,124" who="2" fromWho="2" sc="250,-60,250,-30,240,130,250,-30" /><INIT seed="1,0,0,5,1,59" ten="190,220,370,220" oya="1" hai0="104,10,125,75,99,33,131,67,115,112,74,72,111" hai1="51,126,90,23,91,37,44,28,128,8,12,88,63" hai2="73,82,113,58,18,95,11,103,21,39,46,96,41" hai3="36,31,15,124,61,26,87,81,100,2,120,43,56"/><U42/><E128/><V93/><F113/><N who="0" m="43594" /><D33/><U19/><E126/><V35/><F35/><W116/><G120/><T83/><D67/><U77/><E77/><V34/><F34/><W127/><G2/><T3/><D3/><U9/><E37/><V30/><F30/><W29/><G116/><T118/><D10/><U48/><E28/><V52/><F11/><W57/><G100/><N who="0" m="62495" /><D118/><U50/><E9/><V16/><F95/><W22/><G31/><T123/><D123/><U27/><REACH who="1" step="1"/><E63/><REACH who="1" ten="190,210,370,220" step="2"/><V78/><F21/><W47/><G61/><AGARI ba="0,1" hai="16,18,39,41,46,52,58,61,73,78,82,93,96,103" machi="61" ten="30,7700,0" yaku="7,1,52,1,54,2" doraHai="59" who="2" fromWho="3" sc="190,0,210,0,370,87,220,-77" /><INIT seed="2,0,0,2,5,103" ten="190,210,457,143" oya="2" hai0="106,126,64,46,80,19,65,85,134,48,18,119,96" hai1="29,74,22,118,5,112,130,110,113,61,71,132,70" hai2="91,20,4,93,36,124,27,92,105,87,16,73,67" hai3="8,25,69,3,98,127,122,45,2,12,75,51,44"/><V100/><F36/><W17/><G122/><T40/><D126/><U10/><E74/><V21/><F73/><W6/><G127/><T104/><D134/><U89/><E118/><V81/><F124/><W125/><G125/><T14/><D119/><U102/><E89/><V24/><F4/><W115/><G75/><T53/><D96/><U66/><E71/><V31/><F67/><N who="0" m="25674" /><D40/><U11/><E11/><V84/><F105/><W47/><G69/><T128/><D19/><U135/><E110/><V68/><F100/><W88/><G115/><T83/><D83/><U120/><E120/><V50/><F50/><W23/><REACH who="3" step="1"/><G51/><REACH who="3" ten="190,210,457,133" step="2"/><T108/><D108/><U49/><E49/><V13/><F68/><W9/><G9/><N who="0" m="6479" /><D128/><U42/><E130/><V111/><F111/><W7/><G7/><T28/><D28/><U54/><E113/><V60/><F31/><W117/><G117/><T30/><D30/><U86/><E112/><V52/><F16/><W33/><G33/><T38/><D38/><U123/><E123/><V99/><F21/><W63/><G63/><T107/><D107/><U26/><E29/><V94/><F20/><W35/><G35/><T101/><D101/><U76/><E102/><V121/><F60/><W59/><G59/><T62/><D62/><U58/><E70/><V95/><F121/><W116/><G116/><T90/><AGARI ba="0,1" hai="46,48,53,80,85,90,104,106" m="6479,25674" machi="90" ten="30,4000,0" yaku="25,1,52,2" doraHai="103" who="0" fromWho="0" sc="190,50,210,-10,457,-20,133,-10" /><INIT seed="3,0,0,4,5,97" ten="240,200,437,123" oya="3" hai0="80,50,75,15,35,65,76,3,101,28,38,82,84" hai1="33,126,47,22,86,5,121,45,89,134,73,100,2" hai2="79,62,85,25,99,87,135,18,40,92,41,117,36" hai3="110,109,103,44,1,74,122,8,0,111,120,131,39"/><W9/><G74/><T24/><D38/><U67/><E33/><V31/><F36/><W63/><G39/><T43/><D3/><N who="3" m="1097" /><G44/><T71/><D71/><U118/><E73/><V59/><F87/><W37/><G37/><T93/><D65/><U54/><E67/><V77/><F85/><W7/><G63/><T13/><D43/><U102/><E54/><V19/><F99/><W26/><G131/><T123/><D123/><N who="3" m="47145" /><G7/><T17/><D50/><U53/><E53/><V52/><F62/><W105/><G26/><T69/><D24/><U116/><E86/><V70/><F59/><W83/><G83/><T106/><D84/><U23/><E5/><V55/><F70/><W57/><G57/><T56/><D82/><U34/><E121/><V27/><F55/><W60/><G60/><T128/><D80/><U124/><E47/><V6/><F52/><W98/><AGARI ba="0,0" hai="8,9,98,103,105,109,110,111" m="47145,1097" machi="98" ten="40,7800,0" yaku="14,1,10,1,52,1" doraHai="97" who="3" fromWho="3" sc="240,-26,200,-26,437,-26,123,78" /><INIT seed="3,1,0,5,2,41" ten="214,174,411,201" oya="3" hai0="132,60,94,42,106,90,79,5,97,103,91,76,124" hai1="84,14,96,121,95,114,47,126,57,88,78,15,129" hai2="0,80,127,35,52,117,81,108,21,1,56,89,68" hai3="119,115,2,4,125,20,39,75,116,123,32,48,7"/><W67/><G115/><T59/><D124/><U26/><E114/><V8/><F35/><W131/><G39/><T18/><D132/><U10/><E121/><V128/><F68/><W37/><G37/><T29/><D29/><U23/><E126/><V134/><F117/><W58/><G125/><T77/><D5/><U66/><E129/><V122/><F122/><W63/><G32/><T102/><D42/><U85/><E47/><V40/><F0/><W36/><G36/><T61/><D106/><U6/><E14/><V101/><F1/><W104/><G104/><T11/><D61/><N who="1" m="38191" /><E78/><V62/><F134/><W30/><G131/><T49/><D49/><U86/><E86/><V19/><F40/><W50/><G75/><T135/><D135/><U53/><E53/><V46/><F46/><W130/><G130/><T112/><D112/><U120/><E120/><V65/><F65/><W74/><G74/><T51/><D51/><U72/><E72/><V99/><F52/><W31/><G123/><T113/><D113/><U71/><E71/><V83/><F128/><W17/><G2/><T64/><D103/><U33/><E33/><V38/><F101/><W45/><G119/><T105/><D105/><U54/><E54/><V9/><F38/><W118/><G118/><T12/><AGARI ba="1,0" hai="11,12,18,59,60,64,76,77,79,90,91,94,97,102" machi="12" ten="30,2000,0" yaku="0,1,8,1" doraHai="41" who="0" fromWho="0" sc="214,23,174,-6,411,-6,201,-11" owari="237,3.7,168,-33.2,405,50.5,190,-21.0" /></mjloggm>