<mjloggm ver="2.3"><GO type="225" lobby="0"/><UN n0="%E3%80%93%E3%81%97%E3%83%BC%E3%82%89%E3%80%93" n1="%77%72%77%72%77%72%77%72" n2="%E3%81%BF%E3%81%BF%E3%81%9A" n3="%E4%BF%BA%E3%81%A8%E5%A6%96%E5%A4%A2" dan="16,17,18,16" rate="2130.63,2165.90,2237.20,2116.01" sx="M,M,M,F"/><TAIKYOKU oya="0"/><INIT seed="0,0,0,5,5,113" ten="250,250,250,250" oya="0" hai0="131,89,112,46,7,82,63,60,114,20,26,56,122" hai1="13,35,130,45,86,115,133,74,21,58,40,62,123" hai2="64,38,66,101,28,10,109,2,44,23,11,59,4" hai3="79,57,80,29,106,94,108,73,75,127,65,33,50"/><T84/><D122/><U129/><E123/><V120/><F120/><W100/><G108/><T37/><D131/><N who="1" m="50187" /><E74/><V76/><F109/><W124/><G106/><T14/><D63/><U104/><E115/><V128/><F128/><W85/><G29/><T88/><D89/><U51/><E104/><V54/><F101/><W105/><G33/><T91/><D91/><U87/><E35/><V41/><F11/><W102/><G105/><T27/><D27/><U6/><E133/><V34/><F34/><W92/><G65/><T72/><D72/><N who="3" m="27721" /><G57/><T61/><D61/><U132/><E132/><V31/><F76/><W69/><G50/><T22/><D46/><U96/><E96/><V90/><F90/><W81/><G81/><T111/><D37/><U52/><E6/><V0/><F0/><W135/><G69/><T134/><D111/><U116/><E116/><V19/><F64/><W39/><G39/><T103/><D103/><N who="3" m="39465" /><G135/><T71/><D71/><U68/><E68/><V1/><F1/><W70/><G70/><T67/><D134/><U119/><E119/><V42/><F66/><W93/><AGARI ba="0,0" hai="79,80,85,92,93,94,124,127" m="39465,27721" machi="93" ten="40,2700,0" yaku="34,2" doraHai="113" who="3" fromWho="3" sc="250,-13,250,-7,250,-7,250,27" /><INIT seed="1,0,0,4,3,71" ten="237,243,243,277" oya="1" hai0="72,21,130,35,94,118,120,102,111,92,56,119,39" hai1="26,99,64,107,83,6,0,61,46,44,95,110,19" hai2="37,132,42,52,96,108,4,7,135,125,126,38,109" hai3="117,41,82,57,91,127,25,106,22,24,78,23,116"/><U81/><E107/><V73/><F96/><W62/><G106/><T11/><D35/><U40/><E0/><V85/><F85/><W121/><G121/><T45/><D72/><U97/><E6/><N who="2" m="2091" /><F73/><W15/><G15/><T34/><D34/><U58/><E110/><N who="2" m="42603" /><F52/><N who="3" m="34087" /><G91/><T9/><D120/><U104/><E104/><V103/><F103/><W79/><G127/><N who="2" m="48649" /><F42/><W128/><G41/><T5/><D111/><U59/><E59/><V1/><F1/><W90/><G90/><T113/><D102/><N who="1" m="60735" /><E99/><V87/><F87/><W49/><G49/><T10/><D5/><U105/><E105/><V28/><F28/><N who="3" m="17431" /><G82/><N who="1" m="31242" /><E40/><V55/><F55/><W129/><G79/><T29/><D94/><U65/><E65/><V2/><F2/><W88/><G88/><T12/><D92/><U30/><E30/><V134/><AGARI ba="0,0" hai="37,38,132,134,135" m="48649,42603,2091" machi="134" ten="40,12000,2" yaku="28,2,20,1,14,1,18,1,52,2" doraHai="71" who="2" fromWho="2" sc="237,-30,243,-60,243,120,277,-30" /><INIT seed="2,0,0,1,2,92" ten="207,183,363,247" oya="2" hai0="76,79,3,43,78,128,24,6,75,12,29,126,67" hai1="58,17,59,87,132,86,89,56,116,16,121,93,117" hai2="102,7,118,63,65,9,52,107,101,15,114,35,119" hai3="124,95,37,61,104,26,130,91,30,10,33,45,36"/><V88/><F114/><W60/><G104/><T19/><D126/><U44/><E121/><V53/><F35/><W105/><G105/><T94/><D128/><U32/><E32/><V135/><F135/><W40/><G124/><T74/><D43/><U39/><E132/><V8/><F8/><W50/><G130/><T23/><D67/><U110/><E110/><V72/><F72/><W5/><G37/><T11/><REACH who="0" step="1"/><D94/><REACH who="0" ten="197,183,363,247" step="2"/><U31/><E31/><V25/><F107/><W106/><G106/><T68/><D68/><U49/><E39/><V64/><F64/><W134/><G36/><T131/><D131/><U127/><E127/><V66/><F65/><W2/><REACH who="3" step="1"/><G134/><REACH who="3" ten="197,183,363,237" step="2"/><T55/><D55/><N who="1" m="30119" /><E117/><V122/><F118/><W77/><G77/><T84/><D84/><AGARI ba="0,2" hai="2,5,10,26,30,33,40,45,50,60,61,84,91,95" machi="84" ten="30,3900,0" yaku="1,1,7,1,53,1" doraHai="92" doraHaiUra="20" who="3" fromWho="0" sc="197,-39,183,0,363,0,237,59" /><INIT seed="3,0,0,1,1,68" ten="158,183,363,296" oya="3" hai0="14,70,86,29,69,71,17,54,97,96,19,114,131" hai1="105,59,77,73,79,89,52,67,121,43,76,10,129" hai2="42,0,3,93,61,78,24,8,116,100,26,22,65" hai3="9,2,120,102,58,53,16,34,126,5,25,57,27"/><W132/><G120/><T81/><D131/><U128/><E121/><V15/><F78/><W40/><G132/><T133/><D133/><U45/><E105/><V87/><F42/><W72/><G72/><T48/><D29/><U98/><E67/><V32/><F32/><W21/><G126/><T130/><D130/><N who="1" m="50283" /><E10/><V122/><F122/><W107/><G40/><T85/><D114/><U20/><E20/><V106/><F106/><W50/><G102/><T4/><D4/><U103/><E89/><V33/><F33/><W127/><G107/><T90/><D85/><U63/><E73/><V94/><F116/><W115/><G127/><T6/><D6/><U91/><E91/><V113/><F113/><W35/><G115/><T23/><REACH who="0" step="1"/><D19/><REACH who="0" ten="148,183,363,296" step="2"/><U123/><E123/><V60/><F87/><W44/><G35/><T1/><D1/><U99/><E103/><V101/><F3/><W55/><G34/><T124/><D124/><U39/><AGARI ba="0,1" hai="39,43,45,52,59,63,76,77,79,98,99" m="50283" machi="39" ten="30,4000,0" yaku="19,1,52,1,54,1" doraHai="68" who="1" fromWho="1" sc="148,-10,183,50,363,-10,296,-20" owari="138,-36.2,233,-16.7,353,45.3,276,7.6" /></mjloggm>