<mjloggm ver="2.3"><GO type="225" lobby="0"/><UN n0="%E6%81%A5%E6%99%92%E3%81%97" n1="%E3%81%A1%E3%82%83%E3%81%93%E3%81%93" n2="%E9%A6%AC%E5%BC%95%E7%81%AB%33" n3="%E7%99%BD%E5%80%89%E5%AF%9B%E4%B9%8B" dan="16,16,17,16" rate="2093.63,2114.35,2201.14,2131.18" sx="M,F,M,M"/><TAIKYOKU oya="0"/><INIT seed="0,0,0,5,0,106" ten="250,250,250,250" oya="0" hai0="48,3,55,1,124,110,83,85,45,20,119,62,51" hai1="80,36,39,129,58,84,5,132,102,34,122,77,23" hai2="59,49,50,100,6,0,93,22,78,127,99,108,81" hai3="12,92,14,46,101,109,44,38,116,76,88,61,56"/><T54/><D119/><U18/><E122/><V28/><F108/><W2/><G2/><T97/><D124/><U64/><E34/><V47/><F127/><W111/><G116/><T57/><D110/><N who="3" m="41993" /><G101/><T131/><D131/><U32/><E32/><V33/><F33/><W94/><G76/><T15/><D97/><U43/><E129/><V95/><F0/><W29/><G29/><T115/><D115/><U25/><E132/><V70/><F70/><W135/><G94/><T90/><D62/><U11/><E43/><V128/><F6/><W117/><G135/><T37/><D37/><U30/><E30/><V69/><F69/><W82/><G82/><T79/><D79/><U121/><E121/><V24/><F128/><W120/><G120/><T10/><REACH who="0" step="1"/><D10/><REACH who="0" ten="240,250,250,250" step="2"/><U27/><E39/><V133/><F133/><W4/><G117/><T52/><D52/><U17/><E36/><V107/><F107/><W7/><G38/><T42/><D42/><U65/><E65/><V72/><F99/><N who="3" m="57735" /><G14/><T68/><D68/><U53/><E64/><V87/><F78/><W73/><G12/><T113/><D113/><U41/><E41/><V13/><F13/><W91/><G61/><T105/><D105/><U104/><E104/><V40/><F40/><W75/><G7/><T96/><D96/><U9/><E5/><V123/><F123/><W16/><G4/><T60/><D60/><N who="1" m="35919" /><E102/><V103/><F103/><W134/><G134/><T98/><D98/><U74/><E84/><V67/><F100/><W125/><G125/><T35/><D35/><U89/><E89/><N who="2" m="53439" /><F67/><W63/><G63/><RYUUKYOKU ba="0,1" sc="240,15,250,15,250,-15,250,-15" hai0="1,3,15,20,45,48,51,54,55,57,83,85,90" hai1="9,11,17,18,23,25,27,74,77,80" /><INIT seed="0,1,1,5,1,130" ten="255,265,235,235" oya="0" hai0="44,0,106,60,14,84,58,38,103,57,94,49,99" hai1="78,120,101,70,82,131,53,134,32,27,18,118,75" hai2="23,17,79,125,110,119,40,68,83,87,126,28,98" hai3="86,102,116,61,4,108,25,45,65,15,85,3,31"/><T20/><D0/><U30/><E120/><V80/><F110/><W72/><G72/><T12/><D38/><U135/><E118/><V66/><F119/><W29/><G116/><T121/><D121/><U39/><E39/><V21/><F40/><W100/><G3/><T112/><D112/><U1/><E131/><V11/><F98/><W88/><G108/><T104/><D20/><U59/><E70/><V26/><F11/><N who="3" m="4583" /><G85/><T74/><D74/><U47/><E47/><V95/><F95/><N who="3" m="54679" /><G45/><T117/><D117/><U107/><E1/><V13/><F83/><W5/><G5/><T111/><D111/><U129/><E129/><V43/><F43/><W128/><G128/><T46/><D106/><U91/><E91/><V81/><F81/><W67/><G25/><T114/><D114/><U33/><E33/><V96/><F96/><W50/><G50/><T36/><D36/><U71/><E71/><V77/><F77/><W132/><G132/><N who="1" m="50730" /><E107/><V76/><F76/><W42/><G42/><T16/><D104/><U62/><E18/><V97/><F68/><W37/><G37/><T133/><D16/><U113/><E113/><V34/><F34/><W127/><G102/><AGARI ba="1,1" hai="27,30,32,53,59,62,75,78,82,101,102" m="50730" machi="102" ten="30,7700,0" yaku="20,1,52,3" doraHai="130" who="1" fromWho="3" sc="255,0,265,90,235,0,235,-80" /><INIT seed="1,0,0,5,5,105" ten="255,355,235,155" oya="1" hai0="120,26,73,99,23,17,65,33,16,45,18,104,51" hai1="43,100,53,47,87,2,66,42,81,9,134,31,44" hai2="10,28,116,21,93,114,27,95,25,83,67,15,56" hai3="85,29,59,128,68,57,8,62,36,88,126,91,63"/><U78/><E134/><V69/><F69/><W77/><G36/><T82/><D33/><U61/><E100/><V122/><F116/><W41/><G41/><T98/><D120/><U24/><E2/><V50/><F122/><W13/><G68/><T115/><D115/><U75/><E9/><V106/><F106/><W3/><G3/><T118/><D65/><U89/><E53/><V35/><F83/><N who="3" m="47343" /><G29/><T64/><D64/><U39/><E61/><N who="3" m="23050" /><G128/><T11/><D11/><U133/><E66/><V74/><F74/><W48/><G126/><T123/><D123/><U117/><E133/><V49/><F114/><W124/><G124/><T121/><D121/><U30/><E117/><V92/><F56/><N who="3" m="21579" /><G48/><T19/><D118/><U109/><E109/><V132/><F67/><W52/><G52/><T38/><D38/><U72/><E78/><V79/><F79/><W103/><G103/><T7/><D104/><U71/><E71/><V127/><F127/><W101/><G101/><T111/><D111/><U12/><E12/><V108/><F108/><W5/><AGARI ba="0,0" hai="5,8,13,88,91" m="21579,23050,47343" machi="5" ten="30,2000,0" yaku="8,1,54,1" doraHai="105" who="3" fromWho="3" sc="255,-5,355,-10,235,-5,155,20" /><INIT seed="2,0,0,2,3,35" ten="250,345,230,175" oya="2" hai0="45,114,61,99,91,4,122,106,93,103,33,51,80" hai1="42,9,121,98,111,46,77,129,62,128,116,31,110" hai2="84,24,32,54,27,43,55,37,64,59,8,40,72" hai3="56,107,73,21,44,76,13,112,70,75,53,38,104"/><V119/><F119/><W60/><G112/><T83/><D122/><U25/><E116/><V97/><F72/><W85/><G85/><T124/><D124/><U14/><E121/><V3/><F97/><W127/><G127/><T63/><D114/><U71/><E77/><V79/><F64/><W130/><G130/><N who="1" m="50282" /><E62/><V57/><F32/><W123/><G123/><T26/><D33/><N who="1" m="20719" /><E71/><V12/><F37/><W81/><G73/><T68/><D26/><N who="2" m="9770" /><F3/><W92/><G92/><T117/><D117/><U7/><E98/><V89/><F79/><W131/><G131/><T30/><D30/><U95/><E95/><N who="2" m="54695" /><F59/><W134/><G70/><T15/><D68/><U135/><E135/><V115/><F54/><W66/><G134/><T20/><D106/><U49/><AGARI ba="0,0" hai="7,9,14,42,46,49,110,111" m="20719,50282" machi="49" ten="30,1100,0" yaku="19,1" doraHai="35" who="1" fromWho="1" sc="250,-3,345,11,230,-5,175,-3" /><INIT seed="3,0,0,2,5,51" ten="247,356,225,172" oya="3" hai0="92,36,102,108,103,97,60,3,93,111,40,9,35" hai1="25,48,4,61,0,107,82,20,10,91,28,17,134" hai2="94,62,5,37,21,41,33,128,99,34,126,135,120" hai3="109,106,130,32,129,78,88,95,64,14,50,15,124"/><W49/><G32/><T29/><D60/><U121/><E107/><V113/><F113/><W23/><G106/><T98/><D36/><U63/><E134/><V1/><F135/><W132/><G132/><T30/><D40/><U70/><E121/><V73/><F126/><W104/><G104/><T52/><D52/><U80/><E48/><N who="3" m="18538" /><G124/><T8/><D3/><U133/><E133/><V68/><F128/><N who="3" m="49259" /><G109/><T115/><D115/><U127/><E127/><V110/><F110/><W122/><G122/><T85/><D35/><U83/><E70/><V27/><F120/><W116/><G116/><T66/><D66/><U74/><E74/><V65/><F33/><W79/><G64/><T11/><D11/><U31/><E91/><V77/><F65/><W24/><G79/><T39/><D39/><U75/><E75/><V59/><F77/><W53/><G53/><T54/><D54/><U7/><E7/><V76/><F76/><W46/><G46/><T125/><D125/><U47/><E47/><V86/><F34/><W131/><N who="3" m="49267" /><W58/><DORA hai="56" /><G58/><T44/><D44/><U96/><E61/><V42/><F59/><W119/><G78/><T12/><D108/><U26/><E63/><V55/><F62/><W100/><G100/><T13/><D111/><U57/><E57/><V87/><F68/><W6/><G6/><T117/><D117/><U18/><E96/><V89/><F99/><N who="3" m="57831" /><G119/><T72/><D72/><U67/><E67/><V81/><F5/><W71/><G71/><T22/><D103/><U114/><E114/><V105/><F105/><W43/><G43/><RYUUKYOKU ba="0,0" sc="247,-15,356,15,225,-15,172,15" hai1="0,4,10,17,18,20,25,26,28,31,80,82,83" hai3="14,15,23,24" /><INIT seed="3,1,0,2,3,94" ten="232,371,210,187" oya="3" hai0="51,99,98,8,64,118,91,39,115,110,119,82,76" hai1="79,55,38,17,6,49,104,3,1,34,26,95,42" hai2="23,47,90,135,75,121,92,32,35,114,0,29,117" hai3="30,44,66,112,72,124,58,19,89,101,97,111,65"/><W16/><G112/><T131/><D39/><U21/><E104/><V127/><F75/><W13/><G72/><T74/><D64/><N who="3" m="24681" /><G124/><T103/><D51/><U88/><E79/><V52/><F0/><W12/><G111/><T14/><D110/><U132/><E42/><V28/><F117/><W130/><G130/><T59/><D115/><U109/><E38/><V126/><F135/><W63/><G30/><N who="2" m="11881" /><F121/><W53/><G101/><T70/><D59/><U62/><E132/><V69/><F69/><W81/><G44/><T113/><D70/><U57/><E109/><V43/><F43/><W84/><G97/><T24/><D99/><N who="1" m="57831" /><E34/><V54/><F114/><W120/><G120/><T36/><D113/><U85/><E1/><V50/><F32/><W9/><G13/><T46/><D14/><U96/><E96/><V33/><F33/><W10/><G10/><T68/><D8/><U15/><E3/><V108/><F35/><W27/><G27/><T105/><D24/><U73/><E73/><V7/><F108/><W67/><N who="3" m="24689" /><W48/><DORA hai="133" /><G48/><T80/><D68/><U11/><E49/><V56/><F127/><W22/><G22/><T4/><D119/><U134/><E134/><V93/><F23/><W123/><G123/><T2/><D118/><U116/><E116/><V25/><F25/><W31/><G31/><T40/><D2/><U106/><E106/><V102/><F126/><W83/><G83/><T125/><D82/><U37/><E37/><V107/><F107/><W86/><G86/><AGARI ba="1,0" hai="6,11,15,17,21,26,55,57,62,85,86" m="57831" machi="86" ten="30,7700,0" yaku="25,1,8,1,52,1,54,1" doraHai="94,133" who="1" fromWho="3" sc="232,0,371,80,210,0,187,-80" owari="232,3.2,451,55.1,210,-19.0,107,-39.3" /></mjloggm>