<mjloggm ver="2.3"><GO type="225" lobby="0"/><UN n0="%E6%98%93%E5%88%A9%E8%96%A9%E4%BC%AF" n1="%E6%B8%A9%E2%98%85%E6%83%85%E2%98%85%E6%8E%AA%E2%98%85%E7%BD%AE" n2="%E6%A1%9C%E8%8A%B1%E9%96%83%E3%80%85" n3="%E3%81%AF%E3%82%88%E3%81%8A%E3%81%98%E3%81%95%E3%82%93" dan="17,17,16,17" rate="2176.86,2189.52,2100.62,2143.93" sx="F,M,M,M"/><TAIKYOKU oya="0"/><INIT seed="0,0,0,2,5,55" ten="250,250,250,250" oya="0" hai0="26,102,132,114,8,38,23,134,118,28,82,77,108" hai1="60,45,29,44,1,14,4,31,122,131,75,16,41" hai2="87,19,25,43,12,90,39,88,5,66,15,63,40" hai3="17,48,98,18,30,93,116,85,49,27,61,3,52"/><T129/><D114/><U22/><E122/><V81/><F90/><W133/><G116/><T89/><D118/><U50/><E75/><V124/><F124/><W54/><G3/><T80/><D129/><U107/><E131/><V34/><F15/><W59/><G133/><T95/><D38/><U65/><E107/><V126/><F126/><W127/><G85/><T106/><D108/><U33/><E33/><V58/><F39/><W121/><G121/><T120/><D120/><U69/><REACH who="1" step="1"/><E45/><REACH who="1" ten="250,240,250,250" step="2"/><V84/><F84/><W47/><G127/><T62/><D106/><U73/><E73/><V111/><F111/><W13/><G13/><T123/><D123/><U21/><E21/><N who="2" m="13503" /><F34/><W128/><G128/><T115/><D134/><U110/><E110/><V78/><F78/><W92/><G61/><T101/><D115/><U11/><AGARI ba="0,1" hai="1,4,11,14,16,22,29,31,41,44,50,60,65,69" machi="11" ten="30,7900,0" yaku="1,1,0,1,54,1,53,1" doraHai="55" doraHaiUra="0" who="1" fromWho="1" sc="250,-39,240,89,250,-20,250,-20" /><INIT seed="1,0,0,4,2,31" ten="211,329,230,230" oya="1" hai0="28,108,44,103,79,12,10,61,53,130,35,52,128" hai1="59,123,84,134,115,33,32,100,90,18,3,102,55" hai2="76,64,37,109,15,70,5,47,22,106,6,96,91" hai3="48,16,94,101,50,73,26,14,66,62,75,38,54"/><U11/><E115/><V65/><F109/><W24/><G38/><T131/><D108/><U40/><E123/><V93/><F106/><W2/><G2/><T67/><D103/><U112/><E112/><V119/><F119/><W114/><G114/><T92/><D79/><U25/><E40/><V132/><F132/><W118/><G118/><T30/><D92/><U117/><E117/><V111/><F111/><W88/><G101/><T60/><D60/><U116/><E116/><V68/><F76/><W121/><G121/><T56/><D44/><U41/><E41/><V129/><F129/><W69/><G75/><T127/><D127/><U46/><E46/><V43/><F68/><W89/><G73/><T72/><D72/><U8/><E102/><V98/><F98/><W0/><G0/><T42/><D42/><U120/><E100/><V86/><F96/><W27/><G54/><N who="0" m="21099" /><D35/><N who="1" m="13387" /><E3/><V51/><F37/><W58/><G69/><T95/><D95/><N who="1" m="54727" /><E120/><V4/><F70/><W80/><G80/><T23/><D23/><U21/><E11/><V83/><F93/><W124/><G124/><T82/><D82/><U74/><E8/><V9/><REACH who="2" step="1"/><F22/><REACH who="2" ten="211,329,220,230" step="2"/><N who="3" m="11543" /><G89/><T57/><D57/><U17/><E134/><V71/><F71/><W99/><AGARI ba="0,1" hai="24,26,27,48,50,58,62,66,88,94,99" m="11543" machi="99" ten="30,4000,0" yaku="8,1,54,2" doraHai="31" who="3" fromWho="3" sc="211,-10,329,-20,220,-10,230,50" /><INIT seed="2,0,0,4,5,38" ten="201,309,210,280" oya="2" hai0="108,94,107,33,103,73,24,82,9,4,64,95,124" hai1="46,74,3,85,11,45,86,70,61,12,81,43,100" hai2="51,13,67,99,123,78,56,91,16,84,21,76,30" hai3="119,69,54,127,65,112,83,116,131,50,72,22,129"/><V36/><F123/><W5/><G5/><T125/><D108/><U132/><E3/><V44/><F36/><W109/><G22/><T1/><D64/><U55/><E132/><V89/><F30/><W134/><G83/><T128/><D128/><N who="3" m="49225" /><G72/><T37/><D37/><U2/><E2/><V25/><F25/><W34/><G34/><T130/><D130/><U121/><E121/><V26/><F26/><W60/><G109/><T27/><D107/><U15/><E100/><V8/><F21/><W101/><G101/><T93/><D103/><U135/><E15/><V18/><F18/><W102/><G102/><T62/><D62/><U58/><E74/><V57/><F99/><W104/><G104/><T97/><D97/><U19/><E70/><V31/><F31/><W133/><G127/><N who="0" m="48715" /><D33/><U120/><E120/><V32/><F32/><W52/><G54/><T117/><D117/><N who="3" m="45129" /><G112/><T77/><AGARI ba="0,0" hai="1,4,9,24,27,73,77,82,93,94,95" m="48715" machi="77" ten="40,1500,0" yaku="18,1" doraHai="38" who="0" fromWho="0" sc="201,15,309,-4,210,-7,280,-4" /><INIT seed="3,0,0,4,5,110" ten="216,305,203,276" oya="3" hai0="27,48,37,58,1,11,122,7,24,47,121,89,43" hai1="108,53,12,4,61,62,39,114,99,44,125,132,46" hai2="86,52,82,133,115,76,6,103,31,74,113,9,80" hai3="100,50,128,95,126,36,29,97,51,54,117,135,69"/><W79/><G117/><T19/><D89/><U10/><E114/><V67/><F133/><W127/><G36/><T20/><REACH who="0" step="1"/><D27/><REACH who="0" ten="206,305,203,276" step="2"/><U66/><E132/><V102/><F67/><W106/><G135/><T26/><D26/><U63/><E66/><V15/><F31/><W83/><G128/><T116/><D116/><U28/><E108/><V56/><F103/><W91/><G29/><T109/><D109/><U107/><E28/><V84/><F102/><W98/><G69/><T93/><D93/><U124/><E124/><N who="3" m="47658" /><G54/><AGARI ba="0,1" hai="1,7,11,19,20,24,37,43,47,48,54,58,121,122" machi="54" ten="40,1300,0" yaku="1,1,53,0" doraHai="110" doraHaiUra="96" who="0" fromWho="3" sc="206,23,305,0,203,0,276,-13" owari="229,-17.1,305,40.5,203,-29.7,263,6.3" /></mjloggm>