<mjloggm ver="2.3"><GO type="225" lobby="0"/><UN n0="%E6%B8%A9%E2%98%85%E6%83%85%E2%98%85%E6%8E%AA%E2%98%85%E7%BD%AE" n1="%33%74%72%65%65" n2="%E7%B4%94%E6%BD%94%E3%83%94%E3%83%A9%E3%83%8B%E3%82%A2" n3="%E3%83%A9%E3%82%A4%E3%83%B3%E3%81%AE%E8%99%8E" dan="17,16,16,16" rate="2221.76,2182.68,2079.25,2164.54" sx="M,F,M,M"/><TAIKYOKU oya="0"/><INIT seed="0,0,0,3,4,135" ten="250,250,250,250" oya="0" hai0="126,15,58,66,109,11,132,103,32,77,72,116,68" hai1="71,41,27,50,115,3,61,101,91,98,105,49,67" hai2="130,2,97,90,52,93,102,12,100,21,8,82,74" hai3="99,28,114,30,96,104,63,85,62,35,124,73,29"/><T25/><D116/><U79/><E115/><V131/><F21/><W122/><G73/><T56/><D132/><U7/><E79/><N who="2" m="44407" /><F2/><W43/><G114/><T83/><D109/><U13/><E3/><V53/><F90/><W117/><G117/><T120/><D120/><U0/><E0/><V26/><F26/><W75/><G75/><T121/><D121/><U37/><E27/><V40/><F40/><W22/><G35/><T14/><D103/><U5/><E91/><V78/><F78/><W33/><G33/><T88/><D15/><U57/><E13/><V110/><F110/><W59/><G43/><T128/><D68/><U70/><E70/><V84/><F84/><W10/><G10/><T133/><D66/><U36/><E36/><V80/><F80/><W45/><G22/><T23/><D88/><U113/><E113/><V107/><F107/><W17/><G104/><T24/><D24/><U129/><E37/><V48/><F48/><W38/><G38/><T42/><D32/><U18/><E50/><V65/><F65/><W31/><G122/><T60/><D42/><U92/><E105/><V76/><F76/><W81/><G81/><T127/><D133/><U9/><E41/><V86/><F86/><W55/><G85/><T89/><D77/><U123/><E123/><V54/><F100/><W46/><G31/><T108/><D25/><U64/><E101/><V19/><F102/><W4/><G30/><T34/><D34/><U134/><E134/><V44/><F44/><W87/><G29/><T20/><D108/><U16/><E67/><V118/><F118/><RYUUKYOKU ba="0,0" sc="250,-10,250,-10,250,30,250,-10" hai2="8,12,19,52,53,54,93,97,130,131" /><INIT seed="1,1,0,0,0,17" ten="240,240,280,240" oya="1" hai0="81,109,105,14,96,28,111,55,7,38,58,133,132" hai1="10,88,107,56,68,54,123,22,66,16,90,101,26" hai2="127,44,79,40,94,121,61,64,21,27,76,86,65" hai3="80,19,83,70,32,87,98,5,24,117,25,48,78"/><U63/><E123/><V112/><F121/><W12/><G70/><T114/><D114/><U122/><E122/><V15/><F15/><W69/><G69/><T131/><D131/><U11/><E107/><V115/><F127/><W52/><G32/><T113/><D38/><U49/><REACH who="1" step="1"/><E101/><REACH who="1" ten="240,230,280,240" step="2"/><V77/><F112/><W67/><G117/><T57/><D113/><U116/><E116/><V128/><F115/><W8/><G98/><T102/><D102/><U73/><E73/><V99/><F128/><W71/><G71/><T72/><D72/><U91/><AGARI ba="1,1" hai="10,11,16,22,26,49,54,56,63,66,68,88,90,91" machi="91" ten="30,18000,2" yaku="1,1,0,1,52,1,54,2,53,1" doraHai="17" doraHaiUra="50" who="1" fromWho="1" sc="240,-61,230,193,280,-61,240,-61" /><INIT seed="1,2,0,3,5,17" ten="179,423,219,179" oya="1" hai0="1,52,91,83,109,98,18,96,10,23,95,74,68" hai1="60,72,131,28,21,103,46,120,65,85,118,133,63" hai2="38,112,9,12,104,88,130,59,33,45,80,73,105" hai3="3,35,57,124,77,69,90,81,56,51,30,66,34"/><U71/><E118/><V62/><F33/><W106/><G3/><T101/><D68/><U97/><E120/><V48/><F38/><W75/><G124/><T22/><D109/><U76/><E72/><V94/><F130/><W0/><G0/><T70/><D70/><U93/><E131/><V42/><F112/><W111/><G111/><T25/><D74/><U8/><E133/><V113/><F113/><W16/><G106/><T54/><D1/><U7/><E46/><V127/><F127/><W128/><G128/><T134/><D134/><U11/><E7/><V58/><F58/><W79/><G90/><T89/><D10/><N who="1" m="3627" /><E65/><V40/><F42/><W43/><G69/><T108/><D108/><U92/><E92/><V67/><F80/><W132/><G132/><T37/><D37/><U135/><E71/><V5/><REACH who="2" step="1"/><F73/><REACH who="2" ten="179,423,209,179" step="2"/><W114/><G81/><T84/><REACH who="0" step="1"/><D23/><REACH who="0" ten="169,423,209,179" step="2"/><U13/><E21/><V32/><F32/><W39/><G75/><T55/><D55/><U14/><E135/><V44/><F44/><W125/><G39/><T87/><D87/><AGARI ba="2,2" hai="5,9,12,40,45,48,59,62,67,87,88,94,104,105" machi="87" ten="30,3900,0" yaku="1,1,7,1,54,1,53,0" doraHai="17" doraHaiUra="26" who="2" fromWho="0" sc="169,-45,423,0,209,65,179,0" /><INIT seed="2,0,0,5,2,89" ten="124,423,274,179" oya="2" hai0="69,28,103,24,8,44,48,26,54,23,106,19,68" hai1="51,22,76,15,57,73,132,47,130,85,30,104,36" hai2="94,72,33,125,117,95,83,50,29,18,110,92,43" hai3="38,5,109,16,124,81,79,133,64,42,82,63,13"/><V4/><F117/><W20/><G109/><T11/><D106/><U12/><E104/><V39/><F110/><W107/><G107/><T41/><D103/><U111/><E73/><V40/><F39/><W66/><G124/><T6/><D41/><U84/><E36/><V2/><F125/><W134/><G5/><T65/><D65/><U14/><E132/><N who="3" m="50794" /><G66/><T62/><D62/><U58/><E130/><V131/><F131/><W100/><G100/><T127/><D127/><U108/><E108/><V45/><F43/><W27/><G27/><T115/><D115/><U70/><E70/><V74/><F18/><W60/><G79/><T122/><D122/><U0/><E0/><V37/><F37/><W129/><G129/><T123/><D123/><U71/><E71/><V105/><F105/><W97/><G97/><T113/><D11/><U93/><E76/><V34/><F83/><N who="3" m="31755" /><G64/><T77/><D77/><U128/><E128/><V46/><F46/><AGARI ba="0,0" hai="13,16,20,38,42,46,60,63" m="31755,50794" machi="46" ten="30,2000,0" yaku="20,1,54,1" doraHai="89" who="3" fromWho="2" sc="124,0,423,0,274,-20,179,20" /><INIT seed="3,0,0,0,2,112" ten="124,423,254,199" oya="3" hai0="4,0,42,102,60,55,43,28,19,57,14,39,115" hai1="70,106,30,101,105,61,74,119,25,104,95,64,35" hai2="2,16,85,44,47,75,67,114,83,69,113,54,23" hai3="13,46,56,117,76,18,98,77,133,27,121,12,94"/><W84/><G121/><T17/><D115/><U86/><E86/><V120/><F75/><W11/><G133/><T21/><D39/><U110/><E95/><V134/><F2/><W9/><G117/><T15/><D102/><U1/><E110/><V48/><F134/><W5/><G84/><T103/><D103/><U49/><E49/><V45/><F120/><W109/><G109/><T92/><D0/><U96/><E119/><V118/><F118/><W65/><G46/><T7/><D28/><U58/><E58/><V24/><F113/><W40/><G40/><T53/><D92/><U10/><E74/><V26/><F69/><W79/><G27/><N who="2" m="10281" /><F67/><W111/><G111/><T123/><D123/><U93/><E93/><V73/><F73/><W71/><G71/><T33/><D33/><U124/><E124/><V3/><F3/><W132/><G132/><T107/><D107/><U59/><E59/><N who="2" m="33223" /><F114/><W50/><G50/><T81/><D57/><U128/><E128/><V63/><F63/><W20/><G56/><T34/><D34/><U51/><E51/><V116/><F116/><W72/><G72/><T90/><D90/><U89/><E89/><N who="2" m="51391" /><F45/><W62/><G65/><T125/><D125/><U97/><REACH who="1" step="1"/><E97/><REACH who="1" ten="124,413,254,199" step="2"/><V32/><F47/><W82/><G98/><T66/><D66/><U127/><E127/><V36/><F44/><W87/><G94/><T52/><D55/><U99/><E99/><V88/><F88/><N who="3" m="51319" /><G62/><T22/><REACH who="0" step="1"/><D81/><REACH who="0" ten="114,413,254,199" step="2"/><U41/><E41/><V6/><F32/><W8/><AGARI ba="0,2" hai="5,8,9,11,12,13,18,20,76,77,79" m="51319" machi="8" ten="30,3000,0" yaku="8,1,54,1" doraHai="112" who="3" fromWho="3" sc="114,-10,413,-10,254,-10,199,50" /><INIT seed="3,1,0,1,3,124" ten="104,403,244,249" oya="3" hai0="35,16,113,60,57,129,0,112,127,96,39,126,89" hai1="13,1,91,45,27,25,121,82,2,107,84,128,81" hai2="120,100,33,61,73,20,6,46,56,42,80,85,103" hai3="12,134,66,50,87,97,131,32,8,94,5,108,86"/><W135/><G32/><T3/><D39/><U76/><E121/><V23/><F33/><W43/><G66/><T125/><D96/><U77/><E107/><V30/><F73/><W68/><G68/><T59/><D89/><U110/><E110/><V93/><F6/><W15/><G15/><T34/><D60/><U130/><E13/><V11/><F11/><W104/><G104/><T26/><D59/><U14/><E14/><V69/><F69/><W99/><G99/><T4/><D57/><U106/><E45/><V29/><F93/><W95/><G95/><T67/><D67/><U37/><E37/><V88/><F120/><W132/><G108/><T55/><D55/><U79/><E106/><V44/><F23/><W64/><G64/><T123/><D123/><U19/><E82/><V49/><F46/><W24/><G24/><N who="1" m="9290" /><E19/><V83/><F83/><W54/><G43/><T31/><D35/><U102/><E102/><N who="2" m="38955" /><F20/><W78/><G135/><T53/><D53/><AGARI ba="1,0" hai="29,30,42,44,49,53,56,61,80,85,88" m="38955" machi="53" ten="30,2000,0" yaku="8,1,54,1" doraHai="124" who="2" fromWho="0" sc="104,-23,403,0,244,23,249,0" owari="81,-41.9,403,50.3,267,6.7,249,-15.1" /></mjloggm>