<mjloggm ver="2.3"><GO type="225" lobby="0"/><UN n0="%E7%89%B9%E6%9D%B1%E3%81%AF%E4%B8%96%E7%95%8C%E3%82%92%E6%95%91%E3%81%86" n1="%E3%82%AF%E3%82%A3%E3%82%A6" n2="%E7%9A%AE%E3%80%85" n3="%E5%8D%A0%E3%81%84%E5%B8%AB%E8%A3%8F%E3%81%AA%E3%81%84%E3%81%97" dan="16,16,16,17" rate="2229.07,2091.63,2113.87,2201.30" sx="M,M,M,M"/><TAIKYOKU oya="0"/><INIT seed="0,0,0,5,2,124" ten="250,250,250,250" oya="0" hai0="7,69,44,13,129,109,101,15,30,67,38,78,52" hai1="89,112,61,81,26,91,66,114,43,0,93,12,75" hai2="36,82,3,85,90,11,55,130,19,127,49,27,99" hai3="106,123,59,47,63,42,83,108,87,25,121,64,104"/><T18/><D109/><U6/><E0/><V54/><F36/><N who="3" m="21959" /><G25/><T65/><D30/><U48/><E26/><V115/><F115/><W31/><G31/><T5/><D101/><U110/><E110/><V51/><F127/><W46/><G46/><T74/><D129/><U20/><E75/><V103/><F130/><W88/><G108/><T24/><D24/><U125/><E125/><V17/><F3/><W40/><G40/><T97/><D97/><U84/><E43/><V21/><F11/><W73/><G73/><T80/><D38/><U23/><E48/><N who="2" m="18507" /><F17/><W116/><G116/><T37/><D37/><U105/><E105/><V120/><F120/><W98/><G98/><T131/><D131/><U60/><E6/><V122/><F122/><AGARI ba="0,0" hai="59,63,64,83,87,88,104,106,121,122,123" m="21959" machi="122" ten="30,2000,0" yaku="13,1,54,1" doraHai="124" who="3" fromWho="2" sc="250,0,250,0,250,-20,250,20" /><INIT seed="1,0,0,1,5,90" ten="250,250,230,270" oya="1" hai0="67,5,58,115,114,29,21,45,91,12,84,88,30" hai1="77,15,72,8,57,113,26,116,98,127,11,89,66" hai2="19,6,13,44,118,125,101,93,73,65,117,0,63" hai3="121,119,40,28,47,75,120,46,18,10,43,24,60"/><U1/><E113/><V80/><F125/><W34/><G75/><T53/><D115/><U7/><E116/><V68/><F44/><W14/><G119/><T36/><D114/><U41/><E127/><V135/><F135/><W31/><G31/><T78/><D67/><U35/><E41/><V104/><F104/><W123/><G60/><T133/><D133/><U106/><E77/><V105/><F105/><W122/><N who="3" m="30720" /><DORA hai="38" /><W100/><G100/><T52/><D36/><U69/><E72/><V9/><F80/><W107/><G107/><T124/><D124/><U25/><E69/><V4/><F73/><W126/><G126/><T32/><D32/><U94/><E106/><V128/><F6/><W62/><G47/><T86/><D78/><U82/><E35/><V48/><F48/><W51/><REACH who="3" step="1"/><G62/><REACH who="3" ten="250,250,230,260" step="2"/><N who="0" m="36167" /><D45/><U92/><E66/><V108/><F117/><W111/><G111/><T71/><D53/><AGARI ba="0,1" hai="10,14,18,24,28,34,40,43,46,51,53" m="30720" machi="53" ten="70,8000,1" yaku="1,1,52,2,53,0" doraHai="90,38" doraHaiUra="129,64" who="3" fromWho="0" sc="250,-80,250,0,230,0,260,90" /><INIT seed="2,0,0,4,4,135" ten="170,250,230,350" oya="2" hai0="34,76,94,33,45,21,6,56,122,35,91,30,105" hai1="74,27,17,107,82,89,18,116,16,124,19,63,0" hai2="22,39,55,69,92,134,68,66,67,26,77,3,4" hai3="40,20,97,118,51,104,61,95,46,31,42,25,101"/><V44/><F77/><W58/><G118/><T62/><D122/><U48/><E116/><V10/><F134/><W102/><G40/><T38/><D105/><U14/><E107/><V64/><F92/><W83/><G83/><T80/><D6/><U32/><E74/><V53/><F39/><W117/><G117/><T9/><D9/><U103/><E103/><V65/><F44/><W128/><G128/><T126/><D30/><U131/><E131/><V100/><F100/><N who="3" m="60479" /><G104/><T59/><D21/><U60/><E0/><V11/><F11/><W87/><G87/><T129/><D129/><U113/><E113/><V130/><F130/><W127/><G127/><T78/><D78/><U96/><E124/><V90/><F90/><W84/><G84/><T73/><D126/><U115/><E115/><V106/><F106/><W123/><G123/><T70/><D70/><U5/><E96/><V28/><N who="2" m="16384" /><DORA hai="93" /><V121/><REACH who="2" step="1"/><F121/><REACH who="2" ten="170,250,220,350" step="2"/><W110/><G102/><T52/><D56/><U133/><E133/><V88/><F88/><W43/><G101/><T15/><D15/><U114/><E114/><V23/><F23/><W132/><G132/><T112/><D112/><U86/><E32/><V111/><F111/><W29/><G110/><T81/><D81/><U85/><E85/><V109/><F109/><W108/><G108/><T36/><REACH who="0" step="1"/><D45/><REACH who="0" ten="160,250,220,350" step="2"/><U49/><N who="1" m="4096" /><DORA hai="37" /><U57/><E57/><V7/><F7/><W119/><G119/><T2/><D2/><U1/><E1/><V99/><F99/><AGARI ba="0,2" hai="33,34,35,36,38,52,59,62,73,76,80,91,94,99" machi="99" ten="40,8000,1" yaku="1,1,52,1,54,1,53,1" doraHai="135,93,37" doraHaiUra="47,75,98" who="0" fromWho="2" sc="160,100,250,0,220,-80,350,0" /><INIT seed="3,0,0,0,3,98" ten="260,250,140,350" oya="3" hai0="62,33,66,3,71,103,37,40,128,23,135,119,115" hai1="92,20,69,10,90,13,51,129,124,24,100,118,105" hai2="89,87,80,101,99,53,77,26,54,2,107,12,43" hai3="47,7,94,34,30,76,91,65,117,131,109,113,133"/><W121/><G113/><T27/><D119/><U67/><E118/><V41/><F2/><W84/><G121/><T122/><D122/><U116/><E116/><V8/><F26/><W44/><G117/><T86/><D3/><U68/><E124/><V1/><F1/><W29/><G133/><T88/><D135/><U6/><E129/><V61/><F61/><W73/><G34/><T70/><D33/><U125/><E125/><V56/><F77/><W39/><G39/><T11/><D11/><U79/><E67/><V106/><F106/><W95/><G7/><T58/><D128/><U82/><E51/><V22/><F22/><W57/><G131/><T111/><D111/><U134/><E134/><V112/><F112/><W63/><G73/><T38/><D103/><U55/><E55/><V64/><F64/><W102/><G76/><T49/><D49/><U9/><E9/><V32/><F32/><W52/><G47/><T93/><D115/><U50/><E50/><V15/><F15/><W108/><G44/><T16/><REACH who="0" step="1"/><D40/><REACH who="0" ten="250,250,140,350" step="2"/><U21/><E100/><V45/><F56/><N who="3" m="37095" /><G109/><T72/><D72/><U83/><E13/><V75/><F75/><W130/><G130/><T31/><D31/><U96/><E10/><V78/><F78/><W35/><G35/><T114/><D114/><U97/><E79/><V36/><REACH who="2" step="1"/><F41/><REACH who="2" ten="250,250,130,350" step="2"/><W17/><G57/><T0/><D0/><U14/><E69/><AGARI ba="0,2" hai="16,23,27,37,38,58,62,66,69,70,71,86,88,93" machi="69" ten="40,5200,0" yaku="1,1,54,2,53,0" doraHai="98" doraHaiUra="42" who="0" fromWho="1" sc="250,72,250,-52,130,0,350,0" owari="322,12.2,198,-20.2,130,-37.0,350,45.0" /></mjloggm>