<mjloggm ver="2.3"><GO type="225" lobby="0"/><UN n0="%E3%81%8B%E3%82%8F%E3%81%A1%E3%82%83%E3%82%93%35%38" n1="%E7%89%B9%E6%9D%B1%E3%81%AF%E4%B8%96%E7%95%8C%E3%82%92%E6%95%91%E3%81%86" n2="%E3%81%BF%E3%81%BF%E3%81%9A" n3="%43%68%65" dan="16,16,18,16" rate="2132.15,2169.18,2247.69,2093.90" sx="M,M,M,M"/><TAIKYOKU oya="0"/><INIT seed="0,0,0,4,2,134" ten="250,250,250,250" oya="0" hai0="135,122,87,112,21,121,47,48,27,107,131,119,104" hai1="86,61,28,69,97,17,45,63,102,109,57,38,88" hai2="50,98,75,90,101,76,36,70,19,52,77,59,133" hai3="44,40,125,54,132,9,79,33,60,100,85,124,91"/><T89/><D119/><U129/><E109/><V56/><F133/><W18/><G132/><T64/><D135/><U123/><E123/><V37/><F70/><W15/><G33/><T13/><D112/><U110/><E110/><V65/><F90/><W128/><G128/><T8/><D131/><U43/><E129/><V41/><F19/><W114/><G100/><T68/><D107/><U49/><E28/><V29/><F29/><W22/><G114/><T6/><D104/><U108/><E108/><V0/><F0/><W84/><G79/><T103/><D68/><U42/><E69/><V7/><F7/><W105/><G105/><T4/><D4/><U14/><E97/><V5/><F5/><W94/><G84/><T82/><D64/><U10/><E102/><V120/><F120/><W127/><G60/><T74/><D74/><U26/><E26/><V2/><F2/><W3/><G3/><T34/><D34/><U111/><E111/><V80/><F41/><W20/><G54/><T118/><D118/><U32/><E32/><V81/><F59/><W66/><G66/><T117/><D117/><U23/><E10/><V39/><F65/><W92/><G92/><T73/><D73/><U106/><E106/><N who="2" m="63799" /><F77/><W67/><G67/><T93/><D103/><U1/><E1/><V113/><F113/><W99/><G99/><T46/><D93/><N who="1" m="54423" /><E43/><V116/><F116/><W72/><G72/><T55/><D47/><U30/><E30/><AGARI ba="0,0" hai="6,8,13,21,27,30,46,48,55,82,87,89,121,122" machi="30" ten="30,1500,0" yaku="7,1" doraHai="134" who="0" fromWho="1" sc="250,15,250,-15,250,0,250,0" /><INIT seed="0,1,0,4,3,18" ten="265,235,250,250" oya="0" hai0="46,21,17,89,67,84,40,8,108,68,129,37,109" hai1="110,7,45,76,14,78,44,92,65,118,126,103,104" hai2="71,25,73,28,29,100,57,13,1,54,70,121,61" hai3="12,41,16,43,58,116,81,133,80,62,64,34,114"/><T55/><D129/><U56/><E118/><V53/><F121/><W115/><G116/><T83/><D55/><U119/><E104/><V97/><F1/><W9/><G34/><T19/><D8/><N who="1" m="4383" /><E110/><N who="0" m="42601" /><D21/><U0/><E126/><V47/><F73/><W88/><G133/><T48/><D37/><U42/><E0/><V38/><F13/><W102/><G102/><T86/><D86/><U124/><E124/><V135/><F29/><W2/><G2/><T111/><N who="0" m="42609" /><T131/><DORA hai="113" /><D131/><U33/><E33/><V120/><F135/><W96/><G115/><T6/><D6/><U69/><E119/><V93/><F120/><W122/><G122/><T23/><D23/><U4/><E4/><V49/><F38/><W106/><G114/><T63/><AGARI ba="1,0" hai="17,19,40,46,48,63,67,68,83,84,89" m="42609" machi="63" ten="40,3900,0" yaku="14,1,10,1" doraHai="18,113" who="0" fromWho="0" sc="265,42,235,-14,250,-14,250,-14" /><INIT seed="0,2,0,2,2,16" ten="307,221,236,236" oya="0" hai0="37,91,127,102,133,28,98,130,41,107,48,81,49" hai1="77,73,70,18,104,116,7,60,57,105,123,38,65" hai2="46,3,103,4,55,56,106,132,6,47,27,68,53" hai3="29,95,72,121,71,9,92,93,61,24,0,52,125"/><T32/><D37/><U122/><E116/><V10/><F68/><W1/><G72/><T83/><D32/><U78/><E38/><V87/><F132/><W33/><G125/><T50/><D41/><U25/><E7/><V59/><F87/><W66/><G121/><T67/><D67/><U129/><E129/><V134/><F134/><W118/><G118/><T79/><D133/><U84/><E73/><V11/><F27/><W26/><G9/><T115/><D115/><U126/><E126/><V2/><F103/><W58/><REACH who="3" step="1"/><G26/><REACH who="3" ten="307,221,236,226" step="2"/><T82/><D127/><U99/><E122/><V88/><F106/><W111/><G111/><T89/><D107/><U5/><E123/><V120/><F120/><W43/><G43/><T14/><D130/><U131/><E131/><V101/><F101/><W74/><G74/><T90/><D102/><U86/><E105/><V96/><F96/><W76/><G76/><T62/><D98/><U114/><E104/><V36/><F36/><W21/><G21/><T112/><D79/><U97/><E97/><V113/><F113/><W20/><G20/><T30/><D112/><U51/><E99/><V8/><F8/><W35/><G35/><T42/><D42/><U100/><E100/><V40/><F40/><W80/><G80/><T17/><D14/><U85/><E114/><V12/><F12/><W23/><G23/><T69/><D17/><U108/><E108/><V64/><F88/><W119/><G119/><T109/><D109/><U39/><E78/><V15/><F15/><W63/><AGARI ba="2,1" hai="0,1,24,29,33,52,58,61,63,66,71,92,93,95" machi="63" ten="30,7900,0" yaku="1,1,0,1,54,1,53,1" doraHai="16" doraHaiUra="31" who="3" fromWho="3" sc="307,-41,221,-22,236,-22,226,95" /><INIT seed="1,0,0,3,4,129" ten="266,199,214,321" oya="1" hai0="68,26,133,134,70,124,78,74,135,63,20,67,92" hai1="44,32,56,18,60,65,61,91,99,73,120,116,39" hai2="57,118,106,0,58,22,38,132,36,71,30,6,81" hai3="37,40,94,1,54,85,126,49,42,46,104,90,23"/><U3/><E116/><V55/><F118/><W47/><G1/><T115/><D115/><U48/><E120/><V41/><F71/><W29/><G126/><T83/><D124/><U35/><E39/><V2/><F106/><W17/><G104/><T82/><D92/><U95/><E73/><V34/><F34/><W5/><G5/><T125/><D125/><U114/><E114/><V7/><F81/><W12/><G29/><N who="0" m="17607" /><D82/><U80/><E3/><V33/><F22/><W4/><G4/><T117/><D117/><U15/><E61/><V107/><F107/><W128/><G128/><T79/><D79/><U111/><E111/><V28/><F55/><W25/><G25/><T109/><D68/><U75/><E75/><V123/><F123/><W69/><G69/><T97/><D97/><U127/><E80/><V45/><F45/><N who="3" m="16907" /><G37/><T112/><D112/><U53/><REACH who="1" step="1"/><E127/><REACH who="1" ten="266,189,214,321" step="2"/><V76/><F76/><W9/><G42/><T27/><D27/><U87/><E87/><V119/><F119/><W19/><G40/><T93/><D93/><U43/><E43/><V8/><F41/><W100/><G94/><T105/><D105/><U62/><E62/><V130/><F130/><W84/><G84/><T86/><D86/><U64/><E64/><V10/><F33/><W59/><G85/><T51/><D51/><U88/><E88/><V96/><F96/><W110/><G110/><AGARI ba="0,1" hai="63,67,70,74,78,83,109,110,133,134,135" m="17607" machi="110" ten="40,8000,1" yaku="20,1,52,3" doraHai="129" who="0" fromWho="3" sc="266,90,189,0,214,0,321,-80" /><INIT seed="2,0,0,3,2,80" ten="356,189,214,241" oya="2" hai0="125,96,89,40,64,18,10,87,130,63,120,26,97" hai1="28,54,107,52,50,86,61,17,24,12,27,60,39" hai2="35,62,128,109,58,36,117,121,55,99,56,19,114" hai3="75,7,106,37,92,4,83,91,34,112,82,132,41"/><V21/><F121/><W31/><G106/><T74/><D74/><U102/><E39/><V43/><F114/><W23/><G34/><T66/><D120/><U135/><E135/><V14/><F35/><W67/><G132/><T65/><D125/><U123/><E123/><V116/><F128/><W71/><G112/><T93/><D130/><U127/><E127/><V134/><F134/><W49/><G37/><T25/><D40/><U29/><E107/><V38/><F38/><W15/><G71/><T115/><D115/><U8/><E102/><V48/><F109/><W81/><G67/><T103/><D63/><U79/><E27/><N who="0" m="10249" /><D103/><U78/><E54/><V70/><F99/><W57/><G75/><T119/><D119/><U0/><E0/><V88/><F88/><W68/><G68/><T30/><D30/><N who="1" m="11883" /><E24/><V47/><REACH who="2" step="1"/><F70/><REACH who="2" ten="356,189,204,241" step="2"/><W45/><G91/><T95/><D95/><U122/><E122/><V126/><F126/><W13/><G92/><T94/><D94/><U51/><E78/><V111/><F111/><W110/><G110/><T5/><D97/><U133/><E133/><V90/><F90/><W3/><G83/><T131/><D96/><U101/><E101/><V108/><F108/><W85/><G82/><T77/><D131/><U104/><E104/><V76/><F76/><W53/><G81/><T9/><D77/><U16/><E79/><V2/><F2/><W73/><G3/><N who="0" m="191" /><D89/><U46/><E86/><V59/><F59/><W42/><G85/><T11/><D93/><U69/><E69/><V113/><F113/><W129/><G129/><T32/><D87/><RYUUKYOKU ba="0,1" sc="356,-10,189,-10,204,30,241,-10" hai2="14,19,21,36,43,47,48,55,56,58,62,116,117" /><INIT seed="2,1,1,2,3,134" ten="346,179,234,231" oya="2" hai0="125,46,81,7,76,26,33,40,119,21,92,6,131" hai1="116,42,87,36,79,102,103,15,91,95,24,22,45" hai2="31,41,99,63,72,71,38,77,127,2,13,121,8" hai3="54,18,62,82,97,16,105,53,114,10,135,50,28"/><V0/><F121/><W70/><G135/><T52/><D33/><U106/><E116/><V68/><F13/><W11/><G114/><T3/><D3/><U43/><E106/><V104/><F31/><W85/><G28/><T58/><D92/><U48/><E36/><V113/><F113/><W74/><G74/><T126/><D131/><U107/><E107/><V88/><F88/><N who="3" m="51255" /><G70/><T89/><D89/><U122/><E122/><V60/><F60/><W1/><G1/><T34/><D34/><U5/><E43/><V73/><F0/><W56/><G97/><T66/><D66/><U19/><REACH who="1" step="1"/><E79/><REACH who="1" ten="346,169,234,231" step="2"/><V101/><F77/><W128/><G105/><T14/><D119/><U9/><AGARI ba="1,2" hai="5,9,15,19,22,24,42,45,48,87,91,95,102,103" machi="9" ten="30,8000,1" yaku="1,1,2,1,0,1,8,1,53,1" doraHai="134" doraHaiUra="23" who="1" fromWho="1" sc="346,-21,169,103,234,-41,231,-21" /><INIT seed="3,0,0,0,1,53" ten="325,272,193,210" oya="3" hai0="41,29,1,33,91,14,34,120,87,25,90,60,62" hai1="125,128,40,21,95,50,30,22,31,9,56,46,84" hai2="110,58,61,35,97,0,119,101,108,24,55,44,6" hai3="66,89,117,96,85,4,82,123,5,8,20,81,32"/><W19/><G117/><T106/><D1/><U49/><E128/><V11/><F119/><W93/><G123/><T86/><D106/><U102/><E125/><V67/><F35/><W13/><G32/><T27/><D41/><U59/><E9/><V127/><F127/><W118/><G118/><T57/><D14/><U39/><E39/><V2/><F24/><W15/><G66/><T104/><D104/><U83/><E95/><V43/><F67/><W77/><REACH who="3" step="1"/><G82/><REACH who="3" ten="325,272,193,200" step="2"/><T114/><D120/><U135/><E83/><V129/><F129/><W28/><G28/><T12/><D29/><U54/><E31/><V130/><F130/><W38/><G38/><T16/><D34/><U52/><E30/><V72/><F72/><W45/><G45/><T42/><D33/><U105/><E46/><V64/><F64/><W78/><G78/><T121/><D121/><U73/><E59/><V131/><F131/><W26/><G26/><T65/><D27/><U17/><E56/><V80/><F80/><W126/><G126/><T112/><D25/><U92/><E73/><V88/><F2/><W98/><G98/><T133/><D57/><U113/><E113/><V115/><F115/><N who="0" m="44074" /><D65/><U134/><E134/><V23/><F108/><W107/><G107/><T100/><D133/><U76/><E105/><N who="2" m="63663" /><F110/><W103/><G103/><T79/><D100/><U51/><E102/><V124/><F124/><W37/><G37/><T63/><D79/><U48/><E76/><V109/><F109/><W70/><G70/><T74/><D74/><U71/><E71/><V47/><F47/><W18/><AGARI ba="0,1" hai="4,5,8,13,15,18,19,20,77,81,85,89,93,96" machi="18" ten="20,12000,1" yaku="1,1,5,1,0,1,7,1,8,1,53,0" doraHai="53" doraHaiUra="122" who="3" fromWho="3" sc="325,-40,272,-40,193,-40,200,130" owari="285,8.5,232,-16.8,153,-34.7,330,43.0" /></mjloggm>