<mjloggm ver="2.3"><GO type="225" lobby="0"/><UN n0="%E3%81%B2%E3%81%AA%E3%81%AE%E3%82%8A%E3%81%8F" n1="%E3%81%8B%E3%82%8F%E3%81%A1%E3%82%83%E3%82%93%35%38" n2="%E3%80%90%E8%92%BC%E7%90%89%E3%80%91" n3="%EF%BC%AE%EF%BC%A1%EF%BC%AF%33%33%39" dan="16,16,16,16" rate="2110.25,2181.24,2138.54,2113.27" sx="M,M,F,M"/><TAIKYOKU oya="0"/><INIT seed="0,0,0,4,4,77" ten="250,250,250,250" oya="0" hai0="87,6,38,102,18,30,7,113,12,49,35,19,128" hai1="84,121,69,40,74,132,17,110,39,21,108,51,105" hai2="81,45,14,117,25,62,28,118,9,85,97,82,101" hai3="16,57,89,44,0,124,76,33,106,3,66,15,98"/><T58/><D113/><U100/><E121/><V54/><F62/><W55/><G33/><T63/><D38/><U68/><E74/><V78/><F54/><W134/><G76/><T119/><D119/><U60/><E39/><V131/><F131/><W114/><G114/><T20/><D128/><U70/><E132/><V112/><F112/><W88/><G66/><T46/><D35/><U75/><E75/><V135/><F45/><W94/><G106/><T111/><D30/><U32/><E32/><V64/><F64/><W90/><G134/><T11/><D102/><U67/><E84/><V79/><F135/><W129/><G129/><T91/><D58/><U22/><E22/><V72/><F25/><W2/><G44/><T56/><D56/><U92/><E105/><V107/><REACH who="2" step="1"/><F28/><REACH who="2" ten="250,250,240,250" step="2"/><W83/><G124/><T37/><D63/><U104/><E60/><V103/><F103/><W27/><G27/><N who="0" m="14751" /><D37/><U115/><E67/><V24/><F24/><W53/><G53/><N who="0" m="29879" /><D111/><U71/><E110/><V93/><F93/><AGARI ba="0,1" hai="6,7,11,12,18,87,91,93" m="29879,14751" machi="93" ten="30,1500,0" yaku="8,1" doraHai="77" who="0" fromWho="2" sc="250,25,250,0,240,-15,250,0" /><INIT seed="0,1,0,4,2,3" ten="275,250,225,250" oya="0" hai0="34,5,27,98,62,71,55,91,61,73,39,50,51" hai1="111,20,18,14,132,95,85,38,133,70,67,49,92" hai2="116,43,82,23,127,108,129,107,125,17,80,68,12" hai3="24,123,7,58,69,65,121,46,48,104,106,110,88"/><T86/><D73/><U29/><E38/><V53/><F68/><W101/><G69/><T117/><D117/><U124/><E111/><V6/><F107/><W41/><G110/><T78/><D39/><U81/><E124/><N who="2" m="47691" /><F108/><W0/><G24/><T115/><D115/><U120/><E120/><N who="3" m="46154" /><G101/><T122/><D122/><U56/><E70/><V114/><F114/><W21/><G21/><T63/><D78/><U33/><E33/><V59/><F129/><W52/><G65/><T25/><D71/><U97/><E29/><V13/><F43/><W126/><G126/><T35/><D98/><U1/><E1/><V45/><F45/><W37/><G88/><T119/><D119/><U40/><E40/><V130/><F130/><W47/><G47/><T36/><D35/><U60/><E97/><V64/><F64/><W22/><G22/><T103/><D103/><U57/><E132/><V72/><F72/><W2/><G2/><T94/><D36/><U28/><E133/><V10/><F116/><W44/><G44/><T26/><D34/><U11/><E20/><V77/><F77/><W118/><G118/><T76/><D76/><N who="1" m="46247" /><E28/><V83/><F80/><W4/><G0/><T112/><D112/><U8/><E8/><V75/><F75/><W96/><G96/><T100/><D100/><U131/><E131/><V31/><F31/><W9/><G9/><T99/><D99/><U84/><E84/><V54/><F54/><AGARI ba="1,0" hai="11,14,18,49,54,56,57,60,67,92,95" m="46247" machi="54" ten="30,1000,0" yaku="8,1" doraHai="3" who="1" fromWho="2" sc="275,0,250,13,225,-13,250,0" /><INIT seed="1,0,0,5,2,4" ten="275,263,212,250" oya="1" hai0="54,120,30,92,67,13,132,61,116,101,123,119,85" hai1="23,46,32,73,76,72,34,95,94,27,53,8,7" hai2="103,126,74,36,55,90,3,70,29,35,24,45,43" hai3="104,114,5,75,89,0,44,83,69,127,47,9,22"/><U59/><E32/><V100/><F70/><W113/><G69/><T97/><D132/><U125/><E34/><V117/><F117/><W21/><G104/><T135/><D30/><U52/><E125/><V64/><F64/><W102/><G102/><T26/><D26/><U93/><E46/><V49/><F126/><W15/><G127/><T134/><D54/><U121/><E121/><N who="0" m="46665" /><D85/><U57/><E57/><V99/><F74/><W128/><G128/><T84/><D84/><U109/><E109/><V40/><F3/><W105/><G105/><T68/><D13/><U96/><E53/><V129/><F129/><W17/><G22/><T133/><AGARI ba="0,0" hai="61,67,68,92,97,101,116,119,133,134,135" m="46665" machi="133" ten="40,2700,0" yaku="20,1,13,1" doraHai="4" who="0" fromWho="0" sc="275,27,263,-13,212,-7,250,-7" /><INIT seed="2,0,0,0,1,12" ten="302,250,205,243" oya="2" hai0="1,128,9,6,52,90,17,16,77,75,86,33,55" hai1="101,130,105,30,135,7,41,3,133,20,44,98,80" hai2="106,38,113,11,72,107,31,87,47,112,39,99,85" hai3="32,45,115,22,64,84,109,27,23,118,18,125,88"/><V95/><F72/><W79/><G32/><T8/><D33/><U68/><E68/><V59/><F31/><W4/><G118/><T134/><D134/><N who="1" m="51211" /><E130/><V82/><F59/><W121/><G121/><T25/><D128/><U94/><E3/><V83/><F11/><W114/><G64/><T124/><D124/><U97/><E7/><V63/><F63/><W100/><G100/><T120/><D120/><U54/><E54/><V56/><F56/><W129/><G129/><T74/><D74/><U76/><E30/><V19/><F47/><W131/><G131/><T29/><D77/><U61/><E20/><V49/><F49/><W123/><G123/><T46/><D75/><N who="1" m="43039" /><E61/><V108/><F95/><W89/><G4/><T122/><D122/><U0/><E0/><V21/><F99/><W117/><G117/><T13/><D46/><U24/><E24/><V126/><F21/><W116/><G116/><T132/><D132/><U35/><E35/><V111/><REACH who="2" step="1"/><F19/><REACH who="2" ten="302,250,195,243" step="2"/><W69/><G23/><N who="0" m="13551" /><D29/><U110/><E44/><V60/><F60/><W73/><G45/><T103/><D9/><U65/><E98/><V26/><F26/><W28/><G28/><T104/><D8/><U40/><E94/><V50/><F50/><W2/><G73/><T58/><D58/><U91/><E97/><V62/><F62/><W70/><G27/><T53/><D6/><U5/><E5/><V66/><F66/><W119/><G119/><T57/><D57/><U36/><E65/><V71/><F71/><W48/><G69/><T127/><D16/><U15/><E15/><V42/><F42/><RYUUKYOKU ba="0,1" sc="302,-10,250,-10,195,30,243,-10" hai2="38,39,82,83,85,87,106,107,108,111,112,113,126" /><INIT seed="2,1,1,0,0,125" ten="292,240,225,233" oya="2" hai0="63,133,57,77,17,128,13,94,131,114,14,89,8" hai1="43,101,67,62,135,107,122,84,46,39,83,96,124" hai2="10,41,106,1,112,34,91,81,58,92,21,53,47" hai3="113,59,50,64,68,61,72,129,44,86,48,88,69"/><V74/><F34/><W87/><G72/><T49/><D114/><U85/><E124/><V120/><F106/><W5/><G5/><T104/><D104/><U123/><E135/><V11/><F120/><N who="1" m="46121" /><E83/><V66/><F112/><W105/><G105/><T15/><D77/><U20/><E20/><V90/><F66/><W6/><G6/><T23/><D49/><U16/><E16/><V27/><F1/><W7/><G7/><T100/><D100/><U98/><E98/><V24/><F74/><W38/><G113/><T42/><D42/><U73/><E73/><V55/><F81/><W118/><G118/><T126/><D133/><U80/><E80/><V26/><F21/><W130/><G86/><T18/><D15/><U30/><E30/><V95/><F95/><W9/><G9/><T97/><REACH who="0" step="1"/><D126/><REACH who="0" ten="282,240,225,233" step="2"/><U40/><E40/><V22/><F41/><W45/><G38/><T19/><D19/><U52/><E43/><V99/><F22/><W25/><G50/><T2/><D2/><U79/><E39/><V3/><F3/><W32/><G48/><T116/><D116/><U82/><E79/><V36/><F36/><W37/><G37/><T35/><D35/><U117/><E117/><V51/><F90/><W111/><G32/><T54/><AGARI ba="1,2" hai="8,13,14,17,18,23,54,57,63,89,94,97,128,131" machi="54" ten="30,7900,0" yaku="1,1,0,1,52,2,53,0" doraHai="125" doraHaiUra="108" who="0" fromWho="0" sc="282,102,240,-21,225,-40,233,-21" /><INIT seed="3,0,0,5,5,7" ten="384,219,185,212" oya="3" hai0="109,85,41,13,89,67,46,4,32,1,97,71,110" hai1="96,69,23,112,18,49,111,108,88,123,86,120,50" hai2="8,59,16,11,38,102,113,2,55,106,76,115,80" hai3="79,56,116,135,82,74,22,58,40,104,94,95,130"/><W117/><G104/><T31/><D1/><U72/><E72/><V20/><F38/><W34/><G34/><T57/><D71/><U77/><E69/><V92/><F106/><W128/><G40/><T125/><D97/><U60/><E60/><V64/><F64/><W52/><G56/><T17/><D4/><U91/><E77/><V51/><F2/><W48/><G135/><T101/><D101/><U107/><E112/><V90/><F102/><W134/><G134/><T83/><D125/><U19/><E107/><V10/><F80/><W133/><G133/><T54/><D31/><U21/><E86/><N who="2" m="52311" /><F76/><W87/><G22/><T126/><D67/><U14/><E14/><AGARI ba="0,0" hai="8,10,11,14,16,20,51,55,59,113,115" m="52311" machi="14" ten="30,8000,1" yaku="25,1,52,3,54,1" doraHai="7" who="2" fromWho="1" sc="384,0,219,-80,185,80,212,0" owari="384,48.4,139,-36.1,265,6.5,212,-18.8" /></mjloggm>