<mjloggm ver="2.3"><GO type="225" lobby="0"/><UN n0="%E3%83%B4%E3%83%A0%EF%BC%99%E3%81%A6" n1="%E3%82%B3%E3%83%90%E3%83%AC%E3%82%A4" n2="%E3%81%BF%E3%81%BF%E3%81%9A" n3="%E3%83%96%E3%83%83%E3%83%91%E3%82%AA%E3%83%96%E3%83%81%E3%82%AD%E3%83%B3" dan="16,16,17,16" rate="2165.51,2153.44,2189.20,2138.92" sx="M,M,M,M"/><TAIKYOKU oya="0"/><INIT seed="0,0,0,1,1,41" ten="250,250,250,250" oya="0" hai0="55,25,92,109,37,35,66,2,107,98,73,126,56" hai1="16,81,44,82,27,71,50,29,53,120,6,32,43" hai2="133,30,64,91,103,114,100,61,70,102,31,84,1" hai3="93,123,115,39,51,78,20,135,38,8,42,17,62"/><T65/><D73/><U130/><E71/><V47/><F114/><W106/><G115/><T99/><D126/><U131/><E120/><V69/><F133/><W0/><G106/><T46/><D2/><U88/><E6/><V113/><F113/><W132/><G78/><T90/><D109/><U80/><E43/><V54/><F1/><W77/><G77/><T36/><D35/><U63/><E63/><V95/><REACH who="2" step="1"/><F70/><REACH who="2" ten="250,250,240,250" step="2"/><W13/><G123/><T96/><D107/><U104/><E104/><V7/><F7/><W75/><G135/><T83/><D37/><U79/><E79/><V68/><F68/><W26/><G132/><T45/><D36/><U116/><E116/><V118/><F118/><W125/><G0/><T23/><D83/><U52/><E131/><V108/><F108/><W111/><G111/><T4/><D4/><U24/><E130/><V3/><F3/><W119/><G119/><T22/><D65/><U117/><E117/><V34/><F34/><W97/><G125/><T11/><D66/><U12/><E82/><V94/><F94/><W59/><G39/><T19/><D11/><U58/><E81/><V10/><F10/><W72/><G38/><T9/><D9/><N who="1" m="6159" /><E32/><V89/><F89/><W134/><G8/><T127/><D127/><U121/><E121/><V129/><F129/><W67/><G134/><T15/><D90/><U76/><E76/><V5/><F5/><W49/><G93/><T110/><D92/><U14/><E80/><V85/><F85/><W57/><G75/><T112/><D110/><U86/><E86/><V48/><AGARI ba="0,1" hai="30,31,47,48,54,61,64,69,84,91,95,100,102,103" machi="48" ten="30,7900,0" yaku="1,1,5,1,0,1,52,1,53,0" doraHai="41" doraHaiUra="21" who="2" fromWho="2" sc="250,-39,250,-20,240,89,250,-20" /><INIT seed="1,0,0,3,3,83" ten="211,230,329,230" oya="1" hai0="52,35,74,87,63,75,93,96,56,79,40,18,113" hai1="7,42,115,39,116,6,71,86,31,33,12,38,121" hai2="10,104,37,4,65,61,81,72,120,50,78,25,134" hai3="103,20,100,122,127,30,19,17,43,80,95,108,109"/><U106/><E116/><V66/><F120/><W9/><G122/><T5/><D113/><U76/><E115/><V118/><F118/><W94/><G127/><T97/><D35/><U3/><E3/><V68/><F134/><W130/><G130/><T117/><D117/><U45/><E71/><V107/><F50/><W14/><G43/><T62/><D5/><U111/><E106/><V57/><F57/><W70/><G30/><T125/><D125/><U92/><E121/><V11/><F11/><W128/><G70/><T49/><D74/><U29/><E33/><V8/><F8/><W101/><G128/><T34/><D34/><U89/><E39/><V22/><F66/><W110/><REACH who="3" step="1"/><G80/><REACH who="3" ten="211,230,329,220" step="2"/><N who="0" m="47519" /><D75/><U51/><E38/><V82/><F37/><W28/><G28/><N who="1" m="10826" /><E111/><V24/><F82/><W46/><G46/><N who="0" m="25799" /><D18/><U91/><E6/><V41/><F41/><W131/><G131/><T60/><D96/><N who="1" m="57359" /><E7/><V124/><F124/><W0/><G0/><T88/><AGARI ba="0,1" hai="52,56,60,62,63,88,93,97" m="25799,47519" machi="88" ten="30,7900,0" yaku="8,1,52,1,54,2" doraHai="83" who="0" fromWho="0" sc="211,89,230,-39,329,-20,220,-20" /><INIT seed="2,0,0,2,2,105" ten="300,191,309,200" oya="2" hai0="32,26,1,118,15,65,50,33,2,10,114,82,45" hai1="107,125,134,120,80,23,12,111,48,24,72,52,102" hai2="8,31,89,85,3,132,36,59,83,13,27,21,104" hai3="73,41,123,122,97,106,43,54,63,101,29,53,84"/><V66/><F36/><W40/><G29/><T110/><D114/><U124/><E120/><V115/><F115/><W88/><G73/><T39/><D39/><U78/><E134/><V25/><F132/><W133/><G133/><T95/><D65/><U58/><E111/><V22/><F104/><W30/><G30/><T7/><D110/><U64/><E12/><V42/><F3/><W75/><G75/><T119/><D95/><U47/><E102/><V129/><F42/><W128/><G128/><T90/><D90/><U76/><E107/><V51/><F129/><W69/><G69/><T19/><D82/><U68/><E78/><V126/><F126/><W60/><G60/><T44/><D44/><U67/><E68/><V55/><F66/><W93/><REACH who="3" step="1"/><G63/><REACH who="3" ten="300,191,309,190" step="2"/><T87/><D32/><U91/><E125/><V81/><F25/><W70/><G70/><T135/><D26/><U5/><E124/><V121/><F121/><AGARI ba="0,1" hai="40,41,43,53,54,84,88,93,97,101,106,121,122,123" machi="121" ten="40,2600,0" yaku="1,1,54,1,53,0" doraHai="105" doraHaiUra="20" who="3" fromWho="2" sc="300,0,191,0,309,-26,190,36" /><INIT seed="3,0,0,3,5,81" ten="300,191,283,226" oya="3" hai0="96,72,122,83,2,129,135,9,100,34,64,114,125" hai1="113,132,53,31,79,88,97,19,60,29,56,111,10" hai2="57,65,77,102,24,51,44,6,66,14,78,124,20" hai3="38,45,85,49,120,54,130,28,41,90,17,26,99"/><W76/><G120/><T5/><D122/><U8/><E113/><V52/><F124/><W92/><G130/><T126/><D129/><U58/><E132/><V35/><F35/><W1/><G1/><T47/><D135/><U110/><E79/><N who="2" m="30219" /><F102/><W27/><G17/><T50/><D83/><U74/><E74/><V36/><F36/><W117/><G117/><T0/><D72/><U82/><E110/><V73/><F73/><W7/><G7/><T33/><D64/><U84/><E111/><V104/><F104/><W121/><G121/><T22/><D22/><U118/><E118/><V98/><F98/><W12/><G12/><T68/><D68/><U87/><E97/><V75/><F75/><W21/><G27/><T116/><D0/><U69/><E69/><V39/><F39/><W67/><G67/><T37/><D37/><U70/><E70/><V80/><F80/><N who="3" m="47239" /><G38/><T48/><D114/><U11/><E19/><N who="2" m="12319" /><F57/><W63/><G63/><T119/><D119/><U115/><E115/><V94/><F94/><W61/><G61/><T123/><D123/><U101/><E101/><V4/><F4/><W128/><G128/><T134/><D116/><U32/><E32/><N who="0" m="12393" /><D134/><U131/><E131/><V95/><F95/><W112/><G112/><T30/><D125/><U106/><E106/><V55/><F55/><AGARI ba="0,0" hai="21,26,28,41,45,49,54,55,90,92,99" m="47239" machi="55" ten="30,2900,0" yaku="8,1,52,1" doraHai="81" who="3" fromWho="2" sc="300,0,191,0,283,-29,226,29" /><INIT seed="3,1,0,4,5,118" ten="300,191,254,255" oya="3" hai0="18,75,16,52,93,24,133,11,120,1,112,72,4" hai1="64,67,102,12,50,105,57,76,84,40,51,83,65" hai2="21,31,39,5,47,99,104,86,119,35,10,56,95" hai3="60,100,59,29,92,68,116,30,26,103,62,80,90"/><W25/><G116/><T63/><D120/><U32/><E32/><V131/><F119/><W20/><G68/><T106/><D106/><U94/><E105/><V127/><F35/><W42/><G80/><T19/><D133/><U70/><E70/><V43/><F127/><W134/><G42/><T73/><D112/><U132/><E132/><V34/><F34/><W123/><G134/><T22/><D63/><U2/><E2/><V58/><F131/><W135/><G135/><T53/><REACH who="0" step="1"/><D93/><REACH who="0" ten="290,191,254,255" step="2"/><U71/><E71/><V49/><F104/><W114/><G62/><T129/><D129/><U66/><N who="1" m="16384" /><DORA hai="28" /><U7/><E40/><V77/><F95/><W115/><G123/><T55/><AGARI ba="1,1" hai="1,4,11,16,18,19,22,24,52,53,55,72,73,75" machi="55" ten="40,8000,1" yaku="1,1,0,1,54,2,53,1" doraHai="118,28" doraHaiUra="54,3" who="0" fromWho="0" sc="290,93,191,-21,254,-21,255,-41" owari="383,48.3,170,-33.0,233,3.3,214,-18.6" /></mjloggm>