<mjloggm ver="2.3"><GO type="225" lobby="0"/><UN n0="%E5%91%A8%E6%9D%B1" n1="%E6%A1%9C%E8%8A%B1%E9%96%83%E3%80%85" n2="%E3%83%B4%E3%83%A0%EF%BC%99%E3%81%A6" n3="%E3%81%BF%E3%81%BF%E3%81%9A" dan="17,16,16,17" rate="2155.51,2109.91,2147.87,2175.89" sx="M,M,M,M"/><TAIKYOKU oya="0"/><INIT seed="0,0,0,4,5,69" ten="250,250,250,250" oya="0" hai0="115,3,47,127,58,48,35,109,8,112,12,86,108" hai1="36,78,96,80,64,59,129,17,114,2,0,133,100" hai2="14,16,90,57,65,132,51,107,88,119,104,5,106" hai3="63,11,89,7,71,25,92,81,74,55,93,30,28"/><T66/><D35/><U122/><E122/><V94/><F132/><W23/><G30/><T82/><D3/><U40/><E133/><V72/><F72/><W75/><G81/><T37/><D127/><U116/><E116/><V19/><F119/><W54/><G93/><T33/><D33/><U68/><E59/><V50/><F5/><W113/><G113/><T128/><D128/><U99/><E114/><V18/><F14/><W46/><G54/><T85/><D85/><U43/><E17/><V41/><F41/><W110/><G110/><N who="0" m="42603" /><D58/><U70/><E99/><V49/><F94/><W38/><G71/><T56/><D56/><U60/><E70/><V13/><F13/><W102/><G63/><AGARI ba="0,0" hai="16,18,19,49,50,51,57,63,65,88,90,104,106,107" machi="63" ten="50,8000,1" yaku="29,2,54,2" doraHai="69" who="2" fromWho="3" sc="250,0,250,0,250,80,250,-80" /><INIT seed="1,0,0,3,1,8" ten="250,250,330,170" oya="1" hai0="91,23,62,1,46,58,125,2,120,12,126,53,115" hai1="124,134,60,99,49,47,48,15,34,35,85,123,20" hai2="82,77,109,78,19,38,81,72,55,68,129,11,75" hai3="106,69,21,59,105,16,71,101,18,89,121,70,135"/><U41/><E123/><V100/><F68/><W88/><G121/><T128/><D115/><U29/><E134/><V74/><F38/><W133/><G59/><T73/><D120/><U43/><E124/><N who="0" m="47721" /><D73/><U96/><E60/><V42/><F42/><W3/><G3/><T87/><D46/><N who="1" m="25679" /><E35/><V83/><F129/><W65/><G65/><T66/><D66/><U28/><E34/><V25/><F25/><W118/><G118/><T0/><D128/><U117/><E117/><V103/><F55/><W80/><G80/><N who="2" m="30825" /><F19/><N who="3" m="7211" /><G101/><N who="2" m="38985" /><F11/><W98/><G98/><N who="1" m="37418" /><E85/><N who="2" m="48367" /><F109/><W33/><G21/><T93/><D23/><U26/><E29/><V40/><F40/><W104/><G33/><T67/><D67/><U102/><E102/><V130/><F130/><W122/><G122/><T84/><D84/><U6/><E6/><V97/><F97/><W63/><G63/><T52/><D53/><U107/><E28/><V37/><F37/><W44/><G44/><T9/><D1/><U36/><E36/><V54/><F54/><W86/><G86/><T56/><D56/><U116/><E116/><V112/><F112/><W64/><G64/><T79/><D79/><AGARI ba="0,0" hai="72,74,75,78,79" m="48367,38985,30825" machi="79" ten="40,8000,1" yaku="35,5" doraHai="8" who="2" fromWho="0" sc="250,-80,250,0,330,80,170,0" /><INIT seed="2,0,0,5,4,3" ten="170,250,410,170" oya="2" hai0="8,16,87,33,130,12,10,58,106,31,48,67,127" hai1="53,73,50,24,7,105,126,75,122,13,109,62,14" hai2="95,26,102,93,28,65,57,108,36,2,9,135,23" hai3="59,121,76,15,74,27,85,6,42,40,4,88,114"/><V22/><F36/><W90/><G121/><T104/><D127/><U110/><E126/><V96/><F135/><W115/><G27/><T38/><D38/><U0/><E105/><V89/><F108/><N who="1" m="41577" /><E122/><V71/><F71/><W21/><G74/><N who="1" m="28170" /><E62/><N who="2" m="38095" /><F2/><W41/><G59/><T133/><D133/><U45/><E24/><V100/><F9/><AGARI ba="0,0" hai="0,7,9,13,14,45,50,53" m="28170,41577" machi="9" ten="30,2000,0" yaku="14,1,52,1" doraHai="3" who="1" fromWho="2" sc="170,0,250,20,410,-20,170,0" /><INIT seed="3,0,0,1,1,4" ten="170,270,390,170" oya="3" hai0="6,16,52,129,106,27,5,30,114,23,63,60,2" hai1="67,48,61,117,21,135,127,40,120,29,84,121,10" hai2="128,18,77,86,39,112,24,100,116,78,17,11,76" hai3="28,41,88,69,9,38,89,66,113,96,36,102,87"/><W82/><G113/><T55/><D106/><U124/><E135/><V72/><F112/><W93/><G28/><T45/><D114/><U123/><E117/><V32/><F72/><W20/><G20/><N who="0" m="15719" /><D129/><U75/><E75/><V73/><F73/><W46/><G36/><T51/><D2/><U126/><E10/><V125/><F116/><W95/><G9/><T108/><D108/><U50/><E40/><V80/><F125/><W98/><REACH who="3" step="1"/><G66/><REACH who="3" ten="170,270,390,160" step="2"/><T111/><D111/><U19/><E29/><V43/><F11/><W104/><G104/><T85/><D85/><U31/><E84/><V58/><F86/><W44/><G44/><T115/><D115/><U103/><E31/><V134/><F39/><W101/><G101/><T97/><D97/><U13/><E103/><V42/><F100/><W70/><AGARI ba="0,1" hai="38,41,46,69,70,82,87,88,89,93,95,96,98,102" machi="70" ten="30,6000,0" yaku="1,1,0,1,54,1,53,0" doraHai="4" doraHaiUra="122" who="3" fromWho="3" sc="170,-20,270,-20,390,-20,160,70" /><INIT seed="3,1,0,4,5,43" ten="150,250,370,230" oya="3" hai0="52,29,125,64,15,67,120,54,1,33,100,94,7" hai1="6,71,51,88,50,85,129,82,119,135,121,104,96" hai2="68,36,38,114,18,55,133,19,39,73,109,31,110" hai3="131,28,70,72,98,20,115,46,17,5,63,57,40"/><W60/><G115/><T90/><D120/><U99/><E121/><V79/><F114/><W112/><G112/><T75/><D75/><U34/><E34/><V80/><F133/><W11/><G72/><T25/><D125/><U108/><E135/><V8/><F68/><W47/><G131/><T105/><D1/><U101/><E129/><V81/><F31/><W78/><G78/><T58/><D105/><U107/><E108/><N who="2" m="41579" /><F55/><W62/><G70/><T45/><D100/><U30/><E71/><V53/><F53/><W106/><G28/><T42/><D15/><U61/><E61/><N who="3" m="23658" /><G40/><T26/><D7/><U93/><E119/><V74/><F8/><W128/><G98/><T12/><D12/><U127/><E127/><V23/><F23/><W122/><G106/><T35/><D35/><U124/><E124/><V56/><F56/><W92/><G92/><T4/><D4/><U66/><E66/><V9/><F9/><W69/><G69/><T16/><D64/><U116/><E116/><V21/><F21/><W118/><G118/><T84/><D67/><U77/><E30/><V37/><F37/><W76/><G76/><AGARI ba="1,0" hai="18,19,36,38,39,73,74,76,79,80,81" m="41579" machi="76" ten="40,1300,0" yaku="14,1" doraHai="43" who="2" fromWho="3" sc="150,0,250,0,370,16,230,-16" owari="150,-35.0,250,5.0,386,48.6,214,-18.6" /></mjloggm>