<mjloggm ver="2.3"><GO type="225" lobby="0"/><UN n0="%E3%83%96%E3%83%83%E3%83%91%E3%82%AA%E3%83%96%E3%83%81%E3%82%AD%E3%83%B3" n1="%E6%A1%9C%E8%8A%B1%E9%96%83%E3%80%85" n2="%E9%A6%AC%E5%BC%95%E7%81%AB%33" n3="%E3%83%A9%E3%82%B9%E7%8E%87%EF%BC%93%E5%89%B2" dan="16,16,16,17" rate="2156.51,2088.83,2126.34,2226.56" sx="M,M,M,F"/><TAIKYOKU oya="0"/><INIT seed="0,0,0,4,3,54" ten="250,250,250,250" oya="0" hai0="36,17,108,39,112,109,73,96,90,46,66,92,122" hai1="113,9,119,114,81,56,44,16,61,124,125,98,45" hai2="116,100,2,85,129,95,131,12,19,132,49,51,42" hai3="102,26,97,103,24,71,40,62,87,127,21,35,33"/><T74/><D112/><N who="1" m="43115" /><E119/><V67/><F2/><W15/><G127/><N who="1" m="48714" /><E98/><N who="2" m="59487" /><F132/><W43/><G87/><T65/><D122/><U118/><E81/><V4/><F4/><W23/><G15/><T82/><D17/><U69/><E69/><V84/><F67/><N who="0" m="25610" /><D46/><N who="1" m="18027" /><E118/><V38/><F116/><W48/><G97/><T94/><D94/><U58/><E61/><V104/><F104/><W135/><G62/><T60/><D60/><U115/><E115/><V10/><F85/><W59/><G71/><T101/><D101/><U121/><E121/><V76/><F84/><W47/><G47/><T11/><D82/><U117/><E117/><V107/><F76/><W41/><G102/><T86/><D96/><U91/><E91/><V77/><F77/><W105/><G103/><T88/><D90/><U72/><E72/><N who="0" m="27753" /><D11/><U50/><E50/><V1/><F51/><W8/><G48/><T7/><D7/><U80/><E80/><V0/><F49/><W128/><G8/><T123/><D123/><U70/><E70/><V99/><F99/><W110/><G105/><T13/><D88/><U89/><E89/><V78/><F78/><W133/><G41/><T106/><D106/><U64/><E64/><V27/><F107/><W130/><G43/><T6/><D86/><U53/><E53/><V32/><F0/><W20/><G40/><T79/><D79/><U30/><E30/><N who="2" m="19551" /><F1/><W25/><G33/><T5/><D92/><U22/><E9/><V37/><F42/><W111/><G35/><T28/><D5/><U63/><E63/><V83/><F83/><W18/><G26/><AGARI ba="0,0" hai="16,22,26,56,58" m="18027,48714,43115" machi="26" ten="30,8000,1" yaku="11,1,18,1,52,2,54,1" doraHai="54" who="1" fromWho="3" sc="250,0,250,80,250,0,250,-80" /><INIT seed="1,0,0,4,0,78" ten="250,330,250,170" oya="1" hai0="20,52,24,69,45,119,57,83,75,16,50,103,19" hai1="23,10,128,88,0,130,3,13,74,80,73,121,29" hai2="82,102,70,17,100,113,51,109,56,120,85,44,79" hai3="125,129,76,27,133,6,92,55,81,111,9,114,5"/><U66/><E66/><V90/><F120/><W59/><G114/><T126/><D119/><U38/><E38/><V2/><F70/><W22/><G129/><N who="1" m="49770" /><E121/><V84/><F109/><W37/><G37/><T11/><D126/><U62/><E62/><V132/><F132/><W106/><G106/><T7/><D69/><U95/><E29/><V104/><F2/><N who="1" m="553" /><E23/><V58/><F113/><W43/><G133/><T32/><D32/><U39/><E39/><V77/><F77/><W61/><G125/><T14/><D103/><N who="2" m="39466" /><F17/><W97/><G43/><T41/><D75/><U72/><E80/><N who="2" m="49415" /><F104/><W89/><G9/><T116/><D116/><U86/><E73/><V124/><F124/><W42/><G42/><AGARI ba="0,0" hai="42,44,51,56,58,79,82,85" m="49415,39466" machi="42" ten="30,3900,0" yaku="8,1,52,2" doraHai="78" who="2" fromWho="3" sc="250,0,330,0,250,39,170,-39" /><INIT seed="2,0,0,0,2,54" ten="250,330,289,131" oya="2" hai0="51,125,86,104,32,85,39,18,106,107,71,38,67" hai1="115,100,112,105,1,73,60,44,4,6,26,81,123" hai2="87,84,58,63,128,17,20,19,61,25,15,48,14" hai3="94,10,43,12,131,124,75,65,24,70,45,21,89"/><V122/><F128/><W3/><G131/><T129/><D129/><U108/><E6/><V27/><F122/><W16/><G124/><T2/><D125/><U36/><E26/><V31/><F48/><W47/><G75/><T37/><D2/><U30/><E30/><V77/><F77/><W110/><G110/><T28/><D18/><U82/><E82/><V53/><F63/><W111/><G111/><T120/><D120/><U101/><E60/><V79/><F79/><W78/><G78/><T118/><D118/><U5/><E5/><V69/><F69/><W132/><G132/><T41/><D67/><U121/><E108/><V9/><REACH who="2" step="1"/><F27/><REACH who="2" ten="250,330,279,131" step="2"/><W83/><G70/><T119/><D71/><U80/><E123/><V46/><F46/><W33/><G47/><T97/><D119/><U116/><E44/><V135/><F135/><W49/><G65/><T134/><D134/><U23/><E116/><V62/><F62/><W98/><G24/><T113/><D51/><U59/><E121/><V11/><AGARI ba="0,1" hai="9,11,14,15,17,19,20,25,31,53,58,61,84,87" machi="11" ten="20,24000,3" yaku="1,1,0,1,7,1,9,1,8,1,52,1,53,2" doraHai="54" doraHaiUra="13" who="2" fromWho="2" sc="250,-80,330,-80,279,250,131,-80" /><INIT seed="2,1,0,5,5,102" ten="170,250,529,51" oya="2" hai0="7,29,38,19,34,72,115,113,4,70,8,132,79" hai1="25,100,86,98,60,52,68,126,63,97,119,92,33" hai2="26,1,47,18,53,2,6,90,117,112,134,84,127" hai3="95,129,105,30,131,122,109,130,64,93,133,35,77"/><V42/><F112/><N who="0" m="43082" /><D38/><U51/><E119/><V62/><F117/><W116/><G116/><T78/><D70/><U91/><E126/><V110/><F127/><W50/><G122/><T23/><D79/><U31/><E68/><V88/><F134/><W28/><G133/><T118/><D78/><U12/><E12/><V85/><F110/><W10/><G109/><T114/><D72/><U99/><REACH who="1" step="1"/><E100/><REACH who="1" ten="170,240,529,51" step="2"/><V73/><F1/><W44/><G130/><T80/><D118/><U3/><E3/><V120/><F2/><W39/><G131/><T89/><D114/><U59/><AGARI ba="1,1" hai="25,31,33,51,52,59,60,63,86,91,92,97,98,99" machi="59" ten="30,4000,0" yaku="1,1,0,1,54,1,53,0" doraHai="102" doraHaiUra="74" who="1" fromWho="1" sc="170,-11,240,53,529,-21,51,-11" /><INIT seed="3,0,0,2,2,5" ten="159,293,508,40" oya="3" hai0="75,10,38,2,59,88,99,19,65,121,104,114,111" hai1="56,130,43,51,86,17,16,0,109,8,102,63,70" hai2="131,119,93,118,98,60,21,29,13,31,124,73,77" hai3="32,24,103,39,117,108,44,41,46,105,81,110,54"/><W122/><G117/><T40/><D121/><U4/><E109/><N who="3" m="42090" /><G122/><T23/><D111/><U15/><E130/><V95/><F13/><W58/><G81/><T64/><D75/><U133/><E133/><V67/><F95/><W11/><G103/><T52/><D114/><U94/><E70/><V134/><F93/><W55/><G105/><T71/><D71/><U48/><E43/><V33/><F77/><W1/><G46/><N who="0" m="23831" /><D10/><U128/><E0/><V57/><F124/><W76/><G76/><T83/><D2/><U135/><E135/><V47/><F131/><W79/><G79/><T84/><D84/><U20/><E128/><V69/><F73/><W85/><G85/><T25/><D83/><U78/><E78/><V66/><F47/><W27/><G32/><T6/><D6/><U125/><E4/><V82/><F82/><W49/><G55/><T14/><D104/><U68/><E86/><V127/><F33/><W62/><G39/><T74/><D74/><U129/><E129/><V28/><F134/><W115/><G115/><T132/><D132/><U89/><E102/><V101/><F101/><W42/><G42/><T50/><D99/><U18/><E94/><V12/><F127/><W30/><G30/><T87/><D87/><U126/><E126/><V9/><F28/><W37/><G37/><T7/><D88/><U92/><E125/><V91/><F29/><W106/><G106/><T123/><D123/><U100/><E100/><V35/><F31/><W53/><G41/><T96/><D96/><U22/><E89/><V26/><F35/><W3/><G3/><RYUUKYOKU ba="0,0" sc="159,15,293,-15,508,-15,40,15" hai0="7,14,19,23,25,50,52,59,64,65" hai3="1,11,24,27,44,49,53,54,58,62" /><INIT seed="3,1,0,5,1,82" ten="174,278,493,55" oya="3" hai0="113,79,33,70,53,132,128,107,47,13,22,0,78" hai1="66,4,124,20,86,125,6,103,76,130,110,54,26" hai2="21,18,12,116,5,89,56,108,121,16,58,112,3" hai3="100,120,55,41,105,72,25,106,17,93,98,45,61"/><W52/><G120/><T29/><D107/><U8/><E110/><V44/><F108/><W60/><G72/><T126/><D70/><U77/><E130/><V122/><F116/><W104/><G25/><T90/><D0/><U91/><E66/><V69/><F69/><W27/><G27/><N who="0" m="16631" /><D33/><U119/><E103/><V51/><F112/><W15/><G61/><T135/><D128/><U92/><E54/><V11/><F18/><W31/><G31/><T109/><D109/><U102/><E102/><V57/><F89/><W96/><G96/><T7/><D90/><U59/><E59/><V114/><F114/><W35/><G35/><T46/><D126/><U99/><E4/><V14/><F3/><W39/><REACH who="3" step="1"/><G60/><REACH who="3" ten="174,278,493,45" step="2"/><T83/><D113/><U115/><E99/><V68/><F122/><W10/><AGARI ba="1,1" hai="10,15,17,39,41,45,52,55,93,98,100,104,105,106" machi="10" ten="30,11700,0" yaku="1,1,2,1,0,1,54,1,53,0" doraHai="82" doraHaiUra="129" who="3" fromWho="3" sc="174,-40,278,-40,493,-40,45,130" /><INIT seed="3,2,0,4,0,21" ten="134,238,453,175" oya="3" hai0="129,25,68,22,37,30,96,70,74,93,26,58,16" hai1="124,8,111,101,39,116,84,35,110,9,86,106,128" hai2="102,20,112,79,135,123,100,57,50,55,81,61,134" hai3="14,45,71,69,63,5,19,18,15,130,108,133,77"/><W89/><G130/><T91/><D129/><U115/><E115/><V4/><F112/><W131/><G131/><T60/><D74/><U29/><E128/><V17/><F4/><W13/><G77/><T85/><D37/><U99/><E39/><V49/><F49/><W6/><G45/><T76/><D85/><N who="1" m="32875" /><E124/><V122/><F50/><W11/><G133/><N who="2" m="50697" /><F81/><W75/><G75/><T118/><D76/><U72/><E8/><V73/><F73/><W7/><G89/><T107/><D107/><U23/><E99/><V80/><F80/><W33/><G11/><T120/><D120/><N who="2" m="46122" /><F79/><W1/><G1/><T64/><D118/><U113/><E72/><V34/><F34/><AGARI ba="2,0" hai="16,22,25,26,30,34,58,60,64,68,70,91,93,96" machi="34" ten="30,7700,0" yaku="7,1,52,2,54,1" doraHai="21" who="0" fromWho="2" sc="134,83,238,0,453,-83,175,0" owari="217,-18.3,238,3.8,370,47.0,175,-32.5" /></mjloggm>