<mjloggm ver="2.3"><GO type="225" lobby="0"/><UN n0="%61%74%73%75%74%6F%64%6F" n1="%43%68%65" n2="%41%6F%54" n3="%E6%98%93%E5%88%A9%E8%96%A9%E4%BC%AF" dan="16,16,16,17" rate="2085.90,2092.07,2065.24,2184.93" sx="M,M,M,F"/><TAIKYOKU oya="0"/><INIT seed="0,0,0,1,5,115" ten="250,250,250,250" oya="0" hai0="92,25,27,86,35,85,57,132,55,78,28,47,13" hai1="117,118,121,113,105,4,67,0,114,74,6,8,122" hai2="37,128,49,16,43,111,102,70,39,127,95,58,2" hai3="22,134,40,130,133,56,23,38,7,108,103,12,68"/><T69/><D69/><U125/><E105/><V53/><F2/><W34/><G68/><T93/><D132/><U14/><E74/><V41/><F111/><W99/><G34/><T33/><D47/><U77/><E125/><V36/><F127/><W106/><G130/><T61/><D13/><U42/><E42/><V124/><F124/><W9/><G108/><T5/><D5/><U72/><E67/><V97/><F128/><W82/><G82/><T107/><D107/><U21/><E77/><V109/><F109/><W63/><G40/><T81/><REACH who="0" step="1"/><D86/><REACH who="0" ten="240,250,250,250" step="2"/><U91/><E72/><V123/><F70/><W44/><G44/><T10/><D10/><N who="1" m="2311" /><E21/><V112/><F112/><N who="1" m="43113" /><E91/><V52/><F123/><AGARI ba="0,1" hai="6,8,14,117,118,121,122,123" m="43113,2311" machi="123" ten="30,8000,1" yaku="11,1,34,2,52,2" doraHai="115" who="1" fromWho="2" sc="240,0,250,90,250,-80,250,0" /><INIT seed="1,0,0,5,4,133" ten="240,340,170,250" oya="1" hai0="52,126,53,111,17,66,6,74,33,72,13,92,97" hai1="128,38,18,24,130,63,45,109,102,10,90,98,73" hai2="88,131,0,16,41,11,116,43,32,75,3,5,59" hai3="68,105,19,108,36,12,49,20,1,81,95,69,58"/><U82/><E109/><V115/><F116/><W31/><G105/><T35/><D111/><U37/><E63/><V117/><F117/><W34/><G36/><T23/><D66/><U124/><E124/><V76/><F32/><W104/><G104/><T47/><D126/><U103/><E103/><V70/><F70/><W89/><G1/><T107/><D107/><U14/><E45/><V119/><F119/><W48/><G81/><T7/><D35/><U100/><E100/><V135/><F0/><W84/><G108/><T22/><D33/><U85/><E24/><V112/><F135/><W26/><REACH who="3" step="1"/><G49/><REACH who="3" ten="240,340,170,240" step="2"/><N who="0" m="28735" /><D72/><U96/><E73/><V121/><F75/><W28/><G28/><T77/><D74/><U101/><E38/><V86/><F3/><W46/><G46/><T29/><D77/><U110/><E37/><V99/><F76/><W125/><G125/><T60/><D29/><U80/><E80/><V129/><F112/><W27/><G27/><T87/><D23/><U67/><E110/><V65/><F115/><W25/><G25/><T8/><D22/><U62/><E130/><V54/><F129/><W94/><G94/><T79/><D79/><U114/><E128/><V40/><F131/><W71/><G71/><T91/><D97/><N who="1" m="37483" /><E114/><V127/><F127/><W39/><G39/><T132/><D132/><U106/><E106/><V123/><F99/><W42/><G42/><T9/><D9/><U21/><E10/><V120/><F43/><W64/><G64/><T44/><D44/><U56/><AGARI ba="0,1" hai="14,18,21,56,62,67,82,85,90,101,102" m="37483" machi="56" ten="30,1500,0" yaku="8,1" doraHai="133" who="1" fromWho="1" sc="240,-5,340,25,170,-5,240,-5" /><INIT seed="1,1,0,2,2,20" ten="235,365,165,235" oya="1" hai0="45,7,123,37,89,13,108,21,24,62,98,44,61" hai1="82,92,116,46,74,79,122,135,88,81,127,130,6" hai2="109,77,50,110,68,106,120,16,40,91,118,102,72" hai3="103,93,8,78,113,34,56,31,12,126,5,133,100"/><U51/><E116/><V87/><F118/><W55/><G113/><T9/><D108/><U36/><E122/><V111/><F120/><W129/><G133/><T53/><D123/><U42/><E135/><V41/><F68/><W112/><G129/><T66/><D37/><U30/><E130/><V128/><F128/><W83/><G126/><T52/><D66/><U39/><E127/><V84/><F72/><W75/><G93/><N who="0" m="56623" /><D62/><U33/><E6/><V2/><F2/><W85/><G75/><T43/><D61/><U115/><E82/><V94/><F102/><W119/><G112/><T86/><D86/><U15/><E15/><V57/><F106/><W64/><G64/><T60/><D60/><U47/><E115/><V58/><F87/><W73/><G73/><T14/><D14/><U23/><E33/><V48/><F77/><W117/><G117/><T134/><D134/><U96/><REACH who="1" step="1"/><E47/><REACH who="1" ten="235,355,165,235" step="2"/><N who="0" m="17993" /><D43/><U114/><E114/><V101/><F40/><W35/><G35/><T70/><D70/><U124/><E124/><V95/><F41/><W29/><G34/><T54/><D53/><U0/><E0/><V38/><F110/><W27/><G119/><T105/><D105/><U26/><AGARI ba="1,1" hai="23,26,30,36,39,42,46,51,74,79,81,88,92,96" machi="26" ten="30,11700,0" yaku="1,1,0,1,52,1,54,1,53,0" doraHai="20" doraHaiUra="32" who="1" fromWho="1" sc="235,-40,355,130,165,-40,235,-40" /><INIT seed="1,2,0,3,3,41" ten="195,485,125,195" oya="1" hai0="32,66,118,67,44,116,132,80,36,81,26,1,74" hai1="126,51,119,60,25,130,105,122,117,46,52,121,2" hai2="15,113,90,19,6,58,114,59,78,55,111,40,37" hai3="4,22,62,91,53,17,12,88,24,68,61,123,0"/><U75/><E75/><V65/><F111/><W125/><G123/><N who="1" m="47114" /><E2/><V28/><F28/><W14/><G125/><T128/><D132/><U129/><E105/><V93/><F78/><W38/><G38/><T96/><D128/><N who="1" m="49259" /><E25/><V99/><F6/><W69/><G0/><T83/><D74/><U77/><E77/><V35/><F35/><W50/><G68/><T72/><D72/><U31/><E31/><V109/><F109/><W16/><G69/><T45/><D36/><U5/><E5/><V13/><F65/><N who="0" m="24586" /><D1/><U42/><E126/><V103/><F13/><W23/><G24/><T18/><D32/><U106/><E106/><V47/><F90/><N who="3" m="34347" /><G4/><T71/><D71/><U120/><E120/><V134/><F134/><W7/><G7/><T133/><D133/><U85/><E85/><V107/><F107/><W84/><G84/><T115/><D115/><N who="2" m="44042" /><F55/><W89/><G89/><T95/><D118/><U11/><E11/><AGARI ba="2,0" hai="11,15,19,37,40,47,58,59,93,99,103" m="44042" machi="11" ten="30,2000,0" yaku="11,1,52,1" doraHai="41" who="2" fromWho="1" sc="195,0,485,-26,125,26,195,0" /><INIT seed="2,0,0,5,3,50" ten="195,459,151,195" oya="2" hai0="21,56,121,87,134,51,82,124,96,17,126,10,123" hai1="100,83,131,20,30,61,31,80,1,62,59,99,128" hai2="81,112,89,77,12,69,26,32,113,71,24,130,37" hai3="79,38,18,58,70,110,93,91,132,67,120,29,129"/><V6/><F37/><W97/><G120/><T7/><D134/><U16/><E1/><V41/><F41/><W90/><G70/><T40/><D96/><U39/><E39/><V60/><F130/><N who="1" m="49705" /><E30/><V127/><F127/><N who="0" m="48682" /><D40/><U92/><E31/><V23/><F89/><W8/><G38/><T0/><D56/><U42/><E42/><V15/><F32/><W52/><G110/><T36/><D51/><U119/><E119/><V111/><F111/><W115/><G115/><T13/><D36/><U33/><E33/><V125/><F125/><W19/><G79/><AGARI ba="0,0" hai="0,7,10,13,17,21,79,82,87,121,123" m="48682" machi="79" ten="30,1000,0" yaku="18,1" doraHai="50" who="0" fromWho="3" sc="195,10,459,0,151,0,195,-10" /><INIT seed="3,0,0,0,3,62" ten="205,459,151,185" oya="3" hai0="85,123,29,33,20,35,80,0,130,2,27,90,118" hai1="28,69,97,79,46,86,19,63,21,92,135,58,56" hai2="61,48,5,102,83,1,59,133,65,18,106,24,111" hai3="124,36,109,88,53,73,81,14,32,93,23,57,75"/><W54/><G32/><T9/><D118/><U13/><E135/><V134/><F111/><W25/><G36/><T34/><D123/><U41/><E28/><V8/><F106/><W84/><G124/><T87/><D130/><U82/><E69/><V125/><F102/><W129/><G129/><T119/><D119/><U121/><E121/><V103/><F103/><W67/><G109/><T117/><D117/><U70/><E70/><V43/><F125/><W31/><G14/><T68/><D68/><U132/><E132/><V77/><F18/><W16/><G31/><T100/><D100/><N who="1" m="60455" /><E63/><V76/><F24/><W74/><G67/><T26/><D26/><U6/><E6/><V39/><F77/><W126/><G126/><T4/><D0/><U45/><E41/><V3/><F3/><W17/><G17/><T127/><D127/><U38/><E38/><V128/><F128/><W66/><G66/><T104/><D104/><U55/><E55/><V122/><F122/><W116/><G116/><T15/><D2/><U71/><E71/><V105/><F105/><W12/><G25/><T37/><D37/><U64/><E64/><V94/><F94/><W47/><G47/><AGARI ba="0,0" hai="13,19,21,45,46,47,56,58,79,82,86" m="60455" machi="47" ten="30,1000,0" yaku="8,1" doraHai="62" who="1" fromWho="3" sc="205,0,459,10,151,0,185,-10" owari="205,0.5,469,56.9,151,-34.9,175,-22.5" /></mjloggm>