<mjloggm ver="2.3"><GO type="225" lobby="0"/><UN n0="%E3%81%A4%E3%81%A3%E3%81%B1%E3%82%8A%E3%83%9D%E3%83%BC%E3%83%AB" n1="%E3%83%96%E3%83%83%E3%83%91%E3%82%AA%E3%83%96%E3%83%81%E3%82%AD%E3%83%B3" n2="%E7%9A%AE%E3%80%85" n3="%E5%91%A8%E6%9D%B1" dan="17,16,16,17" rate="2093.01,2204.76,2150.13,2180.82" sx="M,M,M,M"/><TAIKYOKU oya="0"/><INIT seed="0,0,0,2,4,108" ten="250,250,250,250" oya="0" hai0="95,31,69,78,22,84,134,71,120,65,20,39,47" hai1="63,101,91,37,55,104,28,117,85,110,123,72,62" hai2="17,7,43,2,92,82,103,53,35,105,56,58,109" hai3="64,119,125,88,129,59,1,94,9,114,48,27,115"/><T32/><D120/><U0/><E123/><V60/><F35/><W130/><G119/><T67/><D134/><U30/><E117/><V89/><F109/><W102/><G102/><T14/><D32/><U86/><E72/><V76/><F43/><W29/><G125/><T116/><D116/><U113/><E0/><V112/><F7/><N who="3" m="1263" /><G64/><N who="0" m="24651" /><D39/><U73/><E73/><V122/><F122/><W8/><G8/><T10/><D71/><U126/><E37/><V83/><F2/><W80/><G80/><N who="0" m="47127" /><D69/><U18/><E110/><V107/><F107/><W11/><G11/><T70/><D70/><U57/><E126/><V79/><F105/><W87/><G59/><T93/><D47/><U33/><E33/><V6/><F56/><W90/><G48/><T42/><D42/><U75/><E75/><V41/><F41/><W49/><G49/><T50/><D50/><U26/><E104/><V45/><F45/><W40/><G40/><T16/><D10/><U21/><E101/><V97/><F103/><W4/><G4/><T52/><D52/><U124/><E124/><V98/><F6/><W24/><G90/><T66/><N who="0" m="24659" /><T61/><DORA hai="81" /><D61/><U99/><E63/><V13/><F60/><W34/><G27/><AGARI ba="0,0" hai="14,16,20,22,27,31,93,95" m="47127,24659" machi="27" ten="30,5800,0" yaku="8,1,52,1,54,1" doraHai="108,81" who="0" fromWho="3" sc="250,58,250,0,250,0,250,-58" /><INIT seed="0,1,0,2,4,25" ten="308,250,250,192" oya="0" hai0="107,30,99,114,123,67,102,68,17,110,116,117,100" hai1="64,113,120,101,130,16,8,58,52,71,135,57,1" hai2="21,75,53,97,132,33,22,34,44,28,66,126,92" hai3="125,78,12,61,65,11,49,5,129,9,50,69,31"/><T19/><D114/><U82/><E120/><V6/><F75/><W115/><G115/><T104/><D123/><U109/><E113/><V32/><F132/><W4/><G125/><T128/><D128/><U108/><E135/><V37/><F126/><W47/><G129/><T84/><D84/><U54/><E130/><V134/><F134/><W46/><G78/><T63/><D110/><N who="1" m="42603" /><E101/><V112/><F112/><W24/><G47/><T131/><D131/><U55/><E82/><V7/><F66/><W13/><REACH who="3" step="1"/><G46/><REACH who="3" ten="308,250,250,182" step="2"/><T41/><D117/><U36/><E36/><V18/><F37/><W98/><G98/><T89/><D116/><U80/><E80/><V105/><F44/><W15/><G15/><T10/><D99/><U60/><E1/><V103/><F105/><W45/><G45/><T14/><D107/><U87/><E87/><V93/><F93/><W124/><G124/><T62/><D104/><U96/><E96/><V38/><F38/><W91/><G91/><T26/><D89/><U76/><E76/><V106/><F106/><W23/><AGARI ba="1,1" hai="4,5,9,11,12,13,23,24,31,49,50,61,65,69" machi="23" ten="20,8000,1" yaku="1,1,0,1,7,1,9,1,52,1,53,0" doraHai="25" doraHaiUra="83" who="3" fromWho="3" sc="308,-41,250,-21,250,-21,182,93" /><INIT seed="1,0,0,1,2,7" ten="267,229,229,275" oya="1" hai0="124,25,91,42,49,119,24,101,97,128,26,135,46" hai1="48,82,65,18,117,38,79,110,100,53,58,126,51" hai2="118,73,83,37,32,39,74,15,112,98,3,78,129" hai3="115,84,77,95,104,134,109,57,36,69,125,89,2"/><U12/><E117/><V116/><F15/><W6/><G69/><T121/><D119/><N who="2" m="45610" /><F129/><W123/><G115/><T34/><D135/><U105/><E126/><V33/><F112/><W60/><G125/><T30/><D124/><U113/><E113/><V96/><F83/><W10/><G134/><T68/><D128/><U59/><E38/><N who="2" m="14347" /><F78/><W22/><G36/><T92/><D68/><U87/><E110/><V0/><F98/><W54/><G109/><T1/><D121/><U106/><E100/><V80/><F80/><W50/><G104/><T122/><D122/><U4/><E4/><V27/><F27/><W72/><G123/><T61/><D61/><U14/><E14/><V16/><F16/><W88/><G72/><N who="2" m="27753" /><F96/><W76/><G22/><T120/><D120/><U132/><E132/><V19/><F19/><W29/><G29/><T31/><D31/><U45/><E59/><V94/><F94/><W40/><REACH who="3" step="1"/><G89/><REACH who="3" ten="267,229,229,265" step="2"/><T62/><D91/><U67/><E106/><V20/><F20/><W21/><G21/><T35/><D30/><U71/><E105/><V43/><F43/><W17/><G17/><T114/><D114/><U63/><E71/><V5/><F5/><W11/><G11/><T85/><D42/><U64/><REACH who="1" step="1"/><E48/><REACH who="1" ten="267,219,229,265" step="2"/><V103/><F103/><W52/><G52/><T8/><D49/><U44/><E44/><AGARI ba="0,2" hai="2,6,10,40,44,50,54,57,60,76,77,84,88,95" machi="44" ten="40,5200,0" yaku="1,1,52,1,54,1,53,0" doraHai="7" doraHaiUra="28" who="3" fromWho="1" sc="267,0,219,-52,229,0,265,72" /><INIT seed="2,0,0,0,2,21" ten="267,167,229,337" oya="2" hai0="103,126,45,46,133,47,42,117,31,83,41,27,14" hai1="88,53,44,18,97,131,6,11,96,90,70,2,100" hai2="124,66,105,3,134,16,118,10,87,99,115,36,32" hai3="121,40,91,108,8,25,75,62,79,113,123,116,33"/><V15/><F115/><W112/><G40/><T12/><D133/><U51/><E131/><V82/><F118/><W60/><G116/><T85/><D117/><U54/><E70/><V52/><F134/><W22/><G33/><T119/><D119/><U49/><E18/><V67/><F32/><W81/><G108/><T110/><D110/><U17/><E17/><V65/><F124/><W20/><G20/><N who="0" m="15847" /><D103/><U74/><E74/><V80/><F36/><W104/><G104/><T7/><D126/><U128/><E128/><V122/><F3/><W127/><G8/><N who="0" m="4127" /><D14/><U55/><E97/><V130/><F130/><W95/><G127/><T77/><AGARI ba="0,0" hai="41,42,45,46,47,77,83,85" m="4127,15847" machi="77" ten="30,2000,0" yaku="8,1,52,1" doraHai="21" who="0" fromWho="0" sc="267,20,167,-5,229,-10,337,-5" /><INIT seed="3,0,0,0,3,19" ten="287,162,219,332" oya="3" hai0="59,39,30,81,124,60,34,50,125,28,40,8,44" hai1="133,89,66,24,51,121,115,122,98,20,48,93,90" hai2="70,71,23,13,131,3,118,46,12,94,88,10,85" hai3="97,57,104,132,117,63,100,76,108,15,61,116,65"/><W128/><G128/><T105/><D105/><U27/><E115/><V7/><F118/><W58/><G132/><T123/><D34/><U103/><E133/><V74/><F74/><W56/><G108/><T38/><D8/><U37/><E37/><N who="0" m="13833" /><D81/><U106/><E122/><V62/><F131/><W110/><G110/><T109/><D30/><U42/><E121/><V52/><F3/><W16/><G76/><T4/><D28/><U5/><E5/><V68/><F46/><W0/><G0/><T33/><D33/><U111/><E111/><V83/><F83/><W107/><G107/><T9/><D9/><U14/><E66/><V127/><F127/><N who="0" m="48714" /><D4/><U49/><E42/><V102/><F102/><W17/><G17/><T29/><D29/><U69/><E69/><V113/><F113/><W126/><G126/><T6/><D6/><U54/><E54/><V91/><F91/><W114/><G114/><T31/><D31/><U120/><E120/><V45/><F45/><W43/><G116/><T129/><D109/><U77/><E77/><V80/><F80/><W82/><G104/><T73/><D73/><U72/><E72/><V25/><F12/><W55/><G15/><T67/><D123/><U36/><E36/><V92/><F92/><W26/><G82/><T53/><D129/><U119/><E119/><V47/><F94/><W99/><G100/><T95/><D95/><U130/><E130/><V64/><F7/><W1/><G1/><T41/><AGARI ba="0,0" hai="40,41,44,50,53,59,60,67" m="48714,13833" machi="41" ten="40,5200,0" yaku="18,1,34,2" doraHai="19" who="0" fromWho="0" sc="287,52,162,-13,219,-13,332,-26" owari="339,43.9,149,-35.1,206,-19.4,306,10.6" /></mjloggm>