<mjloggm ver="2.3"><GO type="225" lobby="0"/><UN n0="%70%6F%69%73%6F%6E%30%32" n1="%6D%61%74%69%67%75%73%61" n2="%E3%82%8F%E3%81%8B%E3%81%B0%2A%E3%82%AC%E3%83%BC%E3%83%AB" n3="%E3%81%AF%E3%82%88%E3%81%8A%E3%81%98%E3%81%95%E3%82%93" dan="16,17,16,17" rate="2060.11,2089.47,2079.42,2219.88" sx="M,M,M,M"/><TAIKYOKU oya="0"/><INIT seed="0,0,0,1,4,33" ten="250,250,250,250" oya="0" hai0="64,125,118,6,27,0,15,72,77,2,75,102,122" hai1="132,51,42,81,23,120,88,56,19,126,46,44,119" hai2="62,63,135,22,43,79,54,66,13,32,82,129,110" hai3="112,11,45,130,24,96,17,65,16,117,101,124,50"/><T69/><D122/><U34/><E34/><V18/><F110/><W48/><G112/><T114/><D114/><U10/><E119/><V30/><F129/><W3/><G117/><T83/><D118/><U47/><E120/><V36/><F135/><W4/><G130/><T14/><D75/><U7/><E126/><V87/><F36/><W123/><G123/><T106/><D15/><U111/><E111/><V99/><F43/><W94/><G124/><T73/><D73/><U103/><E103/><V107/><F54/><W1/><G65/><T84/><D125/><U91/><E56/><V38/><F38/><W98/><G1/><T35/><D84/><U97/><E97/><V21/><F32/><W26/><G48/><T71/><D14/><N who="1" m="5471" /><E81/><V121/><F121/><W78/><G78/><T93/><D6/><U61/><E61/><V39/><F39/><W134/><G134/><T9/><D9/><U92/><E92/><V95/><F107/><W53/><REACH who="3" step="1"/><G96/><REACH who="3" ten="250,250,250,240" step="2"/><N who="0" m="61767" /><D71/><U12/><E132/><V80/><F66/><W108/><G108/><T70/><D70/><U105/><E51/><V40/><F62/><W131/><G131/><T85/><D69/><U68/><E68/><V28/><F63/><W59/><G59/><T25/><D64/><U86/><E44/><V100/><F79/><W90/><G90/><N who="0" m="53455" /><D35/><U67/><E91/><V115/><F115/><W20/><G20/><T58/><D58/><U37/><E67/><V109/><F22/><W49/><G49/><T29/><D29/><N who="2" m="11370" /><F109/><W41/><G41/><T89/><D89/><U104/><E46/><V128/><F128/><RYUUKYOKU ba="0,1" sc="250,10,250,10,250,-30,240,10" hai0="0,2,25,27,72,77,83" hai1="12,19,23,37,42,47,86,88,104,105" hai3="3,4,11,16,17,24,26,45,50,53,94,98,101" /><INIT seed="0,1,1,5,1,27" ten="260,260,220,250" oya="0" hai0="6,59,101,79,126,30,57,82,4,7,92,86,42" hai1="73,29,98,26,90,91,129,12,24,124,74,36,47" hai2="77,17,0,5,122,2,132,52,134,15,49,41,94" hai3="81,14,130,84,45,60,119,16,19,43,8,51,125"/><T23/><D126/><U113/><E12/><V70/><F70/><W112/><G112/><T64/><D42/><U31/><E98/><V67/><F67/><W53/><G119/><T18/><D64/><U56/><E47/><V20/><F122/><W33/><G130/><T38/><D38/><U131/><E36/><V105/><F105/><W120/><G33/><T78/><D78/><U95/><E95/><V61/><F77/><N who="3" m="46127" /><G120/><T22/><D22/><U117/><E56/><N who="2" m="34951" /><F5/><N who="3" m="3343" /><G125/><T135/><D135/><N who="2" m="51754" /><F94/><W13/><G13/><N who="0" m="9679" /><D30/><U99/><E124/><V128/><F128/><W100/><G100/><T111/><D111/><U83/><E113/><V123/><F123/><W72/><G72/><T9/><D9/><U121/><E121/><V75/><F75/><W69/><G69/><T10/><D10/><U28/><E73/><V68/><F68/><W32/><G32/><T35/><D35/><U118/><E74/><V62/><F62/><W48/><G60/><T107/><D107/><U108/><E108/><V50/><F41/><W54/><G54/><T115/><D115/><U37/><E131/><V11/><F11/><W133/><G133/><T55/><D55/><U87/><E129/><V21/><F21/><W104/><G104/><T3/><D3/><AGARI ba="1,1" hai="0,2,3,15,17,20,49,50" m="51754,34951" machi="3" ten="30,2000,0" yaku="20,1,54,1" doraHai="27" who="2" fromWho="0" sc="260,-23,260,0,220,33,250,0" /><INIT seed="1,0,0,1,1,6" ten="237,260,253,250" oya="1" hai0="16,54,21,73,126,29,133,31,76,94,2,65,75" hai1="12,60,79,78,77,100,115,110,131,50,104,91,121" hai2="59,128,107,122,118,57,83,4,108,98,112,95,111" hai3="129,124,7,92,56,27,15,66,10,86,52,35,19"/><U125/><E115/><V37/><F118/><W38/><G38/><T22/><D2/><U114/><E121/><V8/><F122/><W40/><G124/><T87/><D126/><U28/><E125/><V85/><F37/><W105/><G105/><T46/><D65/><U132/><E131/><V49/><F107/><W3/><G129/><T113/><D133/><U41/><E114/><V53/><F128/><W64/><G40/><T117/><D117/><U109/><E28/><V30/><F30/><W119/><G119/><T43/><D54/><U97/><E91/><V36/><F36/><W34/><G34/><T99/><D75/><U44/><E132/><V82/><F59/><W116/><G116/><T58/><D58/><U18/><REACH who="1" step="1"/><E60/><REACH who="1" ten="237,250,253,250" step="2"/><V13/><F112/><W130/><G130/><T81/><D113/><U20/><AGARI ba="0,1" hai="12,18,20,41,44,50,77,78,79,97,100,104,109,110" machi="20" ten="30,6000,0" yaku="1,1,2,1,0,1,53,0" doraHai="6" doraHaiUra="70" who="1" fromWho="1" sc="237,-20,250,70,253,-20,250,-20" /><INIT seed="1,1,0,1,4,42" ten="217,320,233,230" oya="1" hai0="121,6,45,109,20,75,46,63,94,64,0,1,15" hai1="35,131,90,4,125,120,92,68,56,134,119,17,29" hai2="110,14,37,114,80,76,22,98,33,43,50,112,2" hai3="11,53,34,55,132,61,73,40,83,27,60,127,28"/><U30/><E68/><V99/><F33/><W133/><G127/><T89/><D75/><U48/><E119/><V3/><F37/><W116/><G116/><T123/><D109/><U96/><E120/><N who="0" m="46153" /><D20/><U26/><E131/><V5/><F110/><W85/><G73/><T74/><D74/><U52/><E134/><N who="3" m="51818" /><G11/><N who="0" m="4599" /><D1/><U122/><E125/><V32/><F32/><W25/><G25/><T106/><D106/><U128/><E128/><V102/><F22/><W77/><G40/><T71/><D0/><U105/><E122/><V91/><F2/><W41/><G41/><T129/><D129/><U44/><E4/><V62/><F5/><W72/><G72/><T93/><D93/><U12/><E105/><V97/><F3/><W10/><G10/><T88/><D89/><U13/><E30/><V87/><F91/><W107/><G107/><T100/><D100/><U57/><E12/><V16/><F102/><W113/><G113/><T65/><D64/><U118/><E118/><V115/><F14/><W39/><G39/><T58/><D71/><U111/><E111/><V47/><F16/><W130/><G130/><T66/><D66/><U81/><E81/><V8/><F8/><AGARI ba="1,0" hai="8,13,17,26,29,35,44,48,52,56,57,90,92,96" machi="8" ten="30,5800,0" yaku="7,1,52,1,54,1" doraHai="42" who="1" fromWho="2" sc="217,0,320,61,233,-61,230,0" /><INIT seed="1,2,0,2,2,118" ten="217,381,172,230" oya="1" hai0="91,47,78,42,130,39,0,4,3,60,56,128,19" hai1="28,104,37,102,70,116,113,27,119,24,10,45,8" hai2="66,1,55,84,38,33,76,36,95,105,52,117,63" hai3="50,92,83,121,30,17,97,127,81,65,57,32,82"/><U18/><E70/><V12/><F105/><W53/><G121/><T16/><D78/><U23/><E102/><V2/><F1/><W5/><G127/><T109/><D91/><U135/><E45/><V20/><F2/><W87/><G5/><T25/><D109/><U29/><E37/><V41/><F33/><W114/><G114/><T6/><D3/><U64/><E64/><V7/><F117/><W73/><G73/><T67/><D0/><U124/><E104/><V98/><F41/><W74/><G74/><T80/><D80/><U89/><E89/><V71/><F36/><W115/><G115/><T58/><D58/><U85/><E85/><V77/><F38/><W112/><G112/><T11/><D11/><U62/><E62/><V26/><F12/><W90/><G65/><T106/><D106/><U21/><E113/><V22/><F7/><N who="0" m="2602" /><D25/><U101/><E101/><V46/><F46/><W79/><G30/><T131/><AGARI ba="2,0" hai="16,19,39,42,47,56,60,67,128,130,131" m="2602" machi="131" ten="40,2700,0" yaku="19,1,54,1" doraHai="118" who="0" fromWho="0" sc="217,33,381,-15,172,-9,230,-9" /><INIT seed="2,0,0,4,1,95" ten="250,366,163,221" oya="2" hai0="49,131,63,80,3,22,60,106,104,96,42,52,72" hai1="12,124,20,69,118,14,97,125,51,58,77,23,66" hai2="21,31,8,110,39,134,53,109,115,75,103,34,37" hai3="81,90,25,78,64,2,111,98,85,108,121,44,132"/><V40/><F115/><W7/><G121/><T55/><D3/><U6/><E69/><V27/><F134/><W57/><G132/><T54/><D131/><U68/><E68/><V113/><F113/><W11/><G44/><T117/><D117/><U83/><E118/><V135/><F135/><W91/><G25/><T33/><D33/><U126/><E97/><V61/><F75/><W79/><G91/><T102/><D106/><U71/><E71/><V1/><F103/><W32/><G32/><T99/><D99/><U38/><E38/><V24/><F61/><N who="3" m="37935" /><G98/><T105/><D105/><U18/><E18/><V76/><F76/><W107/><G107/><T10/><D10/><U114/><E77/><V133/><F133/><W62/><G62/><T65/><D22/><U28/><E20/><V26/><F53/><W15/><G15/><T36/><D36/><N who="2" m="13898" /><F40/><W56/><G56/><T17/><D42/><U88/><E114/><V70/><F70/><W129/><G129/><T101/><D101/><U9/><E58/><V93/><F93/><W4/><G4/><T122/><D122/><U59/><E59/><V5/><F34/><W43/><G43/><T30/><D63/><U47/><E6/><V94/><F94/><W67/><G67/><T82/><D72/><U127/><E66/><V48/><F48/><W73/><G79/><T130/><D49/><U128/><E127/><V35/><F35/><W46/><G46/><T87/><D130/><U86/><E128/><V89/><F89/><W29/><G29/><T45/><D60/><U92/><E126/><V100/><F100/><RYUUKYOKU ba="0,0" sc="250,-15,366,-15,163,15,221,15" hai2="1,5,8,21,24,26,27,31,109,110" hai3="2,7,11,73,78,81,85,90,108,111" /><INIT seed="2,1,0,4,5,90" ten="235,351,178,236" oya="2" hai0="111,42,34,133,26,25,68,27,4,67,130,16,40" hai1="6,33,60,10,71,41,82,44,83,92,1,55,38" hai2="124,108,30,64,113,50,76,131,101,62,125,105,17" hai3="121,59,45,112,86,114,49,46,127,70,99,135,39"/><V29/><F113/><N who="3" m="43627" /><G70/><T51/><D111/><U95/><E33/><V97/><F108/><W7/><G121/><T119/><D133/><U65/><E55/><V3/><F3/><W66/><G135/><T89/><D130/><U52/><E52/><V43/><F131/><W54/><G127/><N who="2" m="48713" /><F76/><W8/><G86/><T36/><D36/><U37/><E38/><V72/><F72/><W115/><N who="3" m="43635" /><W32/><DORA hai="118" /><G32/><T87/><D67/><U73/><E82/><V23/><F50/><W123/><G123/><T48/><D68/><U129/><E129/><V134/><F43/><N who="0" m="16426" /><D4/><U106/><E106/><V122/><F134/><W93/><G66/><T5/><D5/><U80/><E80/><V91/><F122/><W69/><G69/><T2/><D2/><U109/><E109/><V84/><F62/><W11/><G39/><T57/><D34/><U20/><E20/><V56/><F56/><W128/><G128/><T85/><D119/><U21/><E21/><V13/><F64/><W126/><G126/><T75/><D75/><U81/><E81/><AGARI ba="1,0" hai="13,17,23,29,30,81,84,91,97,101,105" m="48713" machi="81" ten="30,1500,0" yaku="18,1" doraHai="90,118" who="2" fromWho="1" sc="235,0,351,-18,178,18,236,0" /><INIT seed="2,2,0,3,4,95" ten="235,333,196,236" oya="2" hai0="19,2,102,51,17,11,75,32,54,131,114,132,134" hai1="21,104,3,128,92,120,48,22,49,33,87,99,58" hai2="105,37,135,129,81,26,66,79,6,55,126,100,80" hai3="67,91,98,61,43,23,124,5,44,125,85,117,16"/><V41/><F126/><N who="3" m="48747" /><G117/><T115/><D75/><U39/><E39/><V13/><F129/><W29/><G5/><N who="0" m="1463" /><D32/><U4/><E33/><V24/><F135/><N who="0" m="51754" /><D102/><U40/><E120/><V18/><F66/><W94/><G29/><T77/><D77/><U112/><E112/><N who="0" m="43049" /><D131/><U31/><E3/><V88/><F6/><W90/><G44/><AGARI ba="2,0" hai="17,19,44,51,54" m="43049,51754,1463" machi="44" ten="30,1000,0" yaku="20,1" doraHai="95" who="0" fromWho="3" sc="235,16,333,0,196,0,236,-16" /><INIT seed="3,0,0,3,4,36" ten="251,333,196,220" oya="3" hai0="45,15,50,21,48,9,108,122,7,114,34,106,73" hai1="116,91,118,123,41,134,16,94,61,95,131,19,111" hai2="105,56,40,17,107,71,97,81,68,24,43,77,88" hai3="51,117,82,53,38,1,85,60,22,128,104,12,103"/><W14/><G1/><T27/><D108/><U80/><E123/><V100/><F107/><W102/><G38/><T33/><D122/><U132/><E41/><V119/><F119/><W99/><G117/><T79/><D106/><U93/><E131/><V18/><F56/><W135/><G128/><T32/><D114/><U101/><E101/><V5/><F5/><W37/><G37/><T113/><D79/><U39/><E39/><V127/><F127/><W3/><G3/><T89/><D73/><U49/><E49/><V59/><F59/><W26/><G135/><T46/><D89/><U125/><E61/><V4/><F4/><W2/><G103/><T35/><D35/><U66/><E91/><V98/><F24/><W25/><G2/><T8/><D8/><U64/><E125/><V87/><F98/><W6/><G60/><T0/><D0/><U31/><E111/><V62/><F77/><N who="3" m="46287" /><G6/><T74/><D74/><U96/><E118/><V47/><F62/><W83/><G83/><T44/><REACH who="0" step="1"/><D113/><REACH who="0" ten="241,333,196,220" step="2"/><U86/><E116/><V110/><F110/><W65/><G22/><T67/><D67/><U76/><E66/><V75/><F75/><W30/><G65/><T90/><D90/><U57/><E64/><V84/><F84/><W63/><G104/><T28/><AGARI ba="0,1" hai="7,9,15,21,27,28,32,33,34,44,45,46,48,50" machi="28" ten="40,2700,0" yaku="1,1,0,1,53,0" doraHai="36" doraHaiUra="121" who="0" fromWho="0" sc="241,37,333,-7,196,-7,220,-13" owari="278,7.8,326,42.6,189,-31.1,207,-19.3" /></mjloggm>