<mjloggm ver="2.3"><GO type="225" lobby="0"/><UN n0="%E7%99%BD%E5%80%89%E5%AF%9B%E4%B9%8B" n1="%E3%83%81%E3%83%A7%E3%83%99%E3%83%83%E3%82%AF" n2="%E3%82%A4%E3%83%BC%E3%82%B1%E3%83%97%E3%83%A9" n3="%E3%83%A9%E3%82%B9%E7%8E%87%EF%BC%93%E5%89%B2" dan="16,16,17,17" rate="2131.27,2114.54,2211.81,2208.25" sx="M,M,M,F"/><TAIKYOKU oya="0"/><INIT seed="0,0,0,4,5,111" ten="250,250,250,250" oya="0" hai0="26,59,119,95,5,53,18,106,124,75,9,67,29" hai1="82,50,105,130,62,30,112,84,126,87,28,88,68" hai2="114,63,25,108,121,70,33,3,101,22,115,45,122" hai3="64,43,103,54,76,94,69,60,7,6,109,10,13"/><T2/><D106/><U42/><E105/><V132/><F101/><W97/><G109/><T118/><D75/><U35/><E35/><V96/><F108/><W125/><G125/><T79/><D124/><U47/><E130/><V57/><F70/><W51/><G76/><T52/><D79/><U91/><E126/><V1/><F96/><W20/><G20/><T100/><D18/><U83/><REACH who="1" step="1"/><E112/><REACH who="1" ten="250,240,250,250" step="2"/><V44/><F33/><W37/><G37/><T49/><D67/><AGARI ba="0,1" hai="28,30,42,47,50,62,67,68,82,83,84,87,88,91" machi="67" ten="40,12000,2" yaku="1,1,2,1,9,1,54,1,53,2" doraHai="111" doraHaiUra="24" who="1" fromWho="0" sc="250,-120,240,130,250,0,250,0" /><INIT seed="1,0,0,0,0,7" ten="130,370,250,250" oya="1" hai0="125,0,15,3,56,23,66,61,89,119,35,100,19" hai1="55,87,127,11,57,90,34,70,68,120,129,2,43" hai2="92,69,39,117,5,67,33,40,84,16,80,78,121" hai3="22,115,122,58,131,13,107,110,38,21,81,12,88"/><U95/><E34/><V79/><F117/><W65/><G38/><T45/><D119/><U10/><E2/><V103/><F121/><W42/><G107/><T4/><D35/><U51/><E120/><V59/><F69/><W108/><G115/><T63/><D125/><U82/><E127/><V62/><F33/><W30/><G131/><T1/><D100/><U64/><E68/><V105/><F105/><W29/><G42/><T9/><D45/><N who="1" m="26047" /><E64/><V27/><F5/><W41/><G41/><T44/><D44/><U24/><E24/><V53/><F40/><W135/><G58/><T14/><D89/><N who="1" m="51447" /><E70/><V52/><F79/><W83/><G65/><T47/><D47/><U85/><E129/><V106/><F106/><W36/><G36/><T50/><D50/><AGARI ba="0,0" hai="10,11,50,55,57,85,90,95" m="51447,26047" machi="50" ten="30,5800,0" yaku="8,1,52,2" doraHai="7" who="1" fromWho="0" sc="130,-58,370,58,250,0,250,0" /><INIT seed="1,1,0,5,1,92" ten="72,428,250,250" oya="1" hai0="135,97,83,73,14,51,120,122,7,94,19,20,116" hai1="39,78,57,29,56,110,102,53,96,9,76,3,69" hai2="124,82,45,133,17,10,49,67,42,54,119,117,72" hai3="95,59,62,55,112,2,127,109,71,113,132,74,105"/><U43/><E69/><V100/><F133/><W28/><G105/><T85/><D116/><U21/><E39/><V126/><F67/><W111/><G74/><T66/><D135/><U18/><E43/><V36/><F100/><W12/><G2/><T125/><D73/><U47/><E29/><V6/><F17/><W88/><G132/><T106/><D106/><U60/><E47/><V11/><F11/><W22/><G127/><N who="2" m="48681" /><F82/><W4/><G71/><T115/><D125/><U13/><E110/><N who="3" m="41994" /><G28/><T58/><D115/><U30/><E56/><N who="2" m="32847" /><F72/><W32/><G32/><T98/><D7/><U87/><E3/><AGARI ba="1,0" hai="3,6,10,36,42,45,117,119" m="32847,48681" machi="3" ten="30,1000,0" yaku="18,1" doraHai="92" who="2" fromWho="1" sc="72,0,428,-13,250,13,250,0" /><INIT seed="2,0,0,0,3,129" ten="72,415,263,250" oya="2" hai0="64,32,9,4,115,101,53,30,113,77,89,54,49" hai1="11,112,130,124,93,1,20,87,55,120,24,62,108" hai2="66,68,85,91,40,105,134,123,59,3,25,106,19" hai3="26,58,99,126,117,15,52,27,10,100,95,121,16"/><V44/><F123/><W12/><G117/><T133/><D101/><U86/><E108/><V56/><F3/><W2/><G126/><T8/><D77/><U39/><E39/><V128/><F128/><W96/><G2/><T36/><D64/><U13/><E1/><V79/><F79/><W78/><G121/><T51/><D36/><U98/><E112/><V18/><F68/><W37/><G37/><T48/><D89/><U38/><E38/><V47/><F47/><W35/><G35/><T116/><D32/><U0/><E0/><V31/><F44/><W60/><G78/><T76/><D76/><U29/><E124/><V5/><F40/><W109/><G109/><T114/><D30/><U70/><E70/><V110/><F5/><W81/><G81/><T28/><D28/><U83/><E83/><V118/><F118/><W6/><G99/><T131/><D116/><U41/><E41/><V65/><F110/><W119/><G119/><T125/><D125/><U42/><E42/><V71/><F71/><W94/><G94/><T23/><D131/><U45/><E120/><V72/><F72/><W21/><AGARI ba="0,0" hai="6,10,12,15,16,21,26,27,52,58,60,95,96,100" machi="21" ten="20,8000,1" yaku="0,1,7,1,8,1,54,2" doraHai="129" who="3" fromWho="3" sc="72,-20,415,-20,263,-40,250,80" /><INIT seed="3,0,0,2,3,113" ten="52,395,223,330" oya="3" hai0="135,110,65,67,100,92,79,47,39,134,38,88,133" hai1="15,114,28,121,74,18,64,93,16,36,122,75,90" hai2="7,68,78,2,12,6,43,123,53,52,45,86,91" hai3="44,56,0,19,119,3,55,126,31,59,69,120,17"/><W48/><G119/><T42/><D110/><U105/><E105/><V125/><F2/><W94/><G120/><T112/><D112/><U115/><E36/><V85/><F68/><W9/><G126/><T51/><D100/><U13/><E90/><V58/><F125/><W82/><G69/><T62/><D79/><U34/><E93/><V104/><F104/><W24/><G94/><T61/><D92/><U40/><E28/><V37/><F123/><W131/><G131/><T87/><D87/><U109/><E40/><V81/><F12/><W50/><G82/><T73/><D88/><U80/><E34/><V77/><F53/><W130/><G130/><T29/><D29/><U116/><E116/><V108/><F108/><W107/><G107/><T30/><D30/><U8/><E109/><V101/><F101/><W20/><G59/><T99/><D99/><U106/><E106/><V71/><F71/><W60/><G50/><T57/><REACH who="0" step="1"/><D73/><REACH who="0" ten="42,395,223,330" step="2"/><U72/><E72/><V111/><F111/><W54/><REACH who="3" step="1"/><G31/><REACH who="3" ten="42,395,223,320" step="2"/><T84/><D84/><U103/><E115/><V118/><F86/><W117/><G117/><T10/><D10/><U63/><E8/><V21/><F118/><W1/><G1/><T132/><N who="0" m="33792" /><DORA hai="76" /><T4/><D4/><U26/><E114/><V83/><F6/><W89/><G89/><T25/><D25/><U129/><E26/><V97/><F7/><W23/><G23/><T32/><D32/><U66/><E122/><V14/><F21/><W124/><G124/><T22/><D22/><U95/><E121/><V46/><F14/><AGARI ba="0,2" hai="0,3,9,14,17,19,20,24,44,48,54,55,56,60" machi="14" ten="40,7700,0" yaku="1,1,53,2" doraHai="113,76" doraHaiUra="96,49" who="3" fromWho="2" sc="42,0,395,0,223,-77,320,97" owari="42,-45.8,395,19.5,146,-25.4,417,51.7" /></mjloggm>