<mjloggm ver="2.3"><GO type="225" lobby="0"/><UN n0="%E3%81%A4%E3%81%A3%E3%81%B1%E3%82%8A%E3%83%9D%E3%83%BC%E3%83%AB" n1="%E3%82%B3%E3%83%90%E3%83%AC%E3%82%A4" n2="%E5%82%8D%E8%8B%A5%E7%84%A1%E4%BA%BA%35%31" n3="%EF%BC%AE%EF%BC%A1%EF%BC%AF%33%33%39" dan="17,16,16,16" rate="2142.93,2159.50,2186.05,2235.13" sx="M,M,M,M"/><TAIKYOKU oya="0"/><INIT seed="0,0,0,1,2,57" ten="250,250,250,250" oya="0" hai0="77,87,67,109,134,34,26,130,43,127,11,9,131" hai1="86,71,97,114,41,72,60,124,6,121,95,79,85" hai2="32,30,93,101,13,29,132,120,22,73,92,53,31" hai3="112,110,51,46,52,38,128,122,80,65,69,118,63"/><T68/><D134/><U15/><E121/><V100/><F120/><W40/><G122/><T115/><D115/><U102/><E114/><V126/><F73/><W113/><G80/><N who="0" m="47503" /><D43/><U119/><E119/><V45/><F32/><W8/><G118/><T4/><D127/><U47/><E72/><V105/><F105/><W39/><G8/><T106/><D106/><U108/><E124/><V75/><F75/><W135/><G135/><T107/><D107/><U133/><E133/><V14/><F126/><W2/><G2/><T78/><D78/><U55/><E79/><V12/><F22/><W19/><G19/><T48/><D48/><U89/><E86/><V125/><F125/><W20/><G20/><T61/><D4/><U37/><E6/><V74/><F74/><W18/><G18/><T81/><D81/><U70/><E15/><V0/><F0/><W49/><G128/><N who="0" m="49195" /><D109/><U33/><E108/><V98/><F132/><W1/><G1/><T16/><D16/><U35/><E33/><V90/><F93/><W88/><G110/><T10/><D9/><U59/><E35/><V82/><F82/><AGARI ba="0,0" hai="37,41,47,55,59,60,70,71,82,85,89,95,97,102" machi="82" ten="30,2000,0" yaku="7,1,52,1" doraHai="57" who="1" fromWho="2" sc="250,0,250,20,250,-20,250,0" /><INIT seed="1,0,0,0,2,57" ten="250,270,230,250" oya="1" hai0="100,30,76,22,114,132,94,95,46,93,43,71,134" hai1="18,41,45,50,31,79,32,121,33,38,0,119,124" hai2="14,107,26,85,63,86,9,118,92,84,42,28,4" hai3="73,96,75,54,25,59,52,23,127,87,83,21,58"/><U125/><E119/><V126/><F107/><W129/><G129/><T117/><D117/><U69/><E0/><V60/><F126/><N who="1" m="48745" /><E121/><V82/><F118/><W29/><G127/><T64/><D114/><U37/><E69/><V13/><F42/><W90/><G96/><T81/><D100/><U5/><E5/><V116/><F116/><W66/><G66/><T68/><D22/><U55/><E79/><V99/><F14/><W102/><G102/><T111/><D30/><U39/><E31/><V103/><REACH who="2" step="1"/><F82/><REACH who="2" ten="250,270,220,250" step="2"/><W3/><G3/><T101/><D111/><U20/><E41/><V130/><F130/><W98/><G98/><T12/><D12/><AGARI ba="0,1" hai="12,18,20,32,33,37,38,39,45,50,55" m="48745" machi="12" ten="40,2000,0" yaku="18,1" doraHai="57" who="1" fromWho="0" sc="250,-20,270,30,220,0,250,0" /><INIT seed="1,1,0,2,3,62" ten="230,300,220,250" oya="1" hai0="101,89,11,69,23,90,49,24,78,85,50,131,46" hai1="133,94,31,59,38,111,45,84,87,117,102,88,1" hai2="42,110,9,3,93,130,74,14,64,81,116,41,91" hai3="54,72,97,92,109,0,104,70,67,40,80,76,100"/><U95/><E1/><V56/><F110/><W134/><G40/><T28/><D131/><U48/><E111/><V33/><F33/><W26/><G109/><T119/><D119/><U51/><E117/><V58/><F130/><W10/><G54/><T17/><D69/><U112/><E112/><V22/><F3/><W5/><G26/><T127/><D127/><U47/><E38/><V105/><F105/><W75/><G92/><T108/><D101/><U123/><E123/><V15/><F116/><W37/><G134/><T60/><D60/><U7/><E7/><V57/><F74/><N who="3" m="43031" /><G37/><T61/><D61/><AGARI ba="1,0" hai="0,5,10,61,67,70,72,75,97,100,104" m="43031" machi="61" ten="30,3900,0" yaku="33,2,52,1" doraHai="62" who="3" fromWho="0" sc="230,-42,300,0,220,0,250,42" /><INIT seed="2,0,0,0,2,7" ten="188,300,220,292" oya="2" hai0="107,57,22,83,102,95,131,66,111,89,49,48,43" hai1="93,9,53,92,52,59,56,74,45,0,24,113,85" hai2="16,81,104,126,69,13,130,96,21,121,32,94,122" hai3="86,129,20,105,77,28,98,62,4,12,30,100,38"/><V106/><F69/><W76/><G38/><T6/><D111/><U55/><E74/><V54/><F32/><W110/><G110/><T88/><D131/><U119/><E119/><V75/><F130/><W27/><G129/><T37/><D37/><U2/><E113/><V99/><F126/><W41/><G41/><T36/><D36/><U18/><E2/><V39/><F39/><W5/><G30/><T114/><D114/><U58/><E0/><V34/><F34/><W124/><G124/><T72/><D107/><U8/><E45/><V125/><F125/><W51/><G51/><T79/><D6/><U15/><E85/><V10/><F54/><W17/><G62/><T87/><D102/><U35/><E35/><V115/><F99/><W118/><G118/><T112/><D112/><U3/><E3/><V108/><F115/><W70/><G70/><T29/><D43/><U120/><E120/><V134/><F108/><W46/><G46/><T71/><D71/><U42/><E42/><V73/><F81/><W31/><G31/><T60/><REACH who="0" step="1"/><D89/><REACH who="0" ten="178,300,220,292" step="2"/><U84/><E84/><V91/><F106/><W44/><G86/><T19/><D19/><U116/><E116/><V40/><F104/><W101/><G101/><T63/><D63/><U132/><E132/><V117/><F134/><W133/><G133/><T26/><AGARI ba="0,1" hai="22,26,29,48,49,57,60,66,72,79,83,87,88,95" machi="26" ten="30,4000,0" yaku="1,1,0,1,54,1,53,0" doraHai="7" doraHaiUra="128" who="0" fromWho="0" sc="178,50,300,-10,220,-20,292,-10" /><INIT seed="3,0,0,0,3,48" ten="228,290,200,282" oya="3" hai0="54,84,111,16,129,34,133,27,6,82,103,52,8" hai1="75,23,12,17,72,95,19,64,109,131,63,121,35" hai2="83,15,115,112,31,99,105,128,93,11,89,71,57" hai3="3,88,108,13,77,68,120,33,40,78,67,30,102"/><W76/><G3/><T49/><D111/><U65/><E35/><V100/><F128/><W122/><G40/><T2/><D129/><U70/><E131/><V79/><F71/><W38/><G38/><T124/><D124/><U51/><E109/><V114/><F31/><W5/><G108/><T25/><D133/><U53/><E65/><V41/><F41/><W86/><G102/><T107/><D103/><U104/><E104/><V69/><F69/><W62/><G30/><T18/><D107/><U47/><E121/><V14/><F57/><W32/><G32/><T0/><D54/><U81/><E81/><V22/><F22/><W125/><G33/><T96/><D96/><U80/><E80/><V24/><F24/><W56/><G68/><T106/><D106/><U92/><E95/><V123/><F123/><W1/><G1/><T91/><D0/><U28/><E28/><V98/><REACH who="2" step="1"/><F11/><REACH who="2" ten="228,290,190,282" step="2"/><W134/><G122/><T116/><D34/><U97/><E70/><V42/><F42/><W58/><G120/><T90/><D27/><U119/><E119/><V130/><F130/><W26/><G26/><T59/><D25/><U73/><E23/><V10/><F10/><W132/><G58/><T21/><D21/><U60/><E64/><V85/><AGARI ba="0,1" hai="14,15,79,83,85,89,93,98,99,100,105,112,114,115" machi="85" ten="30,2000,0" yaku="1,1,0,1,53,0" doraHai="48" doraHaiUra="117" who="2" fromWho="2" sc="228,-5,290,-5,190,30,282,-10" /><INIT seed="4,0,0,0,3,88" ten="223,285,220,272" oya="0" hai0="29,92,77,25,121,53,23,99,90,0,14,125,134" hai1="56,106,73,80,128,38,18,36,24,66,112,26,74" hai2="102,104,120,71,64,15,96,39,103,42,11,65,114" hai3="95,70,110,37,54,22,49,86,69,62,58,57,3"/><T127/><D121/><U124/><E112/><V5/><F120/><W51/><G110/><T21/><D0/><U30/><E106/><V63/><F114/><W123/><G3/><T34/><D134/><U20/><E128/><V89/><F65/><W32/><G32/><T45/><D77/><U91/><E124/><N who="0" m="47689" /><D14/><U1/><E1/><V75/><F75/><W35/><G35/><T115/><D115/><U78/><E74/><V28/><F28/><W68/><G123/><T83/><D83/><U79/><E79/><V87/><F103/><W52/><G37/><T130/><D130/><U126/><E91/><V98/><F96/><W94/><G86/><T12/><D12/><U13/><E26/><V108/><F108/><W33/><G33/><T117/><D117/><U133/><E133/><V7/><F39/><W93/><G22/><T8/><D8/><U10/><E126/><V97/><F98/><W40/><G40/><T55/><D45/><U43/><E43/><V27/><F42/><W135/><G135/><T131/><D131/><U129/><E129/><V81/><F27/><W72/><G72/><T116/><D116/><U67/><E67/><AGARI ba="0,0" hai="49,51,52,54,57,58,62,67,68,69,70,93,94,95" machi="67" ten="40,8000,1" yaku="9,1,52,3,54,1" doraHai="88" who="3" fromWho="1" sc="223,0,285,-80,220,0,272,80" owari="223,2.3,205,-29.5,220,-18.0,352,45.2" /></mjloggm>