<mjloggm ver="2.3"><GO type="225" lobby="0"/><UN n0="%E3%81%8B%E3%82%8F%E3%81%A1%E3%82%83%E3%82%93%35%38" n1="%E6%80%AA%E3%81%97%E3%81%99%E3%81%8E%E3%82%8B%E3%83%81%E3%83%BC" n2="%E9%A6%AC%E5%BC%95%E7%81%AB%33" n3="%E5%91%A8%E6%9D%B1" dan="16,16,16,16" rate="2186.72,2057.17,2075.32,2207.00" sx="M,M,M,M"/><TAIKYOKU oya="0"/><INIT seed="0,0,0,5,4,43" ten="250,250,250,250" oya="0" hai0="73,34,58,6,99,107,23,71,77,30,45,83,129" hai1="38,76,3,84,21,133,132,33,48,112,82,122,49" hai2="117,85,86,12,39,135,65,101,81,7,25,13,22" hai3="87,72,93,53,24,92,52,68,32,50,28,40,91"/><T94/><D71/><U74/><E33/><V103/><F39/><W66/><G72/><T54/><D129/><U118/><E122/><V119/><F135/><N who="1" m="51785" /><E118/><N who="2" m="45067" /><F65/><W88/><G66/><T125/><D125/><U2/><E112/><V116/><N who="2" m="45075" /><V55/><DORA hai="4" /><F55/><W79/><G79/><T31/><D34/><U127/><E127/><V67/><F67/><W61/><G61/><T130/><D130/><U126/><E38/><V19/><F85/><W37/><G68/><T11/><D23/><U128/><E128/><V121/><F121/><W10/><G10/><T57/><D107/><U110/><E110/><V97/><F7/><W35/><G35/><T47/><D31/><U20/><E74/><V64/><F64/><W41/><G37/><T75/><D30/><U131/><E126/><V90/><F103/><W96/><REACH who="3" step="1"/><G53/><REACH who="3" ten="250,250,250,240" step="2"/><T104/><D75/><U9/><E131/><V36/><F36/><W98/><G98/><T100/><D54/><U27/><E9/><V16/><F19/><W108/><G108/><T17/><D17/><N who="1" m="12687" /><E21/><V46/><F101/><W62/><G62/><T0/><REACH who="0" step="1"/><D104/><REACH who="0" ten="240,250,250,240" step="2"/><U123/><E123/><V69/><F69/><W29/><G29/><T70/><D70/><U80/><E2/><V109/><F109/><W60/><G60/><T14/><D14/><U42/><E3/><V1/><F1/><W106/><G106/><T124/><D124/><U89/><E42/><V15/><F15/><W5/><G5/><T105/><D105/><U102/><E102/><V113/><F12/><W78/><G78/><T44/><AGARI ba="0,2" hai="0,6,11,44,45,47,57,58,73,77,83,94,99,100" machi="44" ten="30,18000,2" yaku="1,1,0,1,52,4,53,0" doraHai="43,4" doraHaiUra="134,59" who="0" fromWho="0" sc="240,200,250,-60,250,-60,240,-60" /><INIT seed="0,1,0,2,1,122" ten="440,190,190,180" oya="0" hai0="135,57,41,29,129,54,11,82,56,71,8,92,47" hai1="23,36,17,32,88,106,25,130,45,21,43,5,48" hai2="79,58,28,123,7,119,12,35,115,89,109,15,34" hai3="114,102,24,69,65,128,103,53,117,37,19,104,134"/><T59/><D71/><U96/><E130/><V124/><F123/><W61/><G128/><T112/><D112/><U77/><E32/><V33/><F115/><W107/><G117/><T50/><D129/><U118/><E118/><V6/><F119/><W13/><G114/><T85/><D135/><U9/><E77/><V133/><F79/><W46/><G134/><T30/><D92/><U76/><E76/><V70/><F70/><W67/><G67/><T101/><D101/><U91/><E36/><V127/><F133/><W31/><G103/><T62/><D29/><U81/><E81/><V84/><F58/><N who="0" m="22634" /><D30/><U42/><E42/><V72/><F72/><W80/><G102/><T44/><D44/><U95/><E106/><V87/><F28/><W60/><G80/><T26/><D26/><U52/><E21/><V3/><F3/><W0/><G0/><T55/><D41/><U14/><E43/><V86/><F89/><AGARI ba="1,0" hai="8,11,47,50,54,55,59,62,82,85,89" m="22634" machi="89" ten="30,1500,0" yaku="8,1" doraHai="122" who="0" fromWho="2" sc="440,18,190,0,190,-18,180,0" /><AGARI ba="1,0" hai="5,9,14,17,23,25,45,48,52,88,89,91,95,96" machi="89" ten="30,7700,0" yaku="7,1,8,1,54,2" doraHai="122" who="1" fromWho="2" sc="458,0,190,77,172,-77,180,0" /><INIT seed="0,2,0,5,2,88" ten="458,267,95,180" oya="0" hai0="32,29,108,133,37,85,87,27,53,33,67,109,97" hai1="22,94,21,68,64,126,15,77,118,60,110,89,80" hai2="115,121,75,98,66,0,26,34,92,2,104,58,24" hai3="7,12,17,128,72,28,4,23,52,119,56,11,38"/><T69/><D37/><U113/><E118/><V86/><F121/><W65/><G119/><T130/><D69/><U5/><E110/><N who="0" m="42601" /><D67/><U124/><E113/><V59/><F115/><W73/><G128/><T114/><D114/><U41/><E41/><V45/><F75/><W13/><G38/><T16/><D33/><U120/><E120/><V46/><F104/><W30/><G65/><T40/><D40/><U79/><E5/><V61/><F59/><W78/><G4/><T31/><D31/><U51/><E51/><V39/><F86/><W74/><REACH who="3" step="1"/><G78/><REACH who="3" ten="458,267,95,170" step="2"/><T62/><D130/><U112/><E112/><V105/><F39/><W117/><G117/><T48/><D133/><U129/><E79/><V101/><F105/><W102/><G102/><T63/><D63/><AGARI ba="2,1" hai="7,11,12,13,17,23,28,30,52,56,63,72,73,74" machi="63" ten="40,2600,0" yaku="1,1,54,1,53,0" doraHai="88" doraHaiUra="99" who="3" fromWho="0" sc="458,-32,267,0,95,0,170,42" /><INIT seed="1,0,0,1,0,38" ten="426,267,95,212" oya="1" hai0="49,6,37,33,130,59,62,30,80,111,95,11,104" hai1="85,96,105,97,126,74,17,119,54,122,4,115,35" hai2="12,39,3,43,56,20,61,45,58,103,46,47,55" hai3="52,23,83,60,77,15,2,94,50,109,92,26,118"/><U98/><E122/><V100/><F3/><W99/><G109/><T34/><D104/><U0/><E119/><V86/><F58/><W42/><G118/><T36/><D34/><U14/><E74/><V21/><F86/><W88/><G2/><T65/><D130/><U73/><E73/><V90/><F90/><W133/><G133/><T127/><D33/><U87/><E35/><V123/><F123/><W89/><G15/><T101/><D30/><U69/><E115/><V16/><REACH who="2" step="1"/><F21/><REACH who="2" ten="426,267,85,212" step="2"/><W78/><G89/><T82/><D59/><U72/><E85/><V128/><F128/><W7/><G23/><T121/><D121/><U117/><E87/><V106/><F106/><W70/><G88/><T5/><D82/><U107/><E0/><V22/><F22/><W67/><G83/><T28/><D80/><U48/><E105/><V29/><F29/><W19/><G94/><T125/><D28/><U40/><E107/><V116/><F116/><W112/><G92/><T79/><D95/><U31/><E117/><V132/><F132/><W84/><G84/><T8/><D79/><U120/><E31/><V134/><F134/><W129/><G78/><T9/><D101/><AGARI ba="0,1" hai="12,16,20,39,43,45,46,47,55,56,61,100,101,103" machi="101" ten="40,5200,0" yaku="1,1,52,1,54,1,53,0" doraHai="38" doraHaiUra="81" who="2" fromWho="0" sc="426,-52,267,0,85,62,212,0" /><INIT seed="2,0,0,5,4,49" ten="374,267,147,212" oya="2" hai0="106,89,13,90,118,79,50,105,21,39,132,126,134" hai1="117,18,98,34,2,83,30,43,99,82,69,51,33" hai2="14,87,47,93,10,92,38,11,54,91,94,109,41" hai3="72,108,80,55,66,6,23,125,73,112,48,86,103"/><V84/><F109/><W111/><G112/><T76/><D39/><U67/><E117/><V42/><F42/><W57/><G125/><T9/><D21/><U81/><E2/><V35/><F35/><W44/><G103/><T32/><D32/><U22/><E30/><V85/><F91/><N who="0" m="34826" /><D50/><U59/><E69/><V15/><REACH who="2" step="1"/><F54/><REACH who="2" ten="374,267,137,212" step="2"/><N who="3" m="29959" /><G108/><T75/><D118/><U127/><E34/><V56/><F56/><W4/><G111/><T53/><D53/><U101/><E33/><V8/><AGARI ba="0,1" hai="8,10,11,14,15,38,41,47,84,85,87,92,93,94" machi="8" ten="40,12000,1" yaku="1,1,0,1,29,2,53,1" doraHai="49" doraHaiUra="37" who="2" fromWho="2" sc="374,-40,267,-40,137,130,212,-40" /><INIT seed="2,1,0,5,4,119" ten="334,227,267,172" oya="2" hai0="23,40,57,62,15,38,122,46,10,7,104,87,76" hai1="109,115,102,30,22,88,55,97,41,45,21,128,2" hai2="33,106,14,100,118,24,129,35,103,53,51,5,80" hai3="89,11,125,0,81,133,31,82,131,67,17,84,58"/><V65/><F118/><W52/><G125/><T124/><D104/><U39/><E115/><V50/><F65/><W60/><G131/><T112/><D112/><U54/><E128/><V74/><F129/><W116/><G133/><T19/><D122/><U44/><E109/><V117/><F117/><W56/><G116/><T85/><D76/><U16/><E2/><V13/><F24/><W47/><G0/><T26/><D124/><U28/><E88/><V34/><F53/><AGARI ba="1,0" hai="7,10,15,19,23,26,38,40,46,53,57,62,85,87" machi="53" ten="30,1000,0" yaku="7,1" doraHai="119" who="0" fromWho="2" sc="334,13,227,0,267,-13,172,0" /><INIT seed="3,0,0,5,1,109" ten="347,227,254,172" oya="3" hai0="95,16,42,129,19,104,34,50,85,115,48,77,23" hai1="80,18,59,54,126,96,106,84,45,87,110,12,8" hai2="111,128,79,99,97,81,61,134,30,64,57,32,82" hai3="68,49,112,43,94,131,31,72,120,13,130,36,114"/><W26/><G68/><T116/><D104/><U133/><E110/><V65/><F111/><W24/><G72/><T35/><D116/><U90/><E126/><V119/><F119/><W47/><G120/><T89/><D129/><N who="3" m="49161" /><G13/><T135/><D135/><U27/><E133/><V9/><F134/><W11/><G11/><T0/><D0/><U37/><E27/><N who="3" m="10282" /><G31/><T25/><D19/><U62/><E87/><V117/><F9/><W66/><G66/><T52/><D77/><U103/><E45/><V93/><F64/><W63/><G63/><T113/><D42/><U100/><E100/><V3/><F61/><W101/><G36/><T88/><D48/><U51/><REACH who="1" step="1"/><E51/><REACH who="1" ten="347,217,254,172" step="2"/><V75/><F117/><W10/><G10/><T17/><D34/><U102/><E102/><V107/><F32/><W7/><G7/><T29/><D35/><U60/><E60/><V53/><F128/><W86/><G86/><N who="0" m="52631" /><D115/><N who="3" m="44073" /><G101/><T44/><D113/><U132/><E132/><V118/><F118/><W105/><G94/><AGARI ba="0,1" hai="16,17,23,25,29,44,50,52,85,89,94" m="52631" machi="94" ten="30,7700,0" yaku="8,1,54,3" doraHai="109" who="0" fromWho="3" sc="347,87,217,0,254,0,172,-77" owari="434,53.4,217,-18.3,254,5.4,95,-40.5" /></mjloggm>