<mjloggm ver="2.3"><GO type="225" lobby="0"/><UN n0="%E3%81%B7%E3%82%8B%E3%81%B7%E3%82%8B%E3%81%A0%E3%81%9E" n1="%E3%81%BF%E3%81%BF%E3%81%9A" n2="%72%69%6F%75%63%68%61%6E" n3="%E6%9C%88%E5%B3%B6%E5%9F%BA" dan="16,17,16,17" rate="2095.73,2182.57,2131.18,2206.08" sx="M,M,M,M"/><TAIKYOKU oya="0"/><INIT seed="0,0,0,4,3,68" ten="250,250,250,250" oya="0" hai0="88,75,78,33,120,83,18,61,128,115,15,119,71" hai1="84,107,135,67,47,117,126,109,87,28,122,66,125" hai2="129,91,121,30,108,14,134,7,25,32,106,53,103" hai3="69,2,6,113,23,8,22,41,127,102,34,11,123"/><T89/><D120/><U116/><E122/><V3/><F121/><W101/><G123/><RYUUKYOKU type="kaze4" ba="0,0" sc="250,0,250,0,250,0,250,0" /><INIT seed="0,1,0,1,0,16" ten="250,250,250,250" oya="0" hai0="96,58,116,26,131,103,93,74,12,120,100,121,99" hai1="65,119,27,135,128,79,73,0,61,86,35,36,97" hai2="4,3,24,90,67,37,75,56,40,8,132,98,64" hai3="114,118,42,130,85,49,104,21,105,15,129,107,53"/><T23/><D74/><U113/><E119/><V72/><F132/><W19/><G118/><T134/><D116/><U126/><E36/><V44/><F64/><W70/><G114/><T68/><D68/><U76/><E0/><V39/><F37/><W69/><G42/><T32/><D131/><N who="3" m="50185" /><G85/><T54/><D134/><U117/><E73/><V71/><F56/><AGARI ba="1,0" hai="15,19,21,49,53,56,69,70,104,105,107" m="50185" machi="56" ten="40,2600,0" yaku="19,1,52,1" doraHai="16" who="3" fromWho="2" sc="250,0,250,0,250,-29,250,29" /><INIT seed="1,0,0,1,1,127" ten="250,250,221,279" oya="1" hai0="109,42,123,17,132,135,86,21,41,38,113,27,80" hai1="26,71,74,124,11,45,98,2,23,83,56,18,7" hai2="85,69,120,130,95,36,34,60,107,46,104,35,108" hai3="77,24,121,99,3,55,33,134,131,8,115,47,64"/><U32/><E71/><V81/><F120/><W73/><G121/><T10/><D113/><U53/><E124/><V68/><F108/><W1/><G115/><T6/><D109/><U126/><E126/><V84/><F95/><W105/><G134/><N who="0" m="51243" /><D38/><U72/><E45/><V117/><F117/><W87/><G87/><N who="2" m="33353" /><F46/><W67/><G55/><T51/><D51/><U28/><E98/><V66/><F36/><W19/><G19/><T89/><D123/><U76/><E83/><V70/><F81/><N who="3" m="45231" /><G67/><T111/><D111/><U29/><E76/><V20/><F20/><W112/><G8/><T91/><D89/><U96/><E96/><V119/><F119/><W79/><G79/><T58/><D58/><U14/><REACH who="1" step="1"/><E29/><REACH who="1" ten="250,240,221,279" step="2"/><V118/><F118/><W82/><G82/><T54/><D80/><U106/><E106/><N who="2" m="40491" /><F66/><W110/><G64/><T128/><D86/><U12/><E12/><V116/><F116/><W57/><G110/><T97/><D97/><U5/><E5/><V50/><F50/><AGARI ba="0,1" hai="2,7,11,14,18,23,26,28,32,50,53,56,72,74" machi="50" ten="30,11600,0" yaku="1,1,7,1,24,2,53,0" doraHai="127" doraHaiUra="65" who="1" fromWho="2" sc="250,0,240,126,221,-116,279,0" /><INIT seed="1,1,0,0,0,101" ten="250,366,105,279" oya="1" hai0="55,98,16,118,80,76,19,21,104,31,2,131,61" hai1="88,9,44,43,89,110,111,108,116,112,50,109,48" hai2="39,17,68,0,20,27,121,32,46,114,129,14,81" hai3="59,65,52,95,122,126,12,94,86,35,120,47,71"/><U72/><N who="1" m="27648" /><DORA hai="78" /><U83/><E112/><V135/><F121/><W67/><G35/><T49/><D118/><U38/><E116/><V4/><F114/><W60/><G126/><T77/><D2/><U41/><E9/><V56/><F129/><W105/><G105/><T113/><D113/><U5/><E5/><V124/><F124/><W63/><G12/><T62/><D77/><N who="1" m="44455" /><E41/><V107/><F135/><W45/><G120/><T13/><D131/><U40/><E40/><V115/><F115/><W128/><G122/><T10/><D31/><U23/><E23/><V30/><F68/><W132/><G132/><T58/><D98/><U119/><E119/><V87/><F56/><W97/><G128/><T133/><D133/><U18/><E18/><V25/><F46/><W33/><G33/><T7/><D7/><U22/><E22/><V57/><F57/><W106/><G47/><T75/><REACH who="0" step="1"/><D104/><REACH who="0" ten="240,366,105,279" step="2"/><U74/><E74/><V26/><F107/><W24/><G106/><T70/><D70/><U96/><E96/><V69/><F69/><W15/><G71/><T99/><D99/><U8/><E8/><N who="2" m="2055" /><F39/><W125/><G97/><T6/><D6/><U42/><E42/><V92/><F92/><W90/><G95/><T64/><D64/><U79/><E79/><AGARI ba="1,1" hai="14,17,20,25,26,27,30,32,79,81,87" m="2055" machi="79" ten="30,2000,0" yaku="24,1,52,1" doraHai="101,78" who="2" fromWho="1" sc="240,0,366,-23,105,33,279,0" /><INIT seed="2,0,0,4,0,70" ten="240,343,138,279" oya="2" hai0="27,49,2,26,53,105,1,35,59,81,25,132,66" hai1="7,60,83,91,97,115,30,33,104,78,6,38,67" hai2="102,23,65,120,118,125,95,112,99,77,82,133,9" hai3="46,68,111,117,51,54,114,122,62,135,98,127,113"/><V48/><F112/><N who="3" m="43115" /><G98/><T11/><D132/><U109/><E115/><V71/><F118/><W103/><G103/><T93/><D105/><U21/><E109/><V17/><F120/><W32/><G32/><T107/><D107/><U24/><E38/><V41/><F133/><W36/><G135/><T123/><D123/><U100/><E91/><V92/><F125/><W44/><G122/><T3/><D66/><U86/><E21/><V10/><F95/><W47/><G111/><T34/><D93/><U131/><E131/><V50/><F71/><AGARI ba="0,0" hai="6,7,24,30,33,60,67,71,78,83,86,97,100,104" machi="71" ten="30,3900,0" yaku="7,1,25,2" doraHai="70" who="1" fromWho="2" sc="240,0,343,39,138,-39,279,0" /><INIT seed="3,0,0,5,1,37" ten="240,382,99,279" oya="3" hai0="124,113,57,11,93,34,78,7,54,23,69,45,59" hai1="16,119,65,33,108,74,95,5,103,82,118,25,43" hai2="134,81,48,114,135,130,50,125,127,3,128,76,75" hai3="100,122,36,126,56,4,86,72,13,112,14,24,9"/><W85/><G112/><T132/><D69/><U64/><E108/><V102/><F3/><W83/><G122/><T92/><D132/><N who="2" m="50730" /><F114/><W73/><G126/><N who="2" m="48137" /><F102/><W19/><G36/><T30/><D124/><U26/><E43/><V101/><F101/><W68/><G68/><T66/><D113/><U87/><E5/><V40/><F40/><W10/><G100/><T77/><D34/><U133/><E133/><V88/><F88/><W53/><G24/><T116/><D77/><U89/><E26/><V51/><F48/><W117/><G117/><N who="1" m="44554" /><E74/><V121/><F121/><W80/><G73/><T97/><D78/><U35/><E35/><V52/><F52/><W18/><G4/><T28/><D54/><U27/><E27/><V39/><F39/><W115/><G115/><T84/><D116/><U105/><E95/><V12/><F12/><W38/><G38/><T96/><D93/><U46/><E33/><V107/><F107/><W21/><G72/><T1/><D92/><U47/><E103/><V2/><F2/><W44/><G21/><T15/><D1/><U20/><E105/><V32/><F32/><W90/><G44/><AGARI ba="0,0" hai="16,20,25,44,46,47,64,65,82,87,89" m="44554" machi="44" ten="30,2000,0" yaku="12,1,54,1" doraHai="37" who="1" fromWho="3" sc="240,0,382,20,99,0,279,-20" owari="240,-16.0,402,50.2,99,-40.1,259,5.9" /></mjloggm>