<mjloggm ver="2.3"><GO type="225" lobby="0"/><UN n0="%E5%91%A8%E6%9D%B1" n1="%E3%83%94%E3%83%B3%E3%82%B5%E3%83%AD%E5%BA%97%E5%93%A1" n2="%E3%81%90%E3%81%A1%E3%82%84%E3%81%BE" n3="%E9%A6%AC%E5%BC%95%E7%81%AB%33" dan="17,17,16,16" rate="2165.49,2195.91,2137.48,2154.71" sx="M,M,M,M"/><TAIKYOKU oya="0"/><INIT seed="0,0,0,0,1,125" ten="250,250,250,250" oya="0" hai0="27,96,8,42,62,103,48,37,80,13,111,76,99" hai1="61,84,75,127,78,63,134,112,53,89,67,50,81" hai2="92,123,57,83,129,60,4,35,15,132,33,24,30" hai3="114,21,18,71,85,91,68,131,109,73,40,54,45"/><T22/><D111/><U34/><E127/><V121/><F132/><W100/><G114/><T64/><D37/><U6/><E134/><V3/><F3/><W118/><G118/><T56/><D42/><U7/><E34/><V135/><F135/><W126/><G73/><T88/><D48/><U104/><E104/><V46/><F35/><W115/><G100/><T65/><D65/><U122/><E122/><V120/><F92/><W1/><G1/><T87/><D76/><U93/><E112/><V130/><F46/><W25/><G115/><T19/><REACH who="0" step="1"/><D103/><REACH who="0" ten="240,250,250,250" step="2"/><U41/><E41/><V66/><REACH who="2" step="1"/><F83/><REACH who="2" ten="240,250,240,250" step="2"/><W44/><G126/><T52/><D52/><U12/><E53/><V14/><F14/><W17/><G54/><T28/><AGARI ba="0,2" hai="8,13,19,22,27,28,56,62,64,80,87,88,96,99" machi="28" ten="20,18000,2" yaku="1,1,0,1,7,1,8,1,54,1,53,1" doraHai="125" doraHaiUra="77" who="0" fromWho="0" sc="240,200,250,-60,240,-60,250,-60" /><INIT seed="0,1,0,1,3,4" ten="440,190,180,190" oya="0" hai0="106,116,6,3,8,134,95,135,104,42,43,18,71" hai1="65,115,27,128,40,132,25,121,92,86,45,111,96" hai2="103,1,59,19,50,97,10,24,52,78,51,127,35" hai3="90,114,105,108,41,62,9,22,66,44,74,126,47"/><T61/><D116/><U77/><E121/><V107/><F127/><W109/><G114/><T88/><D18/><U39/><E115/><V113/><F113/><W30/><G126/><T46/><D61/><U72/><E72/><V94/><F78/><W60/><G105/><T28/><D28/><U125/><E125/><V12/><F1/><W54/><G74/><T48/><D43/><U99/><E111/><N who="3" m="42570" /><G90/><T56/><D56/><U49/><E128/><V83/><F83/><W16/><G30/><T84/><REACH who="0" step="1"/><D71/><REACH who="0" ten="430,190,180,190" step="2"/><U64/><E40/><V122/><F59/><N who="3" m="37151" /><G41/><T133/><AGARI ba="1,1" hai="3,6,8,42,46,48,84,88,95,104,106,133,134,135" machi="133" ten="30,18000,2" yaku="1,1,0,1,20,1,52,1,54,1,53,1" doraHai="4" doraHaiUra="89" who="0" fromWho="0" sc="430,193,190,-61,180,-61,190,-61" /><INIT seed="0,2,0,2,1,126" ten="623,129,119,129" oya="0" hai0="131,48,123,74,5,119,13,61,41,87,79,80,4" hai1="1,103,85,86,109,117,29,8,28,113,20,115,129" hai2="25,45,130,91,9,55,63,89,54,39,27,22,66" hai3="104,10,71,15,26,75,99,112,67,16,81,116,84"/><T19/><D123/><U46/><E117/><V14/><F130/><W37/><G112/><N who="1" m="43082" /><E109/><V97/><F39/><W59/><G116/><T70/><D131/><U35/><E129/><V133/><F133/><W95/><G37/><T23/><D119/><U6/><E35/><V72/><F72/><W69/><G75/><T57/><D74/><U40/><E103/><V12/><F45/><W17/><G104/><T47/><REACH who="0" step="1"/><D70/><REACH who="0" ten="613,129,119,129" step="2"/><U132/><E132/><V3/><F3/><W50/><G71/><T64/><AGARI ba="2,1" hai="4,5,13,19,23,41,47,48,57,61,64,79,80,87" machi="64" ten="20,12000,1" yaku="1,1,2,1,0,1,7,1,8,1,53,0" doraHai="126" doraHaiUra="100" who="0" fromWho="0" sc="613,136,129,-42,119,-42,129,-42" /><INIT seed="0,3,0,3,4,63" ten="749,87,77,87" oya="0" hai0="20,96,41,51,134,65,130,124,7,90,116,8,104" hai1="25,72,102,48,94,135,114,5,78,15,37,17,71" hai2="76,113,9,54,115,52,38,62,119,110,89,30,6" hai3="3,40,73,0,29,101,16,45,118,122,43,120,35"/><T98/><D116/><U1/><E37/><V50/><F38/><N who="3" m="21655" /><G118/><T93/><D124/><U21/><E71/><V112/><F119/><W68/><G73/><T92/><D134/><U74/><E135/><V99/><F110/><W39/><G101/><T121/><D121/><N who="3" m="46697" /><G68/><T105/><D130/><U22/><E114/><V60/><F76/><W55/><G55/><T56/><D20/><U91/><E102/><V117/><F30/><W82/><G82/><T88/><D41/><U66/><E78/><V69/><F117/><W108/><G108/><T46/><D46/><U10/><E48/><V77/><F77/><W57/><G57/><T2/><REACH who="0" step="1"/><D51/><REACH who="0" ten="739,87,77,87" step="2"/><U14/><E21/><V107/><F50/><W133/><G133/><T81/><D81/><U80/><E80/><V26/><F113/><W106/><G43/><T84/><D84/><U129/><E129/><V18/><F115/><W36/><G36/><T61/><AGARI ba="3,1" hai="2,7,8,56,61,65,88,90,92,93,96,98,104,105" machi="61" ten="30,18000,2" yaku="1,1,0,1,9,1,52,1,54,1,53,1" doraHai="63" doraHaiUra="33" who="0" fromWho="0" sc="739,199,87,-63,77,-63,87,-63" /><INIT seed="0,4,0,0,1,132" ten="938,24,14,24" oya="0" hai0="118,93,16,84,45,9,75,122,51,30,47,40,19" hai1="25,80,83,90,100,56,131,125,20,85,5,76,104" hai2="28,46,121,21,48,81,38,7,107,66,89,60,88" hai3="133,3,39,101,87,115,97,24,112,130,119,0,36"/><T99/><D75/><U54/><E131/><V82/><F121/><W74/><G87/><T49/><D122/><U111/><E111/><V31/><F107/><N who="3" m="63919" /><G133/><T123/><D123/><U52/><E125/><V106/><F106/><W12/><G12/><T134/><D134/><U23/><E5/><V127/><F38/><N who="3" m="14379" /><G130/><T13/><D118/><U72/><E23/><V18/><F7/><W58/><G58/><T117/><D117/><U71/><E71/><V34/><F127/><W86/><G86/><T53/><D30/><N who="2" m="11306" /><F34/><W63/><G24/><T120/><D120/><U50/><E54/><N who="2" m="29975" /><F60/><W10/><G119/><T124/><D124/><U102/><E104/><V95/><F66/><W37/><N who="3" m="14387" /><W79/><DORA hai="94" /><G63/><T4/><REACH who="0" step="1"/><D84/><REACH who="0" ten="928,24,14,24" step="2"/><N who="1" m="50439" /><E72/><V69/><F69/><W114/><G74/><T42/><D42/><U8/><E85/><N who="2" m="52623" /><F89/><AGARI ba="4,1" hai="4,9,13,16,19,40,45,47,49,51,53,89,93,99" machi="89" ten="30,12000,1" yaku="1,1,7,1,8,1,52,1,54,1,53,0" doraHai="132,94" doraHaiUra="61,135" who="0" fromWho="2" sc="928,142,24,0,14,-132,24,0" owari="1070,117.0,24,-17.6,-118,-61.8,24,-37.6" /></mjloggm>