<mjloggm ver="2.3"><GO type="225" lobby="0"/><UN n0="%E5%8D%A0%E3%81%84%E5%B8%AB%E8%A3%8F%E3%81%AA%E3%81%84%E3%81%97" n1="%E3%81%A4%E3%81%A3%E3%81%B1%E3%82%8A%E3%83%9D%E3%83%BC%E3%83%AB" n2="%70%68%65%6E%6F%6D%65" n3="%E3%81%95%E3%81%8D%E3%81%9F%E3%81%BE%E6%9E%97%E6%AA%8E" dan="17,17,16,16" rate="2278.85,2258.10,2144.01,2126.05" sx="M,M,M,M"/><TAIKYOKU oya="0"/><INIT seed="0,0,0,3,2,35" ten="250,250,250,250" oya="0" hai0="56,36,71,121,70,48,37,91,104,98,11,100,29" hai1="41,94,30,15,64,24,68,54,135,46,103,92,38" hai2="84,95,0,67,7,82,21,8,4,23,108,14,120" hai3="33,58,19,25,129,81,20,73,63,128,6,45,93"/><T42/><D121/><U90/><E135/><V113/><F120/><W97/><G33/><T50/><D29/><U107/><E15/><V59/><F113/><W2/><G2/><T62/><D91/><U78/><E78/><V49/><F108/><W40/><G6/><T47/><D11/><U79/><E79/><V122/><F122/><W101/><G73/><T124/><D124/><U44/><E90/><V77/><F95/><W125/><G125/><T102/><D102/><U80/><E80/><V76/><F76/><W69/><G69/><T12/><D12/><U117/><E117/><V86/><F86/><W83/><G129/><T39/><REACH who="0" step="1"/><D48/><REACH who="0" ten="240,250,250,250" step="2"/><N who="1" m="28951" /><E103/><V130/><F130/><W51/><REACH who="3" step="1"/><G128/><REACH who="3" ten="240,250,250,240" step="2"/><T3/><D3/><U72/><E30/><V52/><F0/><W31/><G31/><T127/><D127/><U32/><E32/><V99/><F4/><W22/><G22/><T66/><AGARI ba="0,2" hai="36,37,39,42,47,50,56,62,66,70,71,98,100,104" machi="66" ten="30,3000,0" yaku="1,1,0,1,53,0" doraHai="35" doraHaiUra="9" who="0" fromWho="0" sc="240,50,250,-10,250,-10,240,-10" /><INIT seed="0,1,0,2,2,119" ten="290,240,240,230" oya="0" hai0="122,77,35,105,3,72,103,102,12,58,42,121,69" hai1="29,56,134,123,48,95,25,67,90,10,71,16,66" hai2="107,76,114,28,61,43,89,8,22,38,97,128,64" hai3="118,113,96,21,57,88,135,46,18,23,59,115,120"/><T116/><D116/><U131/><E123/><V44/><F114/><W68/><G68/><T108/><D3/><U27/><E131/><V30/><F128/><W86/><G118/><T0/><D0/><U126/><E134/><V70/><F76/><W6/><G6/><T93/><D69/><U36/><E36/><V49/><F8/><W50/><G96/><N who="0" m="61639" /><D35/><U104/><E104/><V32/><F22/><W109/><G135/><T52/><D12/><N who="1" m="7191" /><E126/><V74/><F74/><W110/><G46/><T65/><D65/><N who="1" m="24587" /><E29/><V24/><F30/><W1/><G1/><T83/><D42/><U63/><E48/><V39/><REACH who="2" step="1"/><F89/><REACH who="2" ten="290,240,230,230" step="2"/><W79/><G23/><T85/><D72/><U20/><E20/><V92/><F92/><W15/><G21/><T99/><D93/><U37/><E71/><V62/><F62/><W73/><G88/><T100/><D77/><U53/><E37/><V17/><F17/><W129/><G79/><T133/><D133/><U45/><E95/><V60/><F60/><W26/><G73/><T87/><D122/><U127/><E90/><V54/><F54/><W125/><G120/><T34/><D121/><U14/><E127/><V101/><AGARI ba="1,1" hai="24,28,32,38,39,43,44,49,61,64,70,97,101,107" machi="101" ten="30,7900,0" yaku="1,1,0,1,25,2,53,0" doraHai="119" doraHaiUra="78" who="2" fromWho="2" sc="290,-40,240,-21,230,92,230,-21" /><INIT seed="1,0,0,4,4,60" ten="250,219,322,209" oya="1" hai0="131,105,135,79,70,64,7,20,69,93,12,19,44" hai1="106,89,3,67,95,15,17,14,100,18,113,85,2" hai2="116,108,27,123,88,125,122,99,57,114,102,53,23" hai3="73,119,25,84,92,83,98,49,118,101,107,54,56"/><U31/><E113/><V65/><F116/><N who="3" m="44587" /><G73/><T81/><D105/><U121/><E121/><V58/><F114/><W61/><G25/><T94/><D135/><U130/><E130/><V110/><F125/><W55/><G107/><T111/><D111/><N who="2" m="42538" /><F88/><N who="3" m="51231" /><G49/><T63/><D131/><U78/><E78/><V33/><F65/><AGARI ba="0,0" hai="54,55,56,61,65,92,98,101" m="51231,44587" machi="65" ten="30,3900,0" yaku="12,1,52,1,54,1" doraHai="60" who="3" fromWho="2" sc="250,0,219,0,322,-39,209,39" /><INIT seed="2,0,0,1,5,93" ten="250,219,283,248" oya="2" hai0="16,98,3,94,135,28,0,58,84,64,78,79,126" hai1="76,24,19,77,101,91,7,72,14,12,48,96,80" hai2="34,114,109,113,2,41,134,44,6,89,111,50,57" hai3="15,82,133,61,26,30,10,52,53,39,83,67,29"/><V36/><F34/><W92/><G133/><T105/><D135/><U25/><E76/><V107/><F107/><W42/><G39/><T1/><D126/><U59/><E91/><V68/><F134/><W130/><G130/><T97/><D28/><U103/><E7/><V43/><F6/><W85/><G42/><T66/><D105/><U62/><E48/><V108/><F2/><W60/><G60/><T22/><D3/><U5/><E103/><V73/><F73/><W74/><G74/><T54/><D1/><U27/><E5/><V122/><F89/><W99/><G67/><N who="0" m="25643" /><D0/><U40/><E40/><N who="2" m="22535" /><F68/><W112/><G112/><N who="2" m="43113" /><F122/><W63/><G26/><N who="0" m="14663" /><D84/><U17/><E12/><V32/><F32/><W118/><G85/><T51/><D97/><U123/><E14/><V9/><F9/><W47/><G30/><T116/><D116/><U90/><E123/><V18/><F18/><N who="3" m="8567" /><G118/><T71/><D71/><U4/><E4/><V55/><AGARI ba="0,0" hai="41,43,50,55,57,108,109,111" m="43113,22535" machi="55" ten="40,12000,1" yaku="14,1,10,1,34,2" doraHai="93" who="2" fromWho="2" sc="250,-40,219,-40,283,120,248,-40" /><INIT seed="2,1,0,1,2,114" ten="210,179,403,208" oya="2" hai0="30,10,104,9,90,36,26,28,98,56,43,54,70" hai1="24,103,116,37,17,106,2,91,80,23,87,20,76" hai2="19,15,100,120,41,71,52,84,45,59,127,8,94" hai3="49,29,75,55,89,112,44,33,63,117,115,78,47"/><V131/><F120/><W132/><G132/><T7/><D70/><U16/><E37/><V66/><F127/><W107/><G107/><T12/><D36/><U46/><E2/><V93/><F131/><W111/><G111/><T35/><D43/><U79/><E116/><V34/><F34/><W69/><G33/><T6/><D104/><U0/><E0/><V119/><F119/><W48/><G117/><T51/><D35/><U118/><E118/><V38/><F100/><W108/><G108/><T65/><D65/><U68/><E68/><V11/><F11/><W27/><G89/><T123/><D123/><U135/><E135/><V61/><REACH who="2" step="1"/><F84/><REACH who="2" ten="210,179,393,208" step="2"/><W64/><G75/><T77/><D9/><U18/><E103/><V101/><F101/><W53/><REACH who="3" step="1"/><G78/><REACH who="3" ten="210,179,393,198" step="2"/><T1/><D77/><U130/><E130/><V57/><F57/><W102/><G102/><T124/><D56/><U22/><E106/><V40/><F40/><W82/><G82/><T134/><D134/><U31/><REACH who="1" step="1"/><E46/><REACH who="1" ten="210,169,393,198" step="2"/><V67/><F67/><W125/><G125/><T96/><D124/><U62/><E62/><AGARI ba="1,3" hai="8,15,19,38,41,45,52,59,61,62,66,71,93,94" machi="62" ten="30,5800,0" yaku="1,1,7,1,54,1,53,0" doraHai="114" doraHaiUra="25" who="2" fromWho="1" sc="210,0,169,-61,393,91,198,0" /><INIT seed="2,2,0,0,1,116" ten="210,108,484,198" oya="2" hai0="48,57,58,92,114,24,54,91,129,126,100,59,130" hai1="25,83,131,107,23,117,68,10,6,112,122,134,19" hai2="63,1,13,3,42,90,119,53,36,85,101,41,78" hai3="86,125,81,64,89,14,128,133,56,113,106,7,32"/><V84/><F101/><W34/><G125/><T97/><D114/><U82/><E107/><V22/><F78/><W135/><G128/><N who="0" m="49259" /><D126/><U2/><E131/><V33/><F33/><W39/><G39/><T88/><D24/><U67/><E112/><V118/><F63/><N who="3" m="37991" /><G106/><T52/><D54/><U98/><E117/><V110/><F53/><W77/><G113/><T99/><D91/><U49/><E134/><N who="3" m="51210" /><G89/><T45/><D58/><U104/><E49/><V37/><F90/><W93/><G93/><AGARI ba="2,0" hai="45,48,52,57,59,88,92,93,97,99,100" m="49259" machi="93" ten="30,3900,0" yaku="19,1,54,2" doraHai="116" who="0" fromWho="3" sc="210,45,108,0,484,0,198,-45" /><INIT seed="3,0,0,2,0,5" ten="255,108,484,153" oya="3" hai0="27,121,85,22,49,107,112,95,64,84,72,7,29" hai1="103,79,30,52,82,43,70,37,68,131,100,40,115" hai2="110,50,60,2,36,15,77,1,38,26,21,45,101" hai3="108,8,17,113,58,98,32,89,96,134,55,71,104"/><W51/><G113/><T76/><D107/><U0/><E0/><V114/><F77/><W34/><G71/><T91/><D121/><U3/><E3/><V14/><F101/><N who="1" m="38985" /><E115/><V24/><F60/><W57/><G51/><T117/><D117/><U81/><E37/><V78/><F78/><W13/><G104/><T74/><D7/><U12/><E79/><V97/><F97/><W116/><G116/><T111/><D111/><U80/><E30/><V10/><F21/><W93/><G108/><T135/><D135/><U48/><E70/><V62/><F62/><W20/><G134/><T86/><D64/><U126/><E68/><V9/><F45/><W53/><G34/><T109/><D112/><U54/><E131/><V125/><F114/><W63/><G32/><T102/><D102/><U6/><E126/><V67/><F110/><W35/><G35/><T92/><D109/><U25/><E25/><V118/><F118/><W47/><G47/><T66/><D66/><U128/><E128/><V42/><F42/><N who="1" m="15913" /><E48/><V90/><F90/><W18/><G89/><T11/><D91/><U133/><E133/><V88/><F88/><W123/><G123/><T105/><D105/><U132/><E132/><V61/><F61/><W122/><G122/><T33/><D33/><U19/><E6/><V87/><F50/><W28/><G28/><T31/><D31/><U41/><N who="1" m="15921" /><U23/><AGARI ba="0,0" hai="12,19,23,52,54,80,81,82" m="15921,38985" machi="23" ten="40,5200,0" yaku="4,1,8,1,54,1" doraHai="5" who="1" fromWho="1" sc="255,-13,108,52,484,-13,153,-26" owari="242,4.2,160,-24.0,471,57.1,127,-37.3" /></mjloggm>