<mjloggm ver="2.3"><GO type="225" lobby="0"/><UN n0="%70%6F%69%73%6F%6E%30%32" n1="%E3%83%81%E3%83%A7%E3%83%99%E3%83%83%E3%82%AF" n2="%EF%BC%AE%EF%BC%A1%EF%BC%AF%33%33%39" n3="%E9%B3%B4%E8%8C%B6" dan="16,16,16,16" rate="2110.04,2120.30,2116.92,2092.76" sx="M,M,M,M"/><TAIKYOKU oya="0"/><INIT seed="0,0,0,0,5,73" ten="250,250,250,250" oya="0" hai0="61,131,27,99,92,84,111,32,14,42,25,130,46" hai1="10,67,30,21,64,75,86,56,38,41,69,47,103" hai2="78,16,133,26,76,37,31,20,71,6,0,40,100" hai3="124,109,125,108,44,18,115,51,98,120,110,29,72"/><T59/><D111/><U8/><E75/><V52/><F71/><W54/><G115/><T3/><D3/><U49/><E103/><V89/><F100/><W11/><G72/><T80/><D14/><U62/><E67/><V28/><F37/><W65/><G120/><T113/><D113/><U77/><E30/><N who="2" m="11307" /><F0/><W132/><G29/><T114/><D32/><U104/><E21/><V5/><F40/><W88/><G65/><T63/><D99/><U33/><E104/><V4/><F133/><W107/><G132/><T118/><D92/><U55/><E33/><V126/><F126/><N who="3" m="48747" /><G107/><T90/><D118/><U85/><E85/><V87/><F52/><W22/><G11/><T68/><D68/><U35/><E35/><V97/><F97/><W122/><G122/><T127/><D114/><U101/><E101/><V1/><F1/><W53/><G54/><N who="0" m="34039" /><D63/><U39/><E39/><V96/><F96/><W2/><G2/><T17/><D17/><U24/><E24/><V95/><AGARI ba="0,0" hai="4,5,6,16,20,26,76,78,87,89,95" m="11307" machi="95" ten="30,7900,0" yaku="8,1,52,2,54,1" doraHai="73" who="2" fromWho="2" sc="250,-39,250,-20,250,79,250,-20" /><INIT seed="1,0,0,4,3,62" ten="211,230,329,230" oya="1" hai0="77,1,29,96,48,122,22,72,68,66,53,110,4" hai1="17,95,46,108,23,37,60,82,11,130,41,74,114" hai2="124,127,61,33,86,56,65,35,107,44,45,103,42" hai3="116,78,76,92,88,18,43,32,99,125,134,52,117"/><U81/><E114/><V80/><F103/><W75/><G32/><T8/><D110/><U115/><E115/><V128/><F107/><W113/><G113/><T71/><D122/><U50/><E130/><V84/><F128/><W10/><G43/><T59/><D72/><U64/><E74/><V126/><F45/><W25/><G75/><T14/><D77/><U2/><E108/><V20/><F20/><N who="3" m="13463" /><G10/><T54/><D66/><U24/><E37/><N who="2" m="21583" /><F86/><W13/><G13/><T85/><D85/><U119/><E119/><N who="3" m="45642" /><G134/><T105/><D105/><U7/><REACH who="1" step="1"/><E95/><REACH who="1" ten="211,220,329,230" step="2"/><V40/><F40/><W12/><G125/><T112/><D112/><U36/><E36/><V26/><F26/><W34/><G34/><T69/><D96/><U118/><E118/><V49/><F49/><W58/><G12/><T93/><D93/><U98/><E98/><V111/><F111/><W70/><G70/><AGARI ba="0,1" hai="2,7,11,17,23,24,41,46,50,60,64,70,81,82" machi="70" ten="30,11600,0" yaku="1,1,7,1,52,1,53,1" doraHai="62" doraHaiUra="16" who="1" fromWho="3" sc="211,0,220,126,329,0,230,-116" /><INIT seed="1,1,0,3,1,78" ten="211,346,329,114" oya="1" hai0="62,66,29,94,28,115,57,54,8,26,61,67,31" hai1="47,86,39,83,44,52,121,114,72,91,64,95,80" hai2="76,63,1,4,27,119,9,87,13,34,51,113,82" hai3="133,19,117,79,99,85,18,35,25,77,98,100,36"/><U11/><E114/><V48/><F119/><W108/><G117/><T132/><D115/><U131/><E72/><V111/><F113/><W109/><G36/><T56/><D132/><U6/><E121/><V128/><F111/><W68/><G68/><T74/><D74/><U24/><E64/><V90/><F128/><W7/><G7/><T75/><D75/><U42/><E131/><V0/><F63/><W60/><G60/><T38/><D38/><U32/><E32/><V126/><F126/><W37/><G37/><T69/><D94/><U15/><E24/><V14/><F14/><W112/><G112/><T58/><D8/><U43/><E52/><V101/><F101/><W127/><G127/><T89/><D89/><U122/><E122/><V30/><F90/><W102/><G25/><T73/><D73/><U97/><E97/><V22/><F1/><W17/><G35/><T70/><REACH who="0" step="1"/><D54/><REACH who="0" ten="201,346,329,114" step="2"/><U134/><E134/><V33/><F33/><AGARI ba="1,1" hai="26,28,29,31,33,56,57,58,61,62,66,67,69,70" machi="33" ten="40,5200,0" yaku="1,1,2,1,9,1,53,0" doraHai="78" doraHaiUra="41" who="0" fromWho="2" sc="201,65,346,0,329,-55,114,0" /><INIT seed="2,0,0,3,2,60" ten="266,346,274,114" oya="2" hai0="30,13,110,16,61,102,129,89,12,125,106,22,120" hai1="115,63,127,135,27,40,64,42,134,123,119,8,15" hai2="48,49,117,121,20,1,33,97,11,34,85,44,25" hai3="10,7,68,122,29,17,93,24,56,109,118,131,81"/><V69/><F117/><W65/><G118/><T79/><D110/><U0/><E119/><V18/><F121/><W128/><G109/><T76/><D120/><U26/><E115/><V105/><F69/><W99/><G122/><T94/><D129/><N who="3" m="49737" /><G68/><T87/><D125/><U35/><E0/><V104/><F49/><W23/><G81/><T107/><D30/><N who="1" m="19927" /><E27/><V113/><F113/><W71/><G71/><T88/><D107/><U77/><E77/><N who="0" m="29769" /><D102/><U52/><E52/><V111/><F111/><W53/><G7/><T32/><D32/><U82/><E82/><V130/><F130/><W5/><G5/><T73/><D106/><U75/><E75/><V67/><F85/><W133/><G133/><N who="1" m="50698" /><E127/><V91/><F1/><W70/><G70/><T36/><D36/><U101/><E101/><V4/><F104/><W9/><G29/><T39/><D39/><U3/><E3/><V51/><F105/><W6/><G6/><T58/><D89/><U95/><E95/><V57/><F4/><W41/><G41/><T50/><D50/><U72/><E72/><V90/><F51/><N who="3" m="30783" /><G65/><N who="0" m="39095" /><D73/><U43/><E123/><V62/><F48/><W80/><G80/><T31/><D31/><U86/><E43/><V78/><F78/><W84/><G84/><T108/><D108/><U124/><E86/><V112/><F112/><W46/><G46/><T54/><D54/><U98/><E124/><V45/><F45/><W37/><G37/><T103/><D103/><AGARI ba="0,0" hai="9,10,17,23,24,93,99,103" m="30783,49737" machi="103" ten="30,1000,0" yaku="19,1" doraHai="60" who="3" fromWho="0" sc="266,-10,346,0,274,0,114,10" /><INIT seed="3,0,0,1,0,99" ten="256,346,274,124" oya="3" hai0="125,79,71,67,16,44,38,123,45,10,124,4,106" hai1="33,96,102,70,128,132,115,48,39,74,111,114,2" hai2="32,34,56,14,93,9,81,97,55,94,73,110,88" hai3="109,66,63,108,65,86,116,76,118,27,72,83,23"/><W1/><G1/><T18/><D106/><U37/><RYUUKYOKU type="yao9" ba="0,0" sc="256,0,346,0,274,0,124,0" hai1="2,33,37,39,48,70,74,96,102,111,114,115,128,132" /><INIT seed="3,1,0,0,1,38" ten="256,346,274,124" oya="3" hai0="28,93,56,96,119,118,106,41,135,107,125,48,126" hai1="29,4,21,82,34,16,20,98,94,44,75,72,127" hai2="0,59,19,79,116,53,105,54,50,113,55,18,6" hai3="65,68,13,99,122,7,62,15,101,133,108,84,14"/><W47/><G122/><T97/><D28/><U86/><E34/><V9/><F113/><W36/><G133/><T131/><D135/><U104/><E104/><V52/><F116/><W128/><G128/><T58/><D131/><U24/><E4/><V1/><F105/><W71/><G108/><T2/><D2/><U10/><E10/><V92/><F1/><W114/><G114/><T5/><D5/><U91/><E44/><V63/><F79/><W77/><G7/><T17/><D17/><U134/><E127/><N who="0" m="48649" /><D107/><U32/><E32/><V120/><F120/><W132/><G132/><T64/><D106/><U43/><E43/><V117/><F117/><W115/><G115/><T57/><D64/><U111/><E111/><V81/><F81/><W49/><G71/><T33/><D97/><U73/><E73/><V39/><F39/><W95/><G36/><T23/><D23/><U76/><E134/><V42/><REACH who="2" step="1"/><F92/><REACH who="2" ten="256,346,264,124" step="2"/><W110/><G110/><T37/><D37/><U67/><E82/><V103/><F103/><W51/><REACH who="3" step="1"/><G47/><AGARI ba="1,1" hai="0,6,9,18,19,42,47,50,52,53,54,55,59,63" machi="47" ten="40,5200,0" yaku="1,1,52,1,54,1,53,0" doraHai="38" doraHaiUra="83" who="2" fromWho="3" sc="256,0,346,0,264,65,124,-55" owari="256,-14.4,346,44.6,329,12.9,69,-43.1" /></mjloggm>