<mjloggm ver="2.3"><GO type="225" lobby="0"/><UN n0="%E3%83%A9%E3%82%B9%E7%8E%87%EF%BC%93%E5%89%B2" n1="%E6%B7%91%E5%A5%B3%E3%81%AE%E5%97%9C%E3%81%BF" n2="%E6%81%A5%E6%99%92%E3%81%97" n3="%E5%91%A8%E6%9D%B1" dan="16,16,16,17" rate="2188.91,2112.07,2178.70,2202.26" sx="F,M,M,M"/><TAIKYOKU oya="0"/><INIT seed="0,0,0,1,5,71" ten="250,250,250,250" oya="0" hai0="118,86,37,108,78,55,19,33,133,59,134,99,123" hai1="6,5,129,85,121,18,60,120,16,104,132,73,106" hai2="52,44,45,115,39,75,40,53,21,57,35,126,56" hai3="92,63,49,97,88,90,113,7,25,72,36,79,100"/><T110/><D118/><U83/><E73/><V111/><F35/><W3/><G113/><T29/><D123/><U105/><E129/><V46/><F75/><W91/><G36/><T48/><D37/><U96/><E132/><N who="0" m="50793" /><D29/><U87/><E96/><V74/><F74/><W80/><G63/><T12/><D99/><U22/><E60/><N who="2" m="35855" /><F21/><W28/><G49/><T50/><D50/><U76/><E87/><V125/><F115/><W130/><G130/><T9/><D33/><U20/><E120/><V70/><F70/><W30/><REACH who="3" step="1"/><G25/><REACH who="3" ten="250,250,250,240" step="2"/><T27/><D27/><U54/><E121/><V31/><F111/><N who="0" m="42538" /><D86/><U68/><E68/><V81/><F31/><W10/><AGARI ba="0,1" hai="3,7,10,28,30,72,79,80,88,90,91,92,97,100" machi="10" ten="30,7900,0" yaku="1,1,0,1,54,1,53,1" doraHai="71" doraHaiUra="93" who="3" fromWho="3" sc="250,-39,250,-20,250,-20,240,89" /><INIT seed="1,0,0,5,4,95" ten="211,230,230,329" oya="1" hai0="75,128,124,7,87,69,17,61,32,49,37,93,134" hai1="94,18,83,46,123,117,112,14,125,65,58,39,63" hai2="121,131,72,132,113,38,111,45,62,55,43,99,97" hai3="23,9,67,1,119,81,42,104,56,25,30,15,5"/><U50/><E112/><V10/><F121/><W107/><G119/><T70/><D37/><U29/><E123/><V40/><F113/><W31/><G42/><T59/><D75/><U91/><E125/><V102/><F111/><W126/><G126/><T34/><D124/><U120/><E120/><V4/><F72/><W64/><G31/><T28/><D128/><U89/><E39/><V11/><F131/><W19/><G81/><T33/><D134/><U51/><E29/><V73/><F132/><W98/><G56/><T20/><D7/><U105/><E105/><V109/><F109/><W53/><G53/><T47/><D28/><U116/><E116/><V3/><F43/><W77/><G77/><T100/><D47/><U129/><E129/><V21/><F102/><N who="3" m="62551" /><G107/><T106/><D106/><U52/><E117/><V24/><F11/><W41/><G41/><T86/><D49/><N who="1" m="28727" /><E89/><V22/><F73/><W8/><G8/><T35/><N who="0" m="8192" /><DORA hai="66" /><T133/><D133/><U115/><E83/><V27/><F55/><W114/><G114/><T85/><D100/><U74/><E74/><V71/><F62/><W90/><G90/><T36/><D93/><U108/><E108/><V88/><F88/><W127/><G127/><T122/><D36/><U26/><E115/><V103/><F103/><W0/><G0/><T44/><D44/><U12/><E91/><V6/><F6/><W13/><G1/><T78/><D78/><U80/><E94/><V118/><F118/><W76/><G76/><T68/><D122/><U82/><E82/><V92/><F92/><W60/><G5/><RYUUKYOKU ba="0,0" sc="211,0,230,0,230,0,329,0" /><INIT seed="2,1,0,4,3,91" ten="211,230,230,329" oya="2" hai0="135,69,16,74,133,134,115,118,49,8,63,95,25" hai1="38,54,100,57,37,77,82,36,9,127,117,90,132" hai2="111,94,12,11,123,75,116,10,108,64,48,0,80" hai3="86,128,56,51,3,45,60,47,24,124,126,29,30"/><V6/><F116/><W102/><G3/><T55/><D118/><U5/><E117/><V42/><F123/><W131/><G102/><T28/><D74/><U84/><E127/><N who="3" m="48682" /><G86/><T85/><D115/><U101/><E77/><V103/><F64/><N who="3" m="38919" /><G30/><T40/><D40/><U112/><E132/><V15/><F75/><W71/><G71/><T22/><D63/><U32/><E112/><V19/><F80/><W129/><G51/><T35/><D69/><U4/><E32/><AGARI ba="1,0" hai="24,29,32,45,47,128,129,131" m="38919,48682" machi="32" ten="40,2600,0" yaku="19,1,18,1" doraHai="91" who="3" fromWho="1" sc="211,0,230,-29,230,0,329,29" /><INIT seed="3,0,0,1,5,106" ten="211,201,230,358" oya="3" hai0="14,119,75,63,29,8,130,83,87,64,105,79,124" hai1="115,126,65,28,9,98,125,135,129,133,25,53,70" hai2="89,13,61,108,113,68,12,11,17,85,47,33,44" hai3="60,7,39,10,90,18,45,48,101,51,52,55,76"/><W69/><G101/><T88/><D119/><U86/><E115/><V103/><F113/><W56/><G18/><T6/><D105/><U49/><E98/><V102/><F33/><W118/><G118/><T46/><D130/><U41/><E41/><V71/><F108/><W3/><G76/><T93/><D124/><N who="1" m="47723" /><E86/><V5/><F61/><W121/><G121/><T31/><D46/><N who="2" m="17450" /><F68/><AGARI ba="0,0" hai="6,8,14,29,31,63,64,68,75,79,83,87,88,93" machi="68" ten="30,3900,0" yaku="7,1,52,1,54,1" doraHai="106" who="0" fromWho="2" sc="211,39,201,0,230,-39,358,0" owari="250,5.0,201,-19.9,191,-30.9,358,45.8" /></mjloggm>