<mjloggm ver="2.3"><GO type="225" lobby="0"/><UN n0="%E3%82%AF%E3%82%A3%E3%82%A6" n1="%E5%B8%86%E7%AB%8B%E5%A4%8F%E8%A1%A3" n2="%74%61%6B%65%2D%79%6F%75" n3="%E3%81%AF%E3%82%88%E3%81%8A%E3%81%98%E3%81%95%E3%82%93" dan="16,17,16,17" rate="2086.36,2199.69,2131.99,2135.49" sx="M,M,M,M"/><TAIKYOKU oya="0"/><INIT seed="0,0,0,0,2,41" ten="250,250,250,250" oya="0" hai0="58,42,106,55,38,46,111,97,11,123,112,88,35" hai1="107,20,129,76,100,17,63,39,53,117,101,29,59" hai2="126,31,125,98,49,48,43,51,75,65,108,8,23" hai3="32,103,16,116,64,95,80,60,9,3,1,71,122"/><T24/><D112/><U104/><E117/><V19/><F75/><W110/><G116/><T133/><D123/><U47/><E129/><V128/><F65/><W10/><G32/><T12/><D133/><U6/><E29/><V113/><F31/><W78/><G110/><T130/><D130/><U73/><E6/><V120/><F120/><W57/><G71/><T22/><D35/><U44/><E73/><V77/><F77/><W0/><G122/><T45/><D111/><U99/><E76/><V72/><F72/><W115/><G115/><T25/><D106/><U69/><E39/><V96/><F8/><W83/><G78/><T50/><D22/><U56/><E69/><V66/><F66/><W70/><G70/><T124/><D124/><N who="2" m="47722" /><F113/><W86/><G10/><T37/><D37/><U62/><E101/><V34/><F34/><W21/><G9/><T119/><D119/><U127/><E104/><V40/><F128/><W26/><REACH who="3" step="1"/><G103/><REACH who="3" ten="250,250,250,240" step="2"/><T4/><REACH who="0" step="1"/><D58/><REACH who="0" ten="240,250,250,240" step="2"/><U30/><E127/><V14/><F108/><W74/><G74/><T54/><D54/><U94/><E107/><V91/><F23/><W131/><G131/><T109/><D109/><U134/><E134/><V114/><F114/><W79/><G79/><T102/><D102/><U15/><E30/><V84/><F43/><W89/><AGARI ba="0,2" hai="0,1,3,16,21,26,57,60,64,80,83,86,89,95" machi="89" ten="40,5200,0" yaku="1,1,0,1,54,1,53,0" doraHai="41" doraHaiUra="105" who="3" fromWho="3" sc="240,-26,250,-13,250,-13,240,72" /><INIT seed="1,0,0,2,3,122" ten="214,237,237,312" oya="1" hai0="5,0,32,96,46,104,39,64,105,52,70,18,26" hai1="114,57,75,41,30,102,124,8,55,11,117,9,29" hai2="42,119,99,23,134,108,132,73,7,15,90,33,40" hai3="79,35,34,14,12,126,3,111,45,47,67,135,86"/><U22/><E114/><V2/><F33/><W50/><G3/><T106/><D18/><U71/><E75/><V77/><F2/><W61/><G126/><T93/><D70/><U88/><E71/><V115/><F77/><W103/><G135/><N who="2" m="51753" /><F73/><W21/><G103/><T24/><D64/><U48/><E117/><V4/><F119/><W63/><G86/><T66/><D66/><U131/><E131/><V31/><F115/><W128/><G79/><T78/><D32/><U65/><E65/><V36/><F36/><W20/><G67/><T72/><D0/><U84/><E102/><V121/><F121/><W13/><G50/><T101/><D5/><N who="2" m="2122" /><F108/><W120/><G120/><T80/><REACH who="0" step="1"/><D39/><REACH who="0" ten="204,237,237,312" step="2"/><U113/><E113/><V74/><F31/><W83/><G35/><T129/><D129/><U28/><E124/><V91/><F23/><W1/><G34/><T109/><D109/><U123/><E123/><V130/><F130/><W62/><G1/><T94/><D94/><N who="1" m="54535" /><E41/><V27/><F40/><W25/><G128/><T51/><AGARI ba="0,1" hai="24,26,46,51,52,72,78,80,93,96,101,104,105,106" machi="51" ten="40,8000,1" yaku="1,1,0,1,54,1,53,1" doraHai="122" doraHaiUra="89" who="0" fromWho="0" sc="204,90,237,-40,237,-20,312,-20" /><INIT seed="2,0,0,1,3,56" ten="294,197,217,292" oya="2" hai0="48,27,75,31,132,99,128,76,19,5,103,126,90" hai1="55,127,124,117,68,22,78,86,51,37,60,130,47" hai2="58,45,2,73,65,94,133,64,1,34,89,69,10" hai3="52,101,91,107,116,62,121,23,59,120,110,82,29"/><V57/><F73/><W81/><G116/><T15/><D126/><N who="1" m="48171" /><E22/><V39/><F34/><W134/><G110/><T114/><D114/><U79/><E117/><V49/><F39/><W63/><G134/><T46/><D128/><U84/><E130/><V28/><F28/><W88/><G107/><T112/><D112/><U119/><E119/><V129/><F133/><W109/><G109/><T7/><D132/><U96/><E96/><V83/><F83/><N who="3" m="31755" /><G101/><T25/><D90/><N who="3" m="34345" /><G121/><T135/><D76/><N who="1" m="29227" /><E37/><V77/><F77/><W85/><G120/><T70/><D70/><U30/><E30/><V95/><F69/><W102/><G102/><T87/><D87/><N who="1" m="33323" /><E68/><V4/><F129/><W42/><G85/><T92/><D75/><U21/><E21/><V0/><F89/><W18/><G42/><N who="0" m="24663" /><D135/><U26/><E26/><N who="0" m="9737" /><D31/><U115/><E115/><V97/><F97/><W93/><G29/><T24/><N who="0" m="9745" /><T108/><DORA hai="36" /><D108/><U61/><AGARI ba="0,0" hai="47,51,55,60,61" m="33323,29227,48171" machi="61" ten="40,5200,0" yaku="18,1,52,2" doraHai="56,36" who="1" fromWho="1" sc="294,-13,197,52,217,-26,292,-13" /><INIT seed="3,0,0,0,0,107" ten="281,249,191,279" oya="3" hai0="86,99,29,117,12,62,88,55,18,9,36,0,66" hai1="83,39,114,135,16,54,109,112,105,77,47,110,134" hai2="28,90,96,92,6,26,106,50,97,17,38,93,75" hai3="123,124,98,68,2,56,57,130,108,37,11,102,14"/><W79/><G123/><T131/><D117/><U121/><E105/><V111/><F38/><W72/><G68/><T74/><D131/><U34/><E121/><V43/><F111/><N who="1" m="42505" /><E34/><V82/><F106/><W41/><G108/><T95/><D36/><U100/><E100/><V40/><F6/><N who="3" m="1495" /><G14/><T32/><D74/><N who="1" m="43447" /><E16/><V94/><F17/><W104/><G124/><T91/><D0/><U20/><E20/><V4/><F4/><W15/><G15/><T85/><D55/><U80/><E80/><V129/><F129/><W53/><G53/><T27/><D91/><U63/><E63/><V3/><F3/><W73/><G73/><T120/><D120/><U119/><E54/><V122/><F122/><W70/><G70/><AGARI ba="0,0" hai="9,12,18,27,29,32,62,66,70,85,86,88,95,99" machi="70" ten="30,2000,0" yaku="7,1,54,1" doraHai="107" who="0" fromWho="3" sc="281,20,249,0,191,0,279,-20" owari="301,40.1,249,-15.1,191,-30.9,259,5.9" /></mjloggm>