<mjloggm ver="2.3"><GO type="225" lobby="0"/><UN n0="%6B%75%7A%75%6E" n1="%4C%4F%4C%49%54%41" n2="%E3%82%B3%E3%83%90%E3%83%AC%E3%82%A4" n3="%E3%81%8B%E3%82%8F%E3%81%A1%E3%82%83%E3%82%93%35%38" dan="17,16,16,16" rate="2146.53,2212.00,2169.40,2144.18" sx="M,F,M,M"/><TAIKYOKU oya="0"/><INIT seed="0,0,0,3,5,9" ten="250,250,250,250" oya="0" hai0="56,68,0,37,82,132,102,4,96,88,41,106,131" hai1="46,125,5,3,89,33,1,83,57,44,60,47,117" hai2="29,7,129,34,123,84,52,97,75,114,104,135,30" hai3="111,35,109,81,74,32,112,103,65,8,127,63,27"/><T86/><D132/><U45/><E117/><V67/><F75/><W39/><G112/><T14/><D131/><U107/><E107/><V122/><F135/><W108/><G127/><T42/><D68/><U18/><E33/><V21/><F34/><W36/><G103/><T22/><D37/><N who="3" m="14409" /><G27/><T116/><D116/><U61/><E125/><V17/><F129/><W19/><G19/><T15/><D56/><U59/><E5/><V20/><F114/><W119/><G119/><T120/><D120/><U28/><E28/><V105/><F7/><W2/><G8/><T72/><D0/><U40/><E18/><V64/><F17/><W24/><G24/><T16/><D4/><U77/><E1/><V126/><F126/><W25/><G25/><T53/><D53/><N who="1" m="33839" /><E3/><V66/><F97/><W38/><N who="3" m="14417" /><W54/><DORA hai="43" /><G54/><T134/><D134/><U69/><E69/><V76/><F52/><W31/><G31/><T73/><D73/><U71/><E71/><V26/><F76/><N who="3" m="44183" /><G2/><T90/><D15/><U128/><E128/><V93/><F26/><W133/><G133/><T91/><REACH who="0" step="1"/><D72/><REACH who="0" ten="240,250,250,250" step="2"/><U80/><E59/><AGARI ba="0,1" hai="32,35,59,63,65,108,109,111" m="44183,14417" machi="59" ten="50,1600,0" yaku="14,1" doraHai="9,43" who="3" fromWho="1" sc="240,0,250,-16,250,0,250,26" /><INIT seed="1,0,0,2,5,83" ten="240,234,250,276" oya="1" hai0="63,112,5,91,89,41,1,29,82,80,72,51,30" hai1="34,62,104,71,48,132,94,49,90,134,96,113,84" hai2="99,54,86,114,17,128,120,55,115,95,103,108,70" hai3="116,46,98,117,6,52,45,3,2,119,27,42,57"/><U100/><E113/><V20/><F70/><W10/><G2/><T22/><D112/><U31/><E49/><V121/><F128/><W39/><G45/><N who="0" m="26031" /><D72/><U69/><E48/><V122/><F108/><W102/><G27/><N who="0" m="16631" /><D1/><U65/><E71/><V58/><F55/><W127/><G127/><T118/><D5/><U21/><E21/><V73/><F73/><W87/><G87/><N who="0" m="50407" /><D118/><U125/><E125/><V40/><F40/><W135/><G135/><T15/><D30/><U77/><E77/><V105/><F105/><W11/><G6/><T68/><D68/><U50/><E50/><V81/><F54/><W8/><G3/><T126/><D126/><U0/><REACH who="1" step="1"/><E0/><REACH who="1" ten="240,224,250,276" step="2"/><V14/><F58/><W60/><REACH who="3" step="1"/><G10/><REACH who="3" ten="240,224,250,266" step="2"/><T107/><D15/><U111/><E111/><V88/><AGARI ba="0,2" hai="14,17,20,81,86,88,95,99,103,114,115,120,121,122" machi="88" ten="40,5200,0" yaku="0,1,52,1,54,1" doraHai="83" who="2" fromWho="2" sc="240,-13,224,-26,250,72,266,-13" /><INIT seed="2,0,0,4,5,0" ten="227,198,322,253" oya="2" hai0="35,127,95,66,25,32,122,54,129,16,107,69,78" hai1="19,13,51,82,7,113,36,10,97,90,1,71,21" hai2="110,18,108,116,115,99,88,48,67,50,57,80,61" hai3="27,133,62,104,96,12,4,55,86,31,112,26,87"/><V44/><F116/><W8/><G133/><T79/><D122/><U28/><E36/><V3/><F3/><W117/><G117/><T85/><D107/><U124/><E113/><V24/><F115/><W118/><G118/><T114/><D114/><U84/><E71/><V131/><F131/><W15/><G112/><T43/><D69/><U56/><E124/><V39/><F39/><W72/><G72/><T41/><D127/><U14/><E28/><V91/><F50/><W101/><G26/><T42/><D66/><U111/><E111/><N who="2" m="42539" /><F80/><W103/><G103/><T119/><D119/><U121/><E121/><V70/><F99/><W126/><G126/><T81/><D129/><U83/><E97/><V132/><F70/><W60/><G12/><T58/><D78/><U130/><E130/><V93/><F93/><W105/><G105/><T59/><D95/><U120/><E120/><V92/><F92/><W46/><G62/><T134/><D134/><U9/><E83/><V63/><F63/><W22/><REACH who="3" step="1"/><G46/><REACH who="3" ten="227,198,322,243" step="2"/><T77/><D35/><U128/><E128/><V5/><F132/><W73/><G73/><T11/><D32/><U135/><E135/><V89/><F24/><W94/><G94/><T75/><D25/><U6/><REACH who="1" step="1"/><E51/><REACH who="1" ten="227,188,322,243" step="2"/><V37/><F37/><W52/><G52/><T47/><D54/><U49/><E49/><V68/><F48/><W30/><G30/><T106/><D47/><U123/><E123/><V109/><F109/><W102/><G102/><T38/><D38/><U40/><E40/><V64/><F44/><W98/><G98/><T76/><D43/><RYUUKYOKU ba="0,2" sc="227,-15,188,15,322,-15,243,15" hai1="1,6,7,9,10,13,14,19,21,56,82,84,90" hai3="4,8,15,22,27,31,55,60,86,87,96,101,104" /><INIT seed="3,1,2,2,5,69" ten="212,203,307,258" oya="3" hai0="115,120,112,124,20,9,6,47,61,64,76,133,41" hai1="123,32,60,79,128,35,102,125,30,43,97,13,1" hai2="116,67,74,118,83,81,54,132,114,57,100,134,130" hai3="119,108,46,95,87,99,4,86,48,59,98,111,65"/><W131/><G119/><N who="2" m="45609" /><F67/><W77/><G131/><T5/><D120/><U40/><E123/><V109/><F130/><W92/><G4/><T82/><D20/><U103/><E128/><V56/><F74/><W34/><G34/><T39/><D133/><N who="2" m="51306" /><F114/><N who="0" m="43562" /><D9/><U3/><E79/><V23/><F57/><W96/><G59/><N who="0" m="36927" /><D124/><U113/><E113/><V42/><F100/><W27/><G27/><T37/><D39/><U36/><E36/><V15/><F42/><W18/><G18/><T44/><D44/><U107/><E125/><V11/><F23/><W88/><G65/><T16/><D16/><U53/><E30/><V129/><F129/><W71/><G71/><T80/><D80/><U51/><E35/><V28/><F28/><W22/><G22/><T106/><D106/><U10/><E32/><V14/><F14/><W78/><G46/><T90/><D90/><U7/><E103/><V94/><F94/><N who="3" m="35883" /><G48/><T72/><AGARI ba="1,2" hai="5,6,37,41,47,72,76,82" m="36927,43562" machi="72" ten="30,2000,0" yaku="11,1,52,1" doraHai="69" who="0" fromWho="0" sc="212,43,203,-6,307,-6,258,-11" owari="255,5.5,197,-30.3,301,40.1,247,-15.3" /></mjloggm>