<mjloggm ver="2.3"><GO type="225" lobby="0"/><UN n0="%70%68%65%6E%6F%6D%65" n1="%33%74%72%65%65" n2="%E4%B8%8B%E4%BA%95%E8%8D%89" n3="%E3%81%BF%E3%81%BF%E3%81%9A" dan="16,17,16,18" rate="2155.02,2206.59,2145.20,2204.35" sx="M,F,M,M"/><TAIKYOKU oya="0"/><INIT seed="0,0,0,2,4,92" ten="250,250,250,250" oya="0" hai0="19,65,122,6,90,38,102,28,126,66,3,101,53" hai1="68,24,116,124,13,114,12,39,8,112,23,59,27" hai2="10,77,35,81,72,42,56,57,84,127,113,33,94" hai3="34,103,0,76,26,86,16,119,85,48,45,120,128"/><T31/><D122/><U96/><E68/><V15/><F113/><N who="1" m="43625" /><E39/><V21/><F127/><W87/><G119/><T129/><D38/><U69/><E69/><V5/><F33/><W115/><G115/><T74/><D74/><U134/><E116/><V36/><F35/><W37/><G37/><T54/><D126/><U49/><E124/><V133/><F133/><W30/><G128/><T51/><D129/><U18/><E134/><V104/><F104/><W131/><G131/><T75/><D75/><U80/><E80/><V44/><F21/><W78/><G0/><T70/><D70/><U1/><E1/><V88/><AGARI ba="0,0" hai="5,10,15,36,42,44,56,57,72,77,81,84,88,94" machi="88" ten="30,2000,0" yaku="0,1,54,1" doraHai="92" who="2" fromWho="2" sc="250,-10,250,-5,250,20,250,-5" /><INIT seed="1,0,0,0,4,105" ten="240,245,270,245" oya="1" hai0="40,32,78,130,88,109,112,92,107,11,49,27,16" hai1="58,29,62,77,135,86,98,54,25,82,115,12,123" hai2="129,83,63,43,42,72,1,134,59,124,132,106,93" hai3="71,99,51,108,17,53,74,46,22,55,103,114,79"/><U65/><E115/><V119/><F1/><W96/><G114/><T66/><D112/><U101/><E123/><V0/><F0/><W70/><G108/><T7/><D107/><U95/><E135/><N who="2" m="51755" /><F119/><W89/><G89/><T69/><D109/><U9/><E54/><N who="2" m="34295" /><F106/><W104/><G99/><T4/><D130/><U50/><E50/><V13/><F129/><W87/><G87/><T52/><D40/><U38/><E38/><V121/><F124/><W37/><G55/><T48/><D78/><U35/><E12/><V113/><F121/><W33/><G33/><T60/><D49/><U102/><REACH who="1" step="1"/><E9/><REACH who="1" ten="240,235,270,245" step="2"/><V19/><F113/><W5/><G37/><T20/><D11/><U8/><E8/><N who="2" m="6567" /><F93/><W118/><G118/><T6/><D32/><U110/><E110/><V120/><F120/><W2/><G2/><T84/><D7/><U131/><E131/><V26/><F26/><W36/><G5/><T47/><AGARI ba="0,1" hai="4,6,16,20,27,47,48,52,60,66,69,84,88,92" machi="47" ten="20,8000,1" yaku="0,1,7,1,54,3" doraHai="105" who="0" fromWho="0" sc="240,90,235,-40,270,-20,245,-20" /><INIT seed="2,0,0,2,4,33" ten="330,195,250,225" oya="2" hai0="118,1,17,77,71,81,110,131,59,83,89,20,119" hai1="42,13,88,21,57,125,91,23,93,130,74,14,37" hai2="112,94,52,34,115,100,84,31,24,0,56,27,7" hai3="50,73,64,2,22,103,111,86,132,6,106,70,82"/><V9/><F24/><W66/><G111/><T4/><D71/><U12/><E74/><V87/><F87/><W3/><G73/><T113/><D113/><U60/><E130/><V127/><F127/><W35/><G35/><T135/><D110/><U78/><E125/><V19/><F19/><W122/><G122/><T65/><D135/><U114/><E114/><V123/><F123/><W126/><G126/><T101/><D101/><U97/><E78/><V11/><F11/><W51/><G132/><T45/><D45/><U26/><E37/><V55/><F55/><W10/><G2/><T104/><D104/><U96/><E42/><V80/><F94/><W53/><G22/><T117/><D89/><U85/><E26/><V124/><F100/><W39/><G39/><T32/><D32/><U63/><E63/><V79/><REACH who="2" step="1"/><F124/><REACH who="2" ten="330,195,240,225" step="2"/><W102/><G102/><T48/><D17/><U105/><E105/><V47/><F47/><W16/><G16/><T92/><D92/><N who="1" m="56327" /><E85/><V72/><F72/><W58/><G103/><T18/><D18/><U121/><E121/><V36/><F36/><W46/><G106/><T61/><D118/><U109/><E109/><V41/><F41/><W29/><G29/><T25/><D117/><U133/><E133/><V44/><F44/><W15/><G86/><T8/><D119/><U69/><E69/><V128/><F128/><W98/><G70/><T40/><D131/><U67/><AGARI ba="0,1" hai="12,13,14,21,23,57,60,67,91,93,97" m="56327" machi="67" ten="30,2000,0" yaku="8,1,54,1" doraHai="33" who="1" fromWho="1" sc="330,-5,195,30,240,-10,225,-5" /><INIT seed="3,0,0,0,0,8" ten="325,225,230,220" oya="3" hai0="85,99,105,91,115,28,103,75,47,79,70,2,100" hai1="131,16,11,42,80,26,33,114,86,25,92,58,40" hai2="52,6,66,128,61,106,89,34,96,108,13,121,78" hai3="7,104,73,27,51,5,45,60,113,29,98,72,57"/><W77/><G113/><T24/><D2/><U127/><E114/><V44/><F34/><W110/><G110/><T126/><D115/><U124/><E92/><N who="2" m="56335" /><F106/><W88/><G73/><T48/><D70/><U112/><E131/><V116/><F116/><W74/><G72/><T125/><D100/><U31/><E58/><N who="2" m="37175" /><F108/><W23/><G77/><T39/><D39/><U97/><E112/><V83/><F128/><W4/><G74/><T82/><D48/><U119/><E119/><V101/><F121/><W122/><G122/><T43/><D47/><U134/><E134/><V67/><F67/><N who="3" m="39311" /><G104/><T94/><D43/><U22/><E97/><V12/><F6/><N who="3" m="1539" /><W123/><DORA hai="15" /><G123/><T50/><D50/><U19/><E124/><V65/><F65/><W130/><G130/><T55/><D55/><U18/><E127/><V133/><F101/><W68/><G68/><T37/><D37/><U41/><REACH who="1" step="1"/><E11/><REACH who="1" ten="325,215,230,220" step="2"/><V1/><F133/><W35/><G35/><AGARI ba="0,1" hai="24,28,35,75,79,82,85,91,94,99,103,105,125,126" machi="35" ten="40,2600,0" yaku="24,2" doraHai="8,15" who="0" fromWho="3" sc="325,36,215,0,230,0,220,-26" owari="361,46.1,215,-18.5,230,3.0,194,-30.6" /></mjloggm>