<mjloggm ver="2.3"><GO type="225" lobby="0"/><UN n0="%E8%81%B7%E6%A5%AD%E3%80%81%E9%A2%A8%32" n1="%E3%83%96%E3%83%83%E3%83%91%E3%82%AA%E3%83%96%E3%83%81%E3%82%AD%E3%83%B3" n2="%E3%83%81%E3%83%A7%E3%83%99%E3%83%83%E3%82%AF" n3="%E6%81%A5%E6%99%92%E3%81%97" dan="16,16,16,16" rate="2143.31,2213.56,2092.96,2096.55" sx="M,M,M,M"/><TAIKYOKU oya="0"/><INIT seed="0,0,0,4,4,134" ten="250,250,250,250" oya="0" hai0="116,110,105,103,98,82,92,113,101,99,11,102,34" hai1="126,88,30,38,48,18,87,16,90,63,112,4,46" hai2="43,8,117,122,49,37,1,85,78,128,72,73,75" hai3="47,66,97,77,12,86,58,89,93,22,81,106,83"/><T2/><D116/><U121/><E121/><V111/><F122/><W74/><G47/><T107/><D34/><U104/><E112/><V31/><F37/><W44/><G44/><T10/><D113/><U59/><E104/><N who="0" m="40009" /><D2/><U53/><E38/><V108/><F43/><W5/><G83/><T36/><D36/><U119/><E119/><V69/><F49/><W68/><G68/><T61/><D61/><U57/><E126/><V25/><F69/><W14/><G22/><T27/><D27/><U118/><E118/><V52/><F52/><W35/><G5/><T100/><D11/><U19/><E4/><N who="2" m="1039" /><F128/><W6/><G6/><T20/><D20/><U76/><E30/><V13/><F13/><W32/><G14/><T65/><D10/><U132/><E132/><V21/><F117/><W80/><G12/><T50/><D50/><U42/><REACH who="1" step="1"/><E59/><REACH who="1" ten="250,240,250,250" step="2"/><V23/><F31/><W71/><G71/><T125/><D125/><U24/><E24/><V41/><F25/><W124/><G124/><T15/><D15/><U109/><E109/><N who="2" m="42059" /><F41/><W7/><G106/><N who="0" m="63767" /><D110/><U135/><E135/><V29/><F29/><W123/><G123/><T0/><D0/><U39/><E39/><V51/><F51/><W64/><G7/><T17/><D17/><U91/><E91/><V9/><F9/><W95/><G35/><T67/><D103/><U33/><E33/><V115/><F115/><W79/><G32/><T70/><D102/><U127/><E127/><V60/><F60/><W54/><G64/><N who="0" m="24651" /><D70/><U96/><E96/><V133/><F133/><W94/><G66/><T3/><D3/><RYUUKYOKU ba="0,1" sc="250,0,240,0,250,0,250,0" hai0="82,92,99,101" hai1="16,18,19,42,46,48,53,57,63,76,87,88,90" hai2="21,23,72,73,75,78,85" hai3="54,58,74,77,79,80,81,86,89,93,94,95,97" /><INIT seed="0,1,1,1,3,85" ten="250,240,250,250" oya="0" hai0="83,43,77,61,58,107,19,44,101,67,105,11,54" hai1="57,81,92,24,45,48,71,22,12,118,126,111,114" hai2="23,13,55,100,64,21,131,51,2,110,109,112,117" hai3="75,69,60,10,41,88,27,0,6,119,53,97,108"/><T116/><D116/><U47/><E118/><V129/><F2/><W102/><G119/><T99/><D11/><U133/><E71/><V26/><F64/><W36/><G75/><T28/><D28/><U113/><E111/><N who="2" m="42507" /><F100/><W130/><G130/><N who="2" m="49673" /><F117/><W59/><G108/><T124/><D124/><U94/><E126/><V95/><F95/><N who="1" m="36393" /><E133/><V134/><F134/><W20/><G69/><T120/><D120/><U17/><E81/><V62/><F62/><W34/><G34/><T132/><D132/><U16/><E114/><V3/><F3/><W33/><G33/><T15/><D107/><U56/><E113/><V31/><F112/><W128/><G128/><T30/><D30/><U135/><E135/><V9/><F23/><W40/><G102/><T115/><D115/><U123/><E123/><V73/><F73/><W91/><G97/><T50/><D67/><U93/><N who="1" m="36401" /><U49/><DORA hai="18" /><E49/><V29/><F29/><W70/><G70/><T14/><REACH who="0" step="1"/><D19/><REACH who="0" ten="240,240,250,250" step="2"/><U121/><E121/><V98/><F98/><W68/><G68/><T5/><D5/><U106/><E106/><V80/><F80/><W46/><G41/><T127/><D127/><U86/><E17/><AGARI ba="1,2" hai="0,6,10,17,20,27,36,40,46,53,59,60,88,91" machi="17" ten="30,8000,1" yaku="7,1,52,3,54,1" doraHai="85,18" who="3" fromWho="1" sc="240,0,240,-83,250,0,250,103" /><INIT seed="1,0,0,3,5,18" ten="240,157,250,353" oya="1" hai0="29,69,130,64,67,126,99,106,66,85,114,39,23" hai1="81,50,118,5,72,46,20,129,75,97,121,122,61" hai2="31,33,17,94,74,100,101,108,113,6,82,127,83" hai3="70,45,43,40,21,7,55,32,120,76,59,49,87"/><U65/><E118/><V109/><F6/><W103/><G120/><T68/><D114/><U63/><E129/><V89/><F17/><W71/><G32/><T102/><D130/><U78/><E72/><V62/><F31/><W11/><G103/><N who="2" m="39497" /><F62/><N who="3" m="36223" /><G21/><T35/><D39/><U13/><E97/><V77/><F33/><W131/><G43/><T132/><D35/><U26/><E63/><V98/><F127/><W0/><G0/><T41/><D41/><U27/><E13/><V125/><F125/><W52/><G131/><T54/><D126/><U37/><E5/><V105/><F113/><W56/><G70/><T111/><D111/><N who="2" m="42570" /><F83/><N who="3" m="47591" /><G71/><T92/><D132/><U135/><E135/><V4/><F4/><W14/><G40/><T24/><REACH who="0" step="1"/><D54/><REACH who="0" ten="230,157,250,353" step="2"/><U30/><E37/><V115/><F115/><W19/><G7/><T119/><D119/><U12/><E27/><V53/><F53/><W44/><AGARI ba="0,1" hai="11,14,19,44,45,49,52,56" m="47591,36223" machi="44" ten="30,2000,0" yaku="8,1,54,1" doraHai="18" who="3" fromWho="3" sc="230,-5,157,-10,250,-5,353,30" /><INIT seed="2,0,0,3,3,95" ten="225,147,245,383" oya="2" hai0="91,59,104,103,20,127,51,120,77,113,4,53,125" hai1="68,26,85,89,60,122,10,9,33,75,124,116,14" hai2="121,0,84,80,78,58,61,81,28,22,102,82,110" hai3="69,41,27,1,134,50,36,132,94,107,25,66,23"/><V88/><F0/><W6/><G107/><T12/><D120/><U108/><E116/><V21/><F121/><W135/><G36/><T32/><D32/><U47/><E122/><V76/><F110/><W63/><G94/><T54/><D113/><U31/><E108/><V86/><F102/><W17/><G27/><T129/><D129/><U57/><E124/><N who="0" m="47689" /><D77/><U98/><E75/><V118/><F118/><W34/><G34/><T70/><D70/><U117/><E117/><V44/><F44/><N who="3" m="25871" /><G6/><T106/><D103/><U131/><E131/><V16/><F28/><W18/><G1/><T93/><D54/><U114/><E114/><V2/><F2/><W62/><G63/><T52/><D53/><U130/><E130/><V97/><F97/><W133/><G135/><T111/><D111/><U87/><E68/><V67/><F16/><AGARI ba="0,0" hai="16,17,18,23,25,62,66,69,132,133,134" m="25871" machi="16" ten="30,2000,0" yaku="20,1,54,1" doraHai="95" who="3" fromWho="2" sc="225,0,147,0,245,-20,383,20" /><INIT seed="3,0,0,5,5,56" ten="225,147,225,403" oya="3" hai0="53,115,133,7,31,79,74,87,109,101,82,113,39" hai1="43,2,84,127,85,121,15,105,71,25,114,10,99" hai2="130,131,48,122,61,81,19,95,6,30,80,27,78" hai3="29,93,70,68,92,58,120,75,86,128,49,50,45"/><W57/><G86/><T123/><D109/><U9/><E121/><V135/><F135/><W14/><G45/><T17/><D133/><U102/><E114/><V62/><F122/><W116/><G14/><T4/><D39/><U98/><E127/><V12/><F6/><W21/><G21/><T36/><D36/><U112/><E112/><V125/><F48/><W8/><G8/><T134/><D74/><U103/><E43/><V35/><F95/><W64/><G58/><T42/><D42/><U38/><E38/><V32/><F32/><W89/><G89/><T100/><D31/><U24/><E2/><V110/><F110/><W104/><G93/><T46/><D134/><U20/><E71/><V118/><F118/><W83/><G92/><T65/><D46/><U108/><E108/><V129/><F125/><W63/><G50/><T37/><D37/><U117/><E117/><V73/><F81/><W66/><G49/><T91/><D82/><U16/><E10/><AGARI ba="0,0" hai="10,12,19,27,30,35,61,62,73,78,80,129,130,131" machi="10" ten="40,5200,0" yaku="19,1,52,2" doraHai="56" who="2" fromWho="1" sc="225,0,147,-52,225,52,403,0" owari="225,-17.5,95,-40.5,277,7.7,403,50.3" /></mjloggm>