<mjloggm ver="2.3"><GO type="225" lobby="0"/><UN n0="%E3%81%AF%E3%82%88%E3%81%8A%E3%81%98%E3%81%95%E3%82%93" n1="%6D%61%74%69%67%75%73%61" n2="%E3%83%96%E3%83%83%E3%83%91%E3%82%AA%E3%83%96%E3%83%81%E3%82%AD%E3%83%B3" n3="%E6%B4%BE%E9%81%A3%E3%81%AE%E3%82%B8%E3%83%A3%E3%83%83%E3%82%AF" dan="17,17,17,17" rate="2195.25,2110.44,2222.98,2184.57" sx="M,M,M,M"/><TAIKYOKU oya="0"/><INIT seed="0,0,0,0,2,46" ten="250,250,250,250" oya="0" hai0="68,134,100,106,35,14,98,120,124,37,78,24,128" hai1="72,80,75,132,51,104,17,0,87,54,115,109,92" hai2="117,42,84,59,122,116,82,129,60,86,52,49,13" hai3="135,101,63,112,53,9,105,18,123,44,26,23,70"/><T88/><D37/><U65/><E104/><V55/><F122/><W73/><G112/><T118/><D120/><U81/><E0/><V113/><F113/><W12/><G73/><T43/><D43/><U21/><E115/><V89/><F129/><W41/><G135/><T90/><D118/><U107/><E107/><V32/><F32/><W111/><G111/><T76/><D68/><U85/><E65/><V66/><F13/><W1/><G1/><T91/><D128/><U74/><E132/><V29/><F29/><W93/><G105/><T62/><D134/><U79/><E92/><V20/><F20/><W3/><G3/><T94/><D124/><U77/><E109/><V114/><F114/><W108/><G108/><T125/><D125/><U7/><E7/><V48/><F42/><W15/><G123/><T28/><D106/><U126/><E126/><V40/><F40/><W61/><G70/><T69/><REACH who="0" step="1"/><D14/><REACH who="0" ten="240,250,250,250" step="2"/><U25/><REACH who="1" step="1"/><E72/><REACH who="1" ten="240,240,250,250" step="2"/><V57/><REACH who="2" step="1"/><F86/><REACH who="2" ten="240,240,240,250" step="2"/><W33/><G9/><T96/><D96/><U133/><E133/><V38/><F38/><W11/><G11/><T2/><D2/><U27/><E27/><V95/><F95/><W4/><G93/><T102/><D102/><U31/><E31/><V6/><F6/><W130/><G101/><T30/><D30/><U56/><AGARI ba="0,3" hai="17,21,25,51,54,56,74,75,77,79,80,81,85,87" machi="56" ten="20,12000,2" yaku="1,1,0,1,7,1,9,1,52,1,53,1" doraHai="46" doraHaiUra="22" who="1" fromWho="1" sc="240,-60,240,150,240,-30,250,-30" /><INIT seed="1,0,0,0,1,34" ten="180,390,210,220" oya="1" hai0="24,49,134,123,25,57,26,10,90,68,43,39,5" hai1="61,121,80,47,102,86,28,133,116,96,59,99,135" hai2="37,105,114,124,55,106,113,92,17,98,16,27,2" hai3="72,108,104,51,97,13,20,19,38,12,73,45,101"/><U21/><E116/><V127/><F37/><W30/><G108/><T8/><D68/><U83/><E121/><V32/><F55/><W128/><G128/><T88/><D123/><U84/><E47/><V48/><F48/><W9/><G38/><T31/><D134/><N who="1" m="51211" /><E21/><V70/><F70/><W35/><G35/><T82/><D39/><U85/><E28/><V131/><F131/><W91/><G91/><N who="0" m="34859" /><D82/><N who="1" m="31275" /><E102/><N who="2" m="60743" /><F2/><W46/><G46/><N who="0" m="25823" /><D5/><U78/><E78/><V115/><F32/><W76/><G76/><T119/><D119/><U100/><E100/><V56/><F56/><W44/><G44/><T87/><D87/><U36/><E36/><V67/><F67/><AGARI ba="0,0" hai="59,61,67,84,85,86,96,99" m="31275,51211" machi="67" ten="30,1500,0" yaku="20,1" doraHai="34" who="1" fromWho="2" sc="180,0,390,15,210,-15,220,0" /><INIT seed="1,1,0,5,2,10" ten="180,405,195,220" oya="1" hai0="67,29,124,112,45,99,25,80,5,17,125,93,131" hai1="7,6,104,127,85,121,92,66,130,1,36,75,83" hai2="12,102,79,135,97,89,50,95,2,77,126,107,116" hai3="26,74,35,123,117,91,3,55,60,78,68,21,110"/><U0/><E36/><V108/><F116/><W41/><G123/><T106/><D112/><U96/><E121/><V59/><F2/><W134/><G3/><T47/><D106/><U51/><E66/><V39/><F39/><W82/><G110/><T58/><D5/><U90/><E130/><V54/><F108/><W132/><G41/><T120/><D120/><U8/><E127/><N who="0" m="48713" /><D80/><U115/><E51/><V87/><F126/><W114/><G35/><N who="0" m="20911" /><D131/><U33/><E33/><V56/><F135/><W62/><G114/><T15/><D58/><U119/><E119/><V14/><REACH who="2" step="1"/><F59/><REACH who="2" ten="180,405,185,220" step="2"/><W31/><G117/><T22/><D67/><U105/><E115/><V109/><F109/><W38/><G38/><T43/><D43/><U122/><E122/><V64/><F64/><W111/><G111/><T27/><D27/><U46/><E0/><V19/><F19/><W16/><G16/><T81/><D81/><U98/><E6/><V24/><F24/><W118/><G118/><T57/><D57/><U133/><E7/><V9/><F9/><W71/><G132/><T23/><D23/><U44/><E133/><V72/><F72/><W101/><G134/><T20/><D22/><U113/><E113/><V32/><F32/><W48/><G21/><T128/><D128/><U28/><E1/><V70/><F70/><W18/><G26/><T76/><D76/><AGARI ba="1,1" hai="12,14,50,54,56,76,77,79,87,89,95,97,102,107" machi="76" ten="40,5200,0" yaku="1,1,52,2,53,0" doraHai="10" doraHaiUra="30" who="2" fromWho="0" sc="180,-55,405,0,185,65,220,0" /><INIT seed="2,0,0,2,3,39" ten="125,405,250,220" oya="2" hai0="65,31,102,47,22,86,91,56,14,5,24,45,19" hai1="128,25,50,105,43,21,129,54,110,38,82,12,68" hai2="118,100,108,85,125,48,4,88,40,76,1,83,103" hai3="114,75,41,101,51,32,15,46,64,52,95,34,92"/><V7/><F118/><W20/><G75/><T58/><D102/><N who="2" m="38954" /><F1/><W62/><G114/><T131/><D131/><U130/><E68/><V13/><F125/><W11/><G20/><T94/><D5/><N who="2" m="2122" /><F108/><W134/><G134/><T96/><D96/><U81/><E12/><V36/><F36/><W107/><G107/><T17/><D31/><U79/><E110/><V29/><F29/><W55/><G34/><T8/><REACH who="0" step="1"/><D58/><REACH who="0" ten="115,405,250,220" step="2"/><U30/><E129/><V57/><F57/><N who="3" m="36943" /><G101/><T80/><D80/><U73/><E81/><V126/><F126/><W27/><G95/><T59/><D59/><U93/><E93/><V109/><F109/><W26/><G92/><T117/><D117/><U106/><E130/><V66/><F66/><W133/><G32/><T90/><D90/><U84/><E128/><V113/><F113/><W122/><G133/><T42/><D42/><U111/><E111/><V61/><F88/><W2/><G122/><T116/><D116/><U3/><E82/><V16/><F40/><W135/><G135/><T98/><D98/><U23/><E43/><V121/><F83/><W71/><G71/><T72/><D72/><U35/><E73/><V9/><F121/><W89/><G89/><T77/><D77/><U127/><E79/><V87/><F76/><W18/><G2/><T67/><D67/><U74/><E3/><V123/><F123/><W10/><G41/><T78/><D78/><U112/><E127/><V104/><F87/><W120/><G120/><T0/><D0/><U60/><E84/><V28/><F85/><W37/><G55/><T33/><D33/><RYUUKYOKU ba="0,1" sc="115,30,405,-10,250,-10,220,-10" hai0="8,14,17,19,22,24,45,47,56,65,86,91,94" /><INIT seed="3,1,1,1,3,6" ten="145,395,240,210" oya="3" hai0="10,100,28,38,111,69,60,70,63,58,30,78,39" hai1="104,50,8,53,41,56,82,86,72,120,23,117,20" hai2="12,61,85,33,102,123,54,118,113,101,62,108,27" hai3="44,42,112,49,46,51,52,106,133,99,16,135,109"/><W13/><G112/><T0/><D111/><U55/><E72/><V77/><F113/><W97/><G109/><T75/><D100/><N who="2" m="38506" /><F33/><W37/><G37/><T2/><D75/><U4/><E120/><V130/><F118/><W43/><G106/><T34/><D58/><U96/><E41/><V87/><F108/><W129/><G129/><T19/><D19/><U24/><E96/><V105/><F105/><W92/><G43/><T84/><D84/><U122/><E55/><V98/><F98/><W29/><G29/><T71/><D78/><U64/><E4/><V11/><F130/><W68/><G68/><T9/><D70/><U89/><E89/><V81/><F123/><W48/><G48/><T88/><D88/><U134/><E20/><V125/><F125/><W115/><G115/><T26/><D26/><U90/><E82/><N who="2" m="47311" /><F54/><W1/><G1/><T3/><D0/><U83/><E53/><V116/><F27/><W59/><G59/><T22/><D22/><U66/><E23/><V119/><F119/><W73/><G73/><T126/><D34/><U15/><E56/><V32/><F32/><W110/><G110/><T93/><D93/><U45/><E104/><V40/><F40/><W131/><G131/><T5/><D5/><U14/><E117/><V114/><F114/><W67/><G92/><T79/><D79/><U107/><E107/><V80/><F116/><W124/><G124/><AGARI ba="1,1" hai="2,3,9,10,28,30,38,39,60,63,69,71,124,126" machi="124" ten="25,6400,0" yaku="22,2,52,2" doraHai="6" who="0" fromWho="3" sc="145,77,395,0,240,0,210,-67" owari="222,-17.8,395,49.5,240,4.0,143,-35.7" /></mjloggm>