<mjloggm ver="2.3"><GO type="225" lobby="0"/><UN n0="%E9%B4%A8%4E%45%47%49" n1="%E6%97%A5%E6%9B%9C%E6%97%A5%E3%82%88%E3%82%8A%E3%81%AE%E4%BD%BF%E8%80%85" n2="%E3%81%8B%E3%82%8F%E3%81%A1%E3%82%83%E3%82%93%35%38" n3="%E6%81%A5%E6%99%92%E3%81%97" dan="16,16,16,17" rate="2082.05,2162.52,2159.71,2208.98" sx="M,M,M,M"/><TAIKYOKU oya="0"/><INIT seed="0,0,0,2,1,11" ten="250,250,250,250" oya="0" hai0="66,74,50,103,85,76,57,125,13,80,0,1,68" hai1="33,99,75,78,116,62,9,94,111,45,64,14,2" hai2="129,117,89,83,58,28,15,72,3,24,12,102,29" hai3="121,93,52,73,82,55,97,106,17,119,91,123,37"/><T110/><D125/><U128/><E116/><V51/><F3/><W19/><G119/><T60/><D74/><U8/><E33/><V48/><F117/><W96/><G37/><T42/><D110/><U47/><E111/><V21/><F129/><W41/><G41/><T122/><D122/><N who="3" m="46601" /><G73/><T67/><D103/><U25/><E128/><V49/><F102/><N who="3" m="62791" /><G82/><T4/><D67/><U5/><E25/><V84/><F72/><W18/><AGARI ba="0,0" hai="17,18,19,52,55,91,93,97" m="62791,46601" machi="18" ten="30,2000,0" yaku="13,1,54,1" doraHai="11" who="3" fromWho="3" sc="250,-10,250,-5,250,-5,250,20" /><INIT seed="1,0,0,4,4,60" ten="240,245,245,270" oya="1" hai0="114,2,122,89,27,21,82,52,17,93,88,83,124" hai1="25,14,36,130,8,23,49,40,81,16,69,3,104" hai2="92,29,54,90,77,15,118,43,53,50,46,31,79" hai3="59,9,72,131,103,121,63,100,127,135,80,1,11"/><U41/><E104/><V133/><F133/><W125/><G121/><T32/><D114/><U70/><E36/><V10/><F118/><W24/><G135/><T18/><D124/><N who="3" m="47689" /><G131/><T96/><D32/><U99/><E130/><V67/><F67/><N who="3" m="39423" /><G24/><T126/><D126/><U0/><E99/><V94/><F94/><W13/><G1/><T91/><D122/><U30/><E81/><N who="0" m="30729" /><D2/><U123/><E123/><V65/><F65/><W105/><G105/><T95/><D95/><U12/><E0/><V39/><F39/><W68/><G68/><T44/><D18/><U47/><E3/><V119/><F119/><W48/><G48/><AGARI ba="0,0" hai="17,21,27,44,48,52,88,89,91,93,96" m="30729" machi="48" ten="30,3900,0" yaku="8,1,54,2" doraHai="60" who="0" fromWho="3" sc="240,39,245,0,245,0,270,-39" /><INIT seed="2,0,0,0,0,62" ten="279,245,245,231" oya="2" hai0="43,4,88,103,30,100,63,48,57,122,2,111,41" hai1="71,127,113,73,23,16,95,53,0,52,99,17,135" hai2="60,45,69,28,68,133,79,105,9,129,86,47,33" hai3="24,125,126,22,76,7,61,131,44,78,82,50,84"/><V91/><F105/><W119/><G119/><T96/><D111/><U80/><E113/><V75/><F75/><W109/><G109/><T8/><D122/><U121/><E0/><V40/><F79/><W116/><G116/><T18/><D30/><U97/><E71/><V54/><F33/><W64/><G131/><T11/><D48/><U130/><E130/><V39/><F129/><W74/><G74/><T20/><D11/><U36/><E36/><V12/><F28/><W107/><G107/><T13/><D43/><U92/><E121/><V49/><F60/><W114/><G114/><T27/><D41/><U29/><E127/><V118/><F133/><W120/><G120/><T37/><D2/><U124/><E124/><V35/><F35/><W104/><G104/><T102/><D37/><U10/><E135/><V59/><F59/><N who="3" m="36927" /><G7/><T1/><D1/><U66/><E73/><V65/><F65/><W134/><G134/><T31/><D4/><U132/><E66/><V55/><F55/><N who="3" m="30151" /><G125/><T93/><D103/><U98/><E132/><V19/><REACH who="2" step="1"/><F118/><REACH who="2" ten="279,245,235,231" step="2"/><W5/><G126/><T128/><D128/><U106/><E106/><V42/><F42/><W6/><G78/><T21/><D21/><U85/><E53/><AGARI ba="0,1" hai="8,13,18,20,27,31,53,57,63,88,93,96,100,102" machi="53" ten="30,3900,0" yaku="7,1,8,1,54,1" doraHai="62" who="0" fromWho="1" sc="279,49,245,-39,235,0,231,0" /><INIT seed="3,0,0,5,2,108" ten="328,206,235,231" oya="3" hai0="115,123,96,35,79,118,111,32,133,107,31,91,53" hai1="21,80,5,85,7,39,130,11,3,29,73,89,117" hai2="97,72,66,134,42,55,8,41,4,34,83,12,75" hai3="1,119,10,57,93,71,51,58,113,23,70,98,0"/><W114/><G119/><T18/><D118/><U90/><E117/><V16/><F34/><W102/><G23/><T52/><D123/><U88/><E73/><V82/><F75/><W81/><G81/><N who="2" m="30729" /><F72/><W47/><G70/><T36/><D111/><U124/><E39/><V110/><F110/><W64/><G71/><T99/><D36/><U50/><E124/><V49/><F134/><W100/><G100/><T17/><D91/><U20/><E130/><V48/><F66/><W84/><G84/><T30/><D133/><U78/><E29/><V2/><F2/><W125/><G125/><T45/><D45/><U19/><E7/><V120/><F120/><W127/><G127/><T37/><D37/><U22/><REACH who="1" step="1"/><E50/><REACH who="1" ten="328,196,235,231" step="2"/><V38/><F49/><W86/><G51/><T104/><D79/><U109/><E109/><V116/><F38/><W59/><G113/><AGARI ba="0,1" hai="17,18,30,31,32,35,52,53,96,99,104,107,113,115" machi="113" ten="25,8000,1" yaku="22,2,52,2,54,1" doraHai="108" who="0" fromWho="3" sc="328,90,196,0,235,0,231,-80" owari="418,51.8,196,-20.4,235,3.5,151,-34.9" /></mjloggm>