<mjloggm ver="2.3"><GO type="225" lobby="0"/><UN n0="%E6%98%93%E5%88%A9%E8%96%A9%E4%BC%AF" n1="%E4%BF%BA%E3%81%A8%E5%A6%96%E5%A4%A2" n2="%E3%83%A9%E3%82%B9%E7%8E%87%EF%BC%93%E5%89%B2" n3="%43%68%65" dan="17,16,16,16" rate="2200.08,2213.60,2203.64,2192.59" sx="F,F,F,M"/><TAIKYOKU oya="0"/><INIT seed="0,0,0,3,3,62" ten="250,250,250,250" oya="0" hai0="80,95,109,30,6,3,56,104,123,79,50,23,134" hai1="128,110,90,73,67,65,106,121,83,135,39,34,27" hai2="61,105,13,74,26,114,42,55,12,37,117,76,28" hai3="47,35,4,22,70,1,60,25,127,82,92,19,20"/><T29/><D123/><U125/><RYUUKYOKU type="yao9" ba="0,0" sc="250,0,250,0,250,0,250,0" hai1="27,34,39,65,67,73,83,90,106,110,121,125,128,135" /><INIT seed="0,1,0,1,4,37" ten="250,250,250,250" oya="0" hai0="112,32,87,53,95,98,93,59,43,60,58,24,124" hai1="34,91,123,99,128,118,125,115,22,73,40,20,82" hai2="75,30,49,48,50,97,101,41,7,28,55,36,90" hai3="83,57,8,25,89,2,100,42,5,94,4,46,64"/><T21/><D124/><U133/><E118/><V135/><F135/><W52/><G5/><T122/><D112/><U14/><E123/><V9/><F75/><W96/><G64/><T17/><D32/><U10/><E34/><V80/><F55/><W54/><G25/><T86/><D122/><U88/><E133/><V102/><F90/><W129/><G129/><T127/><D127/><U29/><E125/><V65/><F65/><W3/><G3/><T104/><D104/><U132/><E132/><V44/><F80/><W45/><G45/><T61/><D43/><U109/><E128/><V23/><F23/><W51/><G57/><T78/><D78/><U72/><E109/><V0/><REACH who="2" step="1"/><F102/><REACH who="2" ten="250,250,240,250" step="2"/><W69/><REACH who="3" step="1"/><G69/><REACH who="3" ten="250,250,240,240" step="2"/><T126/><D126/><U120/><E120/><V84/><F84/><AGARI ba="1,2" hai="2,4,8,42,46,51,52,54,83,84,89,94,96,100" machi="84" ten="40,8000,1" yaku="1,1,2,1,52,1,54,1,53,0" doraHai="37" doraHaiUra="70" who="3" fromWho="2" sc="250,0,250,0,240,-83,240,103" /><INIT seed="1,0,0,4,2,94" ten="250,250,157,343" oya="1" hai0="44,49,129,88,0,50,18,56,123,86,134,114,11" hai1="75,29,93,43,77,112,67,55,6,109,52,24,66" hai2="7,68,42,87,69,85,21,57,32,113,27,23,81" hai3="36,95,96,35,61,131,8,78,122,130,133,34,132"/><U90/><E112/><V108/><F113/><W80/><G36/><T10/><D114/><U79/><E109/><V17/><F108/><W89/><G61/><T45/><D129/><N who="3" m="49161" /><G8/><T4/><D134/><N who="3" m="51817" /><G122/><T107/><D107/><U14/><E43/><V135/><F32/><W53/><G53/><N who="1" m="20554" /><E75/><AGARI ba="0,0" hai="34,35,75,78,80,89,95,96" m="51817,49161" machi="75" ten="30,3900,0" yaku="19,1,20,1,52,1" doraHai="94" who="3" fromWho="1" sc="250,0,250,-39,157,0,343,39" /><INIT seed="2,0,0,5,2,72" ten="250,211,157,382" oya="2" hai0="3,33,46,67,116,40,22,74,23,5,73,89,66" hai1="53,95,83,11,48,104,113,81,117,10,1,59,109" hai2="14,51,43,106,105,35,107,80,78,124,32,29,21" hai3="49,100,131,123,122,102,79,97,114,42,118,52,111"/><V84/><F124/><W20/><G118/><T75/><D33/><U37/><E117/><V92/><F92/><W64/><G111/><T99/><D116/><U115/><E104/><V71/><F71/><W24/><G131/><T98/><D5/><U28/><E109/><V47/><REACH who="2" step="1"/><F14/><REACH who="2" ten="250,211,147,382" step="2"/><W61/><G123/><T110/><D110/><U133/><E95/><V119/><F119/><W121/><G121/><T103/><D3/><U0/><E0/><V77/><F77/><W13/><G79/><T108/><D108/><U17/><E1/><V90/><F90/><W45/><G122/><T87/><D89/><U4/><E115/><V94/><F94/><W120/><G114/><T112/><D112/><U30/><E113/><V18/><F18/><W70/><G120/><T86/><D103/><U34/><E17/><V7/><F7/><W130/><G130/><T26/><D99/><U76/><E76/><V132/><F132/><W63/><G13/><T91/><D98/><U27/><E133/><V58/><F58/><W16/><G97/><T2/><D91/><U39/><E30/><V65/><F65/><W55/><G102/><T93/><D67/><U62/><E4/><V96/><F96/><W44/><G100/><T101/><D66/><N who="1" m="39263" /><E83/><V31/><F31/><W19/><G19/><T41/><D93/><U60/><E81/><V127/><F127/><W126/><G126/><T8/><D101/><U135/><E135/><V12/><F12/><W82/><G82/><T38/><D2/><U85/><E28/><V69/><F69/><N who="3" m="42127" /><G45/><T129/><D46/><U9/><E27/><AGARI ba="0,1" hai="21,27,29,32,35,43,47,51,78,80,84,105,106,107" machi="27" ten="40,7700,0" yaku="1,1,6,1,52,1,53,0" doraHai="72" doraHaiUra="15" who="2" fromWho="1" sc="250,0,211,-77,147,87,382,0" /><INIT seed="2,1,0,5,2,32" ten="250,134,234,382" oya="2" hai0="86,51,117,83,58,78,52,30,84,133,71,60,8" hai1="109,19,89,90,13,34,50,95,65,82,135,0,23" hai2="85,68,94,11,28,47,25,76,1,61,130,127,2" hai3="63,53,42,29,105,124,87,74,111,129,9,57,10"/><V40/><F130/><W21/><G74/><T6/><D133/><U98/><E34/><V120/><F120/><W7/><G105/><T35/><D117/><U70/><E135/><V26/><F11/><W46/><G129/><T66/><D35/><U54/><E109/><V22/><F127/><W27/><G111/><T33/><D33/><U128/><E128/><V59/><F68/><W91/><G7/><T93/><D30/><U14/><E70/><V4/><F4/><W56/><G56/><T103/><D103/><U5/><E65/><V15/><F15/><W100/><G100/><T101/><D101/><U77/><E89/><V80/><F94/><W112/><G112/><T123/><D93/><U62/><E62/><V45/><F26/><W107/><G107/><T64/><D64/><U102/><E102/><V43/><F47/><W67/><G53/><T125/><D125/><U18/><E5/><V106/><F43/><W24/><G24/><T96/><D96/><U119/><E119/><V116/><F116/><W39/><G124/><T16/><D123/><U114/><E114/><V73/><F73/><W108/><G108/><T126/><D126/><U17/><E0/><V44/><F44/><W132/><G132/><T121/><D121/><U134/><E134/><V118/><F106/><W92/><AGARI ba="1,0" hai="9,10,21,27,29,39,42,46,57,63,67,87,91,92" machi="92" ten="20,1500,0" yaku="0,1,7,1" doraHai="32" who="3" fromWho="3" sc="250,-5,134,-5,234,-8,382,18" /><INIT seed="3,0,0,4,5,20" ten="245,129,226,400" oya="3" hai0="34,45,13,0,68,64,66,53,103,1,33,6,129" hai1="44,57,121,21,92,69,71,4,60,51,7,81,97" hai2="55,38,95,82,19,26,135,9,96,79,127,11,14" hai3="100,89,40,73,70,131,32,118,91,83,99,93,18"/><W102/><G70/><T111/><D103/><U49/><E121/><V16/><F38/><W46/><G32/><T24/><D34/><U113/><E113/><V106/><F106/><W22/><G131/><T65/><D68/><U41/><E71/><V84/><F135/><W104/><G118/><T67/><D67/><U117/><E69/><V59/><F127/><W115/><G115/><T61/><D61/><U54/><E81/><V87/><F87/><W130/><G130/><T116/><D111/><U126/><E126/><V58/><F26/><W12/><G104/><T105/><D105/><U78/><E78/><V28/><F28/><W133/><G133/><T108/><D108/><U2/><E2/><V120/><F120/><W5/><G5/><T123/><D123/><U80/><E80/><V76/><F76/><W101/><G73/><T56/><D116/><U125/><E125/><V27/><F27/><W119/><G119/><T43/><D13/><U98/><E98/><V128/><F59/><W62/><G62/><N who="0" m="36111" /><D6/><U94/><E94/><V48/><F128/><W72/><G102/><T42/><D42/><U52/><E21/><N who="2" m="11415" /><F19/><W88/><G18/><T85/><D85/><U122/><E122/><V31/><F31/><W132/><G72/><T30/><D129/><U39/><E39/><V112/><F112/><W29/><G132/><T63/><D63/><U74/><E74/><V50/><F50/><W110/><G101/><AGARI ba="0,0" hai="9,11,48,55,58,79,82,84,95,96,101" m="11415" machi="101" ten="30,2000,0" yaku="8,1,54,1" doraHai="20" who="2" fromWho="3" sc="245,0,129,0,226,20,400,-20" owari="245,-15.5,129,-37.1,246,4.6,380,48.0" /></mjloggm>