<mjloggm ver="2.3"><GO type="225" lobby="0"/><UN n0="%72%61%6B%33" n1="%EF%BC%AE%EF%BC%A1%EF%BC%AF%33%33%39" n2="%E6%9C%88%E5%B3%B6%E5%9F%BA" n3="%E3%81%A4%E3%81%A3%E3%81%B1%E3%82%8A%E3%83%9D%E3%83%BC%E3%83%AB" dan="16,16,16,17" rate="2092.26,2137.31,2178.65,2172.40" sx="M,M,M,M"/><TAIKYOKU oya="0"/><INIT seed="0,0,0,1,3,83" ten="250,250,250,250" oya="0" hai0="124,47,90,16,128,76,64,24,9,134,12,91,5" hai1="110,7,52,98,69,75,29,3,45,132,79,133,18" hai2="37,34,10,112,88,43,96,118,63,35,95,19,135" hai3="51,66,65,42,68,39,111,120,81,126,22,130,20"/><T125/><D128/><U27/><E69/><V21/><F112/><W44/><G130/><T115/><D115/><U129/><E129/><V82/><F135/><N who="1" m="51785" /><E18/><V109/><F109/><W15/><G111/><T67/><D134/><U28/><E110/><V105/><F118/><W123/><G126/><N who="0" m="48747" /><D76/><U70/><E70/><V4/><F105/><W41/><G81/><T94/><D47/><U103/><E79/><V84/><F43/><W106/><G106/><T107/><D107/><N who="1" m="63991" /><E75/><V73/><F37/><W121/><G68/><T48/><D48/><N who="1" m="28687" /><E27/><V97/><F63/><W57/><G42/><T13/><D24/><U113/><E113/><V114/><F114/><W99/><G39/><T46/><D46/><U14/><E3/><V93/><F73/><W56/><G56/><T59/><D59/><U71/><E71/><V23/><F96/><W30/><G57/><T127/><N who="0" m="48755" /><T74/><DORA hai="108" /><D74/><U80/><E80/><V86/><F97/><W0/><G0/><T131/><D131/><U36/><E36/><V54/><F82/><W26/><G99/><N who="0" m="57815" /><D91/><U49/><E49/><V17/><F88/><W85/><G123/><T53/><D53/><U100/><E100/><V102/><F54/><W61/><G121/><T2/><D2/><U117/><E117/><V77/><F102/><W31/><G120/><T25/><D25/><U32/><E32/><V116/><F77/><W6/><G26/><T122/><D122/><U119/><E119/><V60/><F116/><W101/><G41/><T38/><D38/><U58/><E58/><V78/><F78/><W87/><G44/><RYUUKYOKU ba="0,0" sc="250,15,250,15,250,-15,250,-15" hai0="5,9,12,13,16,64,67" hai1="7,14,28,29" /><INIT seed="0,1,0,2,4,48" ten="265,265,235,235" oya="0" hai0="111,3,37,25,132,68,45,53,29,34,12,40,61" hai1="46,1,110,130,127,70,99,128,129,77,120,81,6" hai2="71,89,122,59,51,101,19,119,74,90,49,18,80" hai3="93,117,118,5,26,73,78,79,97,15,69,88,52"/><T131/><D3/><U83/><E70/><V72/><F71/><W36/><G36/><T4/><D111/><U57/><E120/><V55/><F122/><W126/><G69/><T20/><D131/><U14/><E1/><V28/><F119/><W7/><G126/><T38/><D132/><U105/><E127/><V91/><F101/><W43/><G43/><T10/><D37/><U92/><E105/><V56/><F28/><W133/><G133/><T82/><D82/><U108/><E46/><V39/><F39/><W76/><G73/><T85/><D85/><U24/><E24/><V114/><F114/><W23/><G118/><T113/><D113/><U115/><E115/><V100/><F100/><W60/><G15/><T54/><REACH who="0" step="1"/><D34/><REACH who="0" ten="255,265,235,235" step="2"/><U0/><E0/><V123/><F123/><W41/><G117/><T103/><D103/><U17/><E83/><V58/><F80/><W64/><G41/><T13/><D13/><U98/><E110/><V102/><F102/><W47/><G78/><T22/><D22/><U96/><E81/><V87/><F87/><W44/><G79/><T11/><D11/><U50/><E77/><V65/><F74/><W16/><G76/><T21/><D21/><N who="1" m="11447" /><E108/><V109/><F72/><W124/><G124/><T9/><D9/><U94/><E94/><V30/><F109/><W8/><G8/><T42/><D42/><U75/><E75/><V86/><F86/><W33/><G33/><T66/><AGARI ba="1,1" hai="4,10,12,20,25,29,38,40,45,53,54,61,66,68" machi="66" ten="30,12000,1" yaku="1,1,0,1,52,2,53,1" doraHai="48" doraHaiUra="27" who="0" fromWho="0" sc="255,133,265,-41,235,-41,235,-41" /><INIT seed="0,2,0,5,2,70" ten="388,224,194,194" oya="0" hai0="4,41,131,76,8,117,113,2,53,124,78,118,109" hai1="36,94,60,74,115,30,128,108,132,111,61,65,37" hai2="96,22,67,31,15,13,50,92,134,49,32,46,116" hai3="83,59,24,3,77,19,1,89,105,54,26,104,85"/><T100/><D113/><U16/><E74/><V97/><F32/><W102/><G1/><T119/><D124/><U20/><E30/><V48/><F134/><W101/><G3/><T121/><D121/><U6/><E6/><V75/><F75/><W81/><G105/><T29/><D131/><U112/><E94/><V11/><F116/><W71/><G71/><T73/><D100/><N who="3" m="38505" /><G104/><T127/><D127/><U43/><E43/><V5/><F67/><W130/><G130/><T35/><D109/><N who="1" m="42059" /><E128/><V51/><F92/><N who="3" m="54319" /><G19/><T98/><D98/><U122/><E122/><V95/><F95/><W23/><G77/><T62/><D73/><U55/><E55/><V120/><F120/><W58/><G58/><T52/><D41/><U21/><E21/><V66/><F66/><W39/><G39/><N who="1" m="14922" /><E132/><V72/><F72/><W18/><G26/><T12/><D2/><U107/><E107/><V99/><F31/><W125/><G125/><T68/><D29/><U82/><E82/><V0/><F97/><W27/><G27/><T38/><D35/><U90/><E90/><V9/><F96/><W33/><G33/><T86/><D38/><U14/><E61/><AGARI ba="2,0" hai="18,23,24,54,59,61,81,83" m="54319,38505" machi="61" ten="30,1000,0" yaku="8,1" doraHai="70" who="3" fromWho="1" sc="388,0,224,-16,194,0,194,16" /><INIT seed="1,0,0,1,1,90" ten="388,208,194,210" oya="1" hai0="66,30,116,133,24,127,15,100,10,13,17,112,37" hai1="33,111,39,73,35,113,61,60,107,57,104,31,8" hai2="41,63,26,97,125,20,77,70,19,51,54,18,11" hai3="64,28,40,135,12,3,105,36,7,27,86,50,56"/><U85/><E73/><V52/><F125/><W98/><G3/><T9/><D37/><U67/><E39/><V92/><F77/><W124/><G124/><T118/><D127/><U25/><E113/><V14/><F70/><W81/><G36/><T79/><D66/><U89/><E33/><V123/><F123/><W131/><G131/><T106/><D79/><U119/><E119/><V2/><F2/><W62/><G135/><T45/><D45/><U71/><E8/><V102/><F63/><W46/><G105/><T93/><D106/><U117/><E117/><V129/><F129/><W43/><G98/><T88/><D100/><U22/><E35/><V6/><F6/><W55/><G12/><T94/><D133/><U120/><E120/><V83/><F83/><W114/><G7/><T87/><D112/><U1/><E1/><V115/><F115/><W134/><G134/><T0/><D94/><U58/><E71/><V103/><F103/><W99/><G99/><T68/><D68/><U75/><E75/><V91/><F102/><W21/><G114/><T16/><D0/><U44/><E44/><AGARI ba="0,0" hai="11,14,18,19,20,26,41,44,51,52,54,91,92,97" machi="44" ten="40,5200,0" yaku="8,1,52,1,54,1" doraHai="90" who="2" fromWho="1" sc="388,0,208,-52,194,52,210,0" /><INIT seed="2,0,0,2,5,98" ten="388,156,246,210" oya="2" hai0="40,106,125,31,60,27,20,112,48,96,93,55,6" hai1="124,4,135,121,58,22,75,76,45,78,100,97,24" hai2="101,41,37,8,85,103,26,77,1,63,9,30,130" hai3="17,19,83,52,86,99,110,129,3,10,126,87,57"/><V34/><F130/><W38/><G38/><T28/><D125/><U91/><E4/><V128/><F128/><W74/><G74/><T12/><D106/><U115/><E115/><V32/><F32/><W117/><G117/><T133/><D133/><U81/><E124/><V25/><F1/><W120/><G120/><T44/><D112/><U56/><E135/><V0/><F0/><W116/><G116/><T51/><D60/><U73/><E91/><V67/><F26/><W72/><G72/><T14/><D6/><U71/><E71/><V113/><F113/><W80/><G129/><T49/><D28/><U108/><E121/><V90/><F77/><N who="3" m="46351" /><G3/><T29/><D29/><U35/><E35/><V123/><F41/><W5/><G126/><T64/><D64/><U61/><E45/><V82/><F37/><W16/><G110/><T46/><D51/><U92/><E108/><V122/><F122/><W102/><G5/><T33/><D33/><U15/><E15/><V69/><REACH who="2" step="1"/><F123/><REACH who="2" ten="388,156,236,210" step="2"/><W79/><G10/><AGARI ba="0,1" hai="8,9,10,25,30,34,63,67,69,82,85,90,101,103" machi="10" ten="40,12000,1" yaku="1,1,2,1,52,2,53,0" doraHai="98" doraHaiUra="47" who="2" fromWho="3" sc="388,0,156,0,236,130,210,-120" /><INIT seed="2,1,0,3,1,60" ten="388,156,366,90" oya="2" hai0="21,70,3,94,78,35,103,124,34,6,87,15,16" hai1="89,72,30,71,56,50,12,41,20,32,88,66,25" hai2="105,53,65,101,77,125,0,46,40,58,95,109,24" hai3="5,2,104,119,68,110,18,84,69,39,75,121,93"/><V63/><F0/><W59/><G59/><T51/><D70/><U7/><E72/><V43/><F105/><W57/><G57/><T29/><D103/><U79/><E79/><V31/><F125/><W74/><G18/><T13/><D124/><U62/><E71/><V47/><F77/><W22/><G22/><T106/><D106/><U14/><E32/><V107/><F107/><W10/><G93/><T133/><D133/><U23/><E23/><N who="2" m="15775" /><F109/><W85/><G39/><T17/><D51/><U33/><E33/><N who="0" m="12297" /><D94/><U36/><E36/><V80/><F80/><W37/><G37/><T92/><D92/><U126/><E126/><V4/><F4/><W67/><G104/><T1/><D87/><N who="3" m="33353" /><G121/><T132/><D78/><U131/><E131/><V122/><F122/><W120/><G120/><T82/><D82/><U102/><E102/><V61/><F61/><N who="3" m="40047" /><G69/><T48/><D48/><U108/><E108/><V28/><F28/><W76/><G110/><T38/><D38/><U123/><E123/><V116/><F116/><W42/><G42/><N who="2" m="15913" /><F53/><W26/><G75/><T11/><D132/><U83/><E83/><V54/><F54/><W81/><G81/><T64/><D64/><U91/><E7/><V8/><F8/><W44/><G76/><T114/><D114/><U129/><E129/><V19/><F19/><N who="0" m="7242" /><D1/><U96/><E96/><AGARI ba="1,0" hai="46,47,58,63,65,95,96,101" m="15913,15775" machi="96" ten="30,5800,0" yaku="25,1,8,1,52,1" doraHai="60" who="2" fromWho="1" sc="388,0,156,-61,366,61,90,0" /><INIT seed="2,2,0,0,1,6" ten="388,95,427,90" oya="2" hai0="23,84,48,96,20,79,108,86,32,132,100,92,12" hai1="39,106,104,1,67,115,38,97,37,9,121,35,47" hai2="52,73,8,46,14,13,50,91,74,87,120,26,124" hai3="22,88,72,65,128,98,25,57,130,81,43,133,27"/><V7/><F120/><W58/><G133/><T5/><D32/><U34/><E115/><V110/><F124/><W117/><G117/><T71/><D71/><U126/><E47/><V131/><F131/><N who="3" m="50219" /><G43/><T107/><D108/><U17/><E126/><V93/><F110/><W19/><G65/><T4/><D132/><U49/><E49/><V3/><REACH who="2" step="1"/><F26/><REACH who="2" ten="388,95,417,90" step="2"/><W63/><G27/><T77/><D107/><U2/><E106/><V54/><F54/><W80/><G72/><AGARI ba="2,1" hai="3,7,8,13,14,46,50,52,72,73,74,87,91,93" machi="72" ten="40,12000,1" yaku="1,1,52,1,54,1,53,1" doraHai="6" doraHaiUra="33" who="2" fromWho="3" sc="388,0,95,0,417,136,90,-126" owari="388,18.8,95,-30.5,553,65.3,-36,-53.6" /></mjloggm>