<mjloggm ver="2.3"><GO type="225" lobby="0"/><UN n0="%E3%83%81%E3%83%83%E3%82%BF%E3%82%BD%E3%83%BC" n1="%70%68%65%6E%6F%6D%65" n2="%4B%2E%32%2E%4B%2E" n3="%E5%B0%8F%E9%B3%A5%E9%81%8A%E7%B7%B4%E7%84%A1%32%31%E6%AD%B3" dan="16,16,17,17" rate="2122.92,2195.03,2166.38,2193.11" sx="F,M,M,F"/><TAIKYOKU oya="0"/><INIT seed="0,0,0,1,1,86" ten="250,250,250,250" oya="0" hai0="103,32,41,52,40,11,28,117,25,70,46,56,94" hai1="57,93,69,67,73,135,121,105,85,21,17,81,77" hai2="27,6,83,29,82,66,131,88,71,1,31,99,50" hai3="111,116,3,130,24,45,112,78,18,12,26,53,129"/><T127/><D127/><U104/><E69/><V76/><F131/><W120/><G112/><T109/><D117/><U44/><E121/><V122/><F122/><W4/><G120/><T60/><D109/><U0/><E0/><V75/><F50/><W55/><G116/><T48/><D70/><U2/><E2/><V38/><F38/><W97/><G78/><T59/><D11/><U61/><E44/><V100/><F6/><W65/><G65/><T89/><D103/><U80/><E93/><V101/><F1/><W5/><G111/><T74/><D74/><U114/><E135/><V14/><F14/><W35/><G45/><T9/><D9/><U15/><REACH who="1" step="1"/><E114/><REACH who="1" ten="250,240,250,250" step="2"/><V68/><F68/><W58/><G3/><T42/><REACH who="0" step="1"/><D56/><REACH who="0" ten="240,240,250,250" step="2"/><U39/><E39/><V79/><F71/><W23/><G58/><T128/><D128/><U37/><E37/><V132/><F132/><W43/><G130/><T33/><D33/><U34/><E34/><V125/><F125/><W87/><G35/><T126/><D126/><U19/><E19/><V113/><F113/><W108/><G18/><T30/><D30/><U10/><E10/><V115/><F115/><W102/><G129/><T62/><D62/><U13/><E13/><V84/><F31/><W51/><G12/><T49/><D49/><U96/><E96/><AGARI ba="0,2" hai="25,28,32,40,41,42,46,48,52,59,60,89,94,96" machi="96" ten="30,11600,0" yaku="1,1,7,1,52,1,54,1,53,0" doraHai="86" doraHaiUra="8" who="0" fromWho="1" sc="240,136,240,-116,250,0,250,0" /><INIT seed="0,1,0,0,3,58" ten="376,124,250,250" oya="0" hai0="30,95,6,3,110,11,130,60,85,36,128,19,119" hai1="77,116,24,65,42,109,113,104,14,28,117,107,93" hai2="89,40,126,44,129,7,80,70,48,122,22,98,25" hai3="82,78,132,63,102,66,37,92,72,71,38,9,115"/><T118/><D36/><U134/><E109/><V96/><F122/><W125/><G115/><T114/><D114/><U90/><E113/><V75/><F70/><W124/><G132/><T8/><D30/><U67/><E134/><V68/><F68/><W10/><G92/><T133/><D133/><U103/><E77/><V13/><F129/><N who="0" m="49770" /><D110/><U57/><E42/><V33/><F33/><W35/><G102/><T74/><D74/><U34/><E14/><V4/><F126/><N who="3" m="48747" /><G35/><T88/><D60/><U27/><E27/><V62/><F62/><W0/><G9/><T105/><D105/><U64/><E57/><V73/><F73/><W21/><G21/><T112/><D112/><U1/><E1/><V84/><F75/><W111/><G111/><T41/><D41/><U135/><E103/><V76/><F76/><W52/><G52/><T55/><D55/><U49/><E49/><V18/><REACH who="2" step="1"/><F13/><AGARI ba="1,0" hai="3,6,8,11,13,19,85,88,95,118,119" m="49770" machi="13" ten="30,2900,0" yaku="19,1,54,1" doraHai="58" who="0" fromWho="2" sc="376,32,124,0,250,-32,250,0" /><INIT seed="0,2,0,5,5,62" ten="408,124,218,250" oya="0" hai0="51,18,94,79,28,42,131,124,44,69,74,135,108" hai1="72,20,89,4,113,117,24,52,56,47,61,122,133" hai2="87,104,84,53,103,50,71,55,95,43,3,116,109" hai3="126,105,123,13,97,83,121,30,63,36,16,92,58"/><T31/><D124/><U38/><E133/><V45/><F3/><W86/><G105/><T101/><D135/><U39/><E113/><V9/><F71/><W120/><G30/><T100/><D131/><U134/><E134/><V115/><F115/><W118/><G126/><T10/><D69/><U77/><E117/><V78/><F116/><W7/><G7/><T64/><D64/><U29/><E122/><V11/><F104/><W14/><G36/><T0/><D108/><U81/><E4/><V27/><F109/><W41/><G41/><T129/><D129/><U75/><E75/><V60/><F27/><W37/><G37/><T15/><D0/><U32/><E32/><V110/><F110/><W99/><G13/><T21/><D10/><N who="2" m="3594" /><F60/><W57/><G118/><T130/><D130/><U119/><E119/><V107/><F107/><W70/><G70/><T40/><D40/><U33/><E33/><V54/><F78/><N who="3" m="46455" /><G92/><T22/><D79/><U88/><REACH who="1" step="1"/><E39/><REACH who="1" ten="408,114,218,250" step="2"/><V25/><F25/><W65/><G57/><T17/><D74/><U111/><E111/><V1/><F1/><W23/><AGARI ba="2,1" hai="14,16,23,58,63,65,97,99,120,121,123" m="46455" machi="23" ten="30,4000,0" yaku="13,1,52,1,54,1" doraHai="62" who="3" fromWho="3" sc="408,-22,114,-12,218,-12,250,56" /><INIT seed="1,0,0,3,3,54" ten="386,102,206,306" oya="1" hai0="99,83,86,98,15,36,27,108,11,91,64,119,97" hai1="26,103,110,13,90,55,5,76,59,49,134,125,130" hai2="67,111,33,47,80,20,23,37,14,88,118,31,16" hai3="124,87,106,123,66,7,35,131,39,58,34,85,95"/><U117/><E117/><V135/><F118/><W8/><G106/><T122/><D108/><U68/><E125/><V100/><F33/><W126/><G39/><T2/><D119/><U10/><E130/><V77/><F111/><W40/><G40/><T93/><D122/><U43/><E110/><V45/><F37/><W38/><G38/><T62/><D36/><U109/><E109/><V89/><F100/><W75/><G75/><T113/><D113/><U51/><E134/><V132/><F67/><W61/><G131/><T6/><D27/><U60/><E103/><V78/><F31/><W116/><G123/><T107/><D107/><U92/><E68/><V44/><F23/><W3/><G116/><T22/><D22/><U25/><E76/><N who="2" m="29291" /><F80/><W48/><G48/><N who="1" m="18506" /><E43/><V32/><F32/><W42/><G42/><T69/><REACH who="0" step="1"/><D2/><REACH who="0" ten="376,102,206,306" step="2"/><U9/><E9/><V129/><F129/><W46/><G34/><T127/><D127/><U81/><E81/><AGARI ba="0,1" hai="6,11,15,62,64,69,81,83,86,91,93,97,98,99" machi="81" ten="40,1300,0" yaku="1,1,53,0" doraHai="54" doraHaiUra="71" who="0" fromWho="1" sc="376,23,102,-13,206,0,306,0" /><INIT seed="2,0,0,0,4,100" ten="399,89,206,306" oya="2" hai0="7,47,28,52,122,126,97,113,98,67,85,27,135" hai1="31,10,70,23,64,123,93,86,3,81,103,60,95" hai2="96,124,32,37,2,74,80,25,39,72,0,12,35" hai3="21,4,65,5,26,68,89,130,106,121,91,73,38"/><V33/><F25/><W119/><G38/><N who="2" m="14345" /><F124/><W42/><G119/><T53/><D126/><U20/><E123/><V90/><F12/><W8/><G73/><N who="2" m="28265" /><F80/><W9/><G121/><T29/><D135/><U30/><E31/><V16/><F16/><N who="3" m="12583" /><G68/><T78/><D113/><U101/><E103/><V55/><F55/><N who="0" m="21066" /><D122/><U13/><E30/><N who="0" m="11881" /><D7/><U129/><E3/><N who="2" m="1067" /><F90/><W41/><G65/><T112/><D112/><U34/><E34/><V128/><F96/><W63/><G89/><T132/><D132/><U131/><E20/><V66/><F66/><W114/><G91/><T19/><D67/><U14/><E23/><V84/><F84/><W46/><G4/><T92/><D78/><N who="1" m="46391" /><E101/><V49/><F49/><W51/><G51/><T48/><D85/><U50/><E50/><V118/><F128/><N who="1" m="49225" /><E14/><V15/><F15/><W88/><G130/><T111/><D92/><U134/><E134/><V116/><AGARI ba="0,0" hai="32,33,35,116,118" m="1067,28265,14345" machi="116" ten="50,18000,2" yaku="28,2,26,2,31,2" doraHai="100" who="2" fromWho="2" sc="399,-60,89,-60,206,180,306,-60" /><INIT seed="2,1,0,4,0,98" ten="339,29,386,246" oya="2" hai0="12,33,20,0,103,112,119,85,6,129,11,101,115" hai1="106,4,107,36,65,3,63,61,117,120,2,38,82" hai2="97,99,39,78,13,49,100,86,96,84,108,34,10" hai3="30,44,32,9,58,88,42,18,64,19,24,75,28"/><V41/><F39/><W21/><G75/><T92/><D33/><U114/><E82/><V87/><F34/><W17/><G9/><T14/><D129/><U105/><E65/><V46/><F108/><W111/><G111/><T23/><D119/><U56/><E56/><V134/><F134/><W37/><G64/><T43/><D43/><U121/><E117/><V54/><F54/><W70/><G70/><T80/><D112/><U29/><E4/><V131/><F131/><W126/><G126/><T89/><D115/><U123/><E29/><V53/><F53/><W130/><G130/><T45/><D45/><U81/><E81/><V72/><F72/><W128/><G128/><T83/><D0/><N who="1" m="43" /><E114/><V40/><F40/><W62/><G30/><T95/><D80/><U26/><E26/><V133/><F133/><W16/><G32/><T125/><D125/><U68/><E68/><V135/><F135/><W27/><G27/><T109/><D109/><U67/><E67/><V124/><F124/><W76/><G76/><T122/><D122/><N who="1" m="31235" /><U25/><DORA hai="22" /><E25/><V118/><F118/><W5/><G5/><T79/><D79/><U47/><E47/><V71/><F71/><W59/><N who="3" m="4096" /><DORA hai="57" /><W91/><REACH who="3" step="1"/><G59/><REACH who="3" ten="339,29,386,236" step="2"/><T110/><D110/><U60/><AGARI ba="1,1" hai="36,38,60,61,63,105,106,107" m="31235,43" machi="60" ten="60,12000,2" yaku="28,2,13,1,52,3" doraHai="98,22,57" who="1" fromWho="1" sc="339,-31,29,133,386,-61,236,-31" /><INIT seed="3,0,0,4,4,84" ten="308,162,325,205" oya="3" hai0="116,55,98,24,53,80,82,25,26,11,45,100,119" hai1="19,7,13,44,73,21,104,67,71,113,105,34,107" hai2="35,132,86,2,83,18,75,126,51,124,123,112,108" hai3="6,133,101,121,131,57,115,64,50,3,96,31,88"/><W111/><G121/><T130/><D130/><U62/><E113/><V89/><F112/><W110/><G115/><T28/><D28/><U74/><E34/><V106/><F106/><W36/><G36/><T102/><D11/><U8/><REACH who="1" step="1"/><E44/><REACH who="1" ten="308,152,325,205" step="2"/><V41/><F35/><W46/><G131/><T95/><D45/><U85/><E85/><V27/><F86/><W49/><G46/><T129/><D129/><U87/><E87/><V1/><F123/><W32/><G133/><T76/><D76/><U38/><E38/><V60/><F132/><W12/><G32/><T68/><D68/><U56/><E56/><V118/><F124/><W117/><G117/><T29/><D29/><U90/><E90/><V70/><F89/><W81/><G31/><T43/><D116/><U58/><E58/><V37/><F118/><W114/><G114/><T127/><D127/><U109/><E109/><N who="3" m="41482" /><G81/><N who="0" m="31339" /><D119/><U22/><E22/><V61/><F108/><W59/><G59/><T66/><D66/><U99/><E99/><V122/><F122/><W91/><G57/><T79/><D79/><U40/><E40/><V72/><F126/><W125/><G64/><T42/><D102/><U16/><E16/><V0/><F70/><W92/><G125/><T48/><D42/><U30/><E30/><V15/><F37/><W52/><G52/><N who="0" m="20043" /><D43/><U20/><E20/><V135/><F135/><W120/><G120/><T128/><D128/><U94/><E94/><V77/><F83/><W63/><G101/><N who="0" m="60639" /><D48/><N who="3" m="18537" /><G92/><T97/><D100/><U5/><E5/><V103/><F41/><W17/><G6/><T65/><D97/><RYUUKYOKU ba="0,1" sc="308,15,152,15,325,-15,205,-15" hai0="24,25,26,65" hai1="7,8,13,19,21,62,67,71,73,74,104,105,107" owari="333,43.3,167,-33.3,310,11.0,190,-21.0" /></mjloggm>