<mjloggm ver="2.3"><GO type="225" lobby="0"/><UN n0="%4B%2E%32%2E%4B%2E" n1="%E4%BF%BA%E3%81%A8%E5%A6%96%E5%A4%A2" n2="%E6%98%93%E5%88%A9%E8%96%A9%E4%BC%AF" n3="%E5%91%A8%E6%9D%B1" dan="17,16,16,17" rate="2180.65,2117.05,2153.16,2164.11" sx="M,F,F,M"/><TAIKYOKU oya="0"/><INIT seed="0,0,0,4,1,36" ten="250,250,250,250" oya="0" hai0="98,59,33,40,4,83,78,135,108,20,49,103,88" hai1="50,87,119,109,93,77,51,21,6,99,132,14,105" hai2="52,44,47,8,10,38,127,116,128,79,72,68,81" hai3="0,94,63,29,100,104,73,101,89,124,123,53,65"/><T37/><D33/><U62/><E119/><V22/><F116/><W15/><G0/><T19/><D135/><U42/><E132/><V46/><F68/><W76/><G123/><T133/><D133/><U106/><E109/><V58/><F128/><W55/><G124/><T23/><D37/><U56/><E77/><V30/><F127/><W85/><G29/><T125/><D125/><U90/><E99/><V117/><F117/><W107/><G15/><T26/><D108/><U112/><E112/><V129/><F129/><W64/><G64/><T18/><D4/><U5/><E106/><V69/><F69/><W74/><G107/><T13/><D103/><U16/><E105/><V35/><F35/><W114/><G114/><T91/><D98/><U24/><E24/><V126/><F38/><W82/><G74/><T7/><D7/><N who="1" m="2571" /><E42/><V48/><REACH who="2" step="1"/><F126/><REACH who="2" ten="250,250,240,250" step="2"/><W130/><G130/><T113/><D113/><U131/><E131/><V118/><F118/><W110/><G110/><T120/><D120/><U41/><E41/><V17/><F17/><W61/><G104/><T27/><D40/><U28/><E28/><V25/><AGARI ba="0,1" hai="8,10,22,25,30,44,46,47,48,52,58,72,79,81" machi="25" ten="30,4000,0" yaku="1,1,0,1,54,1,53,0" doraHai="36" doraHaiUra="60" who="2" fromWho="2" sc="250,-20,250,-10,240,50,250,-10" /><INIT seed="1,0,0,2,2,103" ten="230,240,290,240" oya="1" hai0="88,89,135,76,81,34,39,74,127,12,51,35,38" hai1="93,57,46,120,11,121,37,70,107,19,17,15,40" hai2="44,94,5,31,105,55,134,86,117,72,42,79,64" hai3="25,126,30,54,68,113,73,100,7,6,119,83,10"/><U114/><E114/><V58/><F117/><W20/><G113/><T133/><D127/><U118/><E118/><V67/><F134/><N who="0" m="51210" /><D51/><U53/><E70/><V27/><F72/><W116/><G119/><T111/><D111/><U112/><E112/><V8/><F105/><W47/><G116/><T36/><D12/><U9/><E107/><V26/><F79/><W84/><G126/><T124/><D124/><U33/><E33/><AGARI ba="0,0" hai="33,34,35,36,38,39,74,76,81,88,89" m="51210" machi="33" ten="40,2600,0" yaku="20,1,54,1" doraHai="103" who="0" fromWho="1" sc="230,26,240,-26,290,0,240,0" /><INIT seed="2,0,0,3,2,134" ten="256,214,290,240" oya="2" hai0="56,135,0,130,65,70,43,92,26,2,119,76,3" hai1="28,113,85,10,54,45,21,44,80,11,86,97,57" hai2="127,107,99,111,7,37,77,46,4,51,15,106,53" hai3="59,30,67,121,101,112,84,38,17,23,132,40,50"/><V118/><F118/><W94/><G121/><T13/><D135/><U36/><E113/><V95/><F111/><W104/><G132/><T61/><D119/><U32/><E32/><V93/><F127/><W63/><G112/><T22/><D130/><U12/><E97/><V102/><F77/><W124/><G38/><T68/><D43/><U88/><E85/><V115/><F115/><W1/><G1/><T69/><D76/><U25/><E36/><V73/><F37/><W24/><G104/><T128/><D128/><U126/><E126/><V100/><F73/><W60/><G60/><T27/><REACH who="0" step="1"/><D92/><REACH who="0" ten="246,214,290,240" step="2"/><U122/><E122/><V58/><F95/><W49/><G40/><T116/><D116/><U103/><E103/><V120/><F102/><W20/><G124/><T39/><D39/><U105/><E105/><V9/><F120/><W81/><G94/><T87/><D87/><U31/><E28/><V35/><F107/><W71/><G101/><T89/><D89/><U117/><E117/><V79/><F79/><W5/><G71/><T114/><D114/><U125/><E125/><V123/><F123/><W55/><G84/><T8/><D8/><U78/><E78/><V14/><F106/><W29/><G81/><T96/><D96/><U72/><E10/><N who="2" m="4423" /><F93/><W98/><G98/><T33/><D33/><U110/><E72/><V6/><F35/><W129/><G129/><T109/><D109/><U42/><E110/><V75/><F75/><W108/><G108/><T18/><AGARI ba="0,1" hai="0,2,3,13,18,22,26,27,56,61,65,68,69,70" machi="18" ten="40,2700,0" yaku="1,1,0,1,53,0" doraHai="134" doraHaiUra="74" who="0" fromWho="0" sc="246,37,214,-7,290,-13,240,-7" /><INIT seed="3,0,0,3,4,21" ten="283,207,277,233" oya="3" hai0="84,39,107,58,91,6,22,129,51,34,18,61,109" hai1="57,40,120,119,110,11,41,86,63,66,17,14,16" hai2="102,127,92,38,30,24,72,70,9,69,67,35,20" hai3="49,106,112,5,44,54,50,0,37,71,25,7,123"/><W88/><G123/><T104/><D39/><U53/><E120/><V108/><F72/><W76/><G112/><T26/><D109/><U133/><E110/><V125/><F38/><W113/><G113/><T33/><D129/><U74/><E74/><V128/><F108/><W42/><G106/><T122/><D122/><U48/><E133/><V1/><F128/><W103/><G103/><T130/><D130/><U105/><E105/><V43/><F43/><W52/><G76/><T111/><D111/><U13/><E86/><V77/><F77/><W89/><G71/><T31/><D51/><U10/><REACH who="1" step="1"/><E119/><REACH who="1" ten="283,197,277,233" step="2"/><V68/><F127/><W99/><G99/><T28/><D84/><U81/><E81/><V32/><F125/><W36/><G0/><T78/><D104/><U12/><E12/><V83/><F83/><W56/><G25/><T132/><D132/><U80/><E80/><V115/><F115/><W3/><G3/><T82/><D107/><U135/><E135/><V4/><F92/><W62/><G37/><T65/><D78/><U121/><E121/><V47/><F24/><W97/><G36/><T118/><D118/><U90/><E90/><N who="3" m="34922" /><G97/><T46/><D82/><U8/><E8/><V126/><F1/><W85/><G85/><T73/><D73/><U60/><E60/><V15/><F102/><W23/><G23/><T87/><D91/><U100/><E100/><V98/><F98/><W59/><AGARI ba="0,1" hai="5,7,42,44,49,50,52,54,56,59,62" m="34922" machi="59" ten="30,6000,0" yaku="8,1,54,2" doraHai="21" who="3" fromWho="3" sc="283,-20,197,-20,277,-20,233,70" owari="263,6.3,177,-32.3,257,-14.3,303,40.3" /></mjloggm>