<mjloggm ver="2.3"><GO type="225" lobby="0"/><UN n0="%E6%97%A5%E6%9B%9C%E6%97%A5%E3%82%88%E3%82%8A%E3%81%AE%E4%BD%BF%E8%80%85" n1="%E8%A8%88%E7%AE%97%E6%A9%9F%E8%87%AA%E7%84%B6" n2="%E3%81%AF%E3%82%88%E3%81%8A%E3%81%98%E3%81%95%E3%82%93" n3="%E3%82%8F%E3%81%8B%E3%81%B0%2A%E3%82%AC%E3%83%BC%E3%83%AB" dan="17,17,17,16" rate="2237.40,2137.10,2198.90,2096.34" sx="M,M,M,M"/><TAIKYOKU oya="0"/><INIT seed="0,0,0,5,5,94" ten="250,250,250,250" oya="0" hai0="29,84,124,75,108,27,113,99,39,50,51,92,111" hai1="122,104,78,129,9,1,30,55,56,97,126,135,130" hai2="101,114,62,14,77,120,42,24,63,81,86,59,10" hai3="128,69,68,32,82,70,45,66,3,98,2,28,119"/><T74/><D39/><U38/><E122/><V91/><F114/><W47/><G119/><T132/><D113/><U64/><E38/><V71/><F120/><W133/><G133/><T121/><D121/><U93/><E104/><V73/><F42/><W67/><G128/><N who="1" m="49258" /><E135/><V125/><F125/><W54/><G82/><T46/><D84/><U109/><E109/><N who="0" m="42057" /><D132/><U23/><E64/><V65/><F101/><W34/><G28/><T116/><D116/><U95/><E95/><V5/><F24/><W44/><G54/><N who="0" m="30039" /><D51/><U90/><E78/><V21/><F73/><W58/><G58/><T22/><D124/><U17/><E30/><V33/><F77/><W105/><G105/><T35/><D35/><N who="3" m="13353" /><G98/><T37/><D37/><U8/><E126/><V52/><F33/><W25/><G25/><T85/><D85/><U118/><E118/><V61/><F71/><W80/><G80/><T127/><D127/><U15/><E1/><AGARI ba="0,0" hai="1,2,3,44,45,47,66,67,68,69,70" m="13353" machi="1" ten="40,2600,0" yaku="28,2" doraHai="94" who="3" fromWho="1" sc="250,0,250,-26,250,0,250,26" /><INIT seed="1,0,0,4,3,6" ten="250,224,250,276" oya="1" hai0="38,35,17,109,0,82,105,88,36,132,42,92,2" hai1="111,60,14,79,54,25,129,3,94,30,46,69,40" hai2="115,76,16,91,65,107,118,95,13,53,51,50,84" hai3="96,110,23,127,101,81,112,87,11,4,24,126,67"/><U48/><E129/><V133/><F118/><W108/><G112/><T57/><D105/><U19/><E3/><V120/><F120/><W123/><G123/><T77/><D35/><U20/><E111/><N who="3" m="42538" /><G67/><T55/><D17/><U61/><E69/><V80/><F107/><N who="3" m="63911" /><G23/><T75/><D109/><U106/><E106/><V131/><F133/><W63/><G63/><T135/><D2/><U98/><E79/><V58/><F115/><W22/><G87/><N who="0" m="52255" /><D42/><U130/><E40/><V47/><F131/><W52/><G81/><T68/><D68/><U12/><E130/><V100/><F100/><W37/><G37/><T128/><D128/><U1/><E1/><V66/><F51/><W32/><G32/><T10/><D0/><U85/><E85/><N who="2" m="52719" /><F47/><W125/><G52/><T18/><D55/><U97/><E97/><V7/><F7/><W39/><G39/><T41/><D41/><U29/><E61/><V121/><F121/><W114/><G114/><T59/><D38/><U15/><REACH who="1" step="1"/><E60/><REACH who="1" ten="250,214,250,276" step="2"/><V113/><F113/><W90/><G90/><AGARI ba="0,1" hai="12,14,15,19,20,25,29,30,46,48,54,90,94,98" machi="90" ten="40,18000,2" yaku="1,1,2,1,8,1,53,3" doraHai="6" doraHaiUra="8" who="1" fromWho="3" sc="250,0,214,190,250,0,276,-180" /><INIT seed="1,1,0,0,1,42" ten="250,404,250,96" oya="1" hai0="89,63,81,133,86,57,14,69,104,51,111,32,18" hai1="76,117,6,121,50,48,31,90,5,92,132,13,116" hai2="84,115,11,47,109,20,25,59,96,135,49,119,3" hai3="118,7,54,30,60,56,125,45,134,38,28,112,113"/><U131/><E121/><V62/><F119/><W83/><G118/><T98/><D32/><U34/><E76/><V95/><F109/><W128/><G125/><T21/><D111/><U26/><E131/><V27/><F135/><W91/><G128/><T36/><D133/><U22/><E132/><V99/><F115/><W75/><G134/><T77/><D36/><U120/><E120/><V79/><F11/><W129/><G129/><T122/><D122/><U114/><E114/><V46/><F3/><W43/><G7/><T8/><D69/><U24/><E92/><V9/><F9/><W0/><G0/><T33/><D33/><U58/><E34/><V68/><F68/><W103/><G103/><T65/><D104/><U15/><E31/><V82/><F49/><W110/><G110/><T88/><D98/><U55/><E22/><V101/><F96/><W107/><G107/><T19/><REACH who="0" step="1"/><D51/><REACH who="0" ten="240,404,250,96" step="2"/><U130/><E48/><V52/><REACH who="2" step="1"/><F27/><AGARI ba="1,1" hai="8,14,18,19,21,27,57,63,65,77,81,86,88,89" machi="27" ten="30,12000,2" yaku="1,1,2,1,7,1,8,1,54,1,53,2" doraHai="42" doraHaiUra="85" who="0" fromWho="2" sc="240,133,404,0,250,-123,96,0" /><INIT seed="2,0,0,4,3,49" ten="373,404,127,96" oya="2" hai0="28,80,110,124,127,107,113,11,54,30,73,62,20" hai1="108,44,111,82,27,55,104,90,23,83,4,134,77" hai2="78,64,29,95,61,69,25,117,118,42,129,87,31" hai3="103,32,99,121,22,6,120,33,102,130,2,114,106"/><V98/><F129/><W60/><G130/><T47/><D113/><U68/><E104/><V51/><F31/><W63/><G114/><T8/><D107/><U16/><E68/><V123/><F123/><W85/><G6/><T72/><D110/><N who="1" m="42027" /><E134/><V21/><F87/><W3/><G99/><T7/><D11/><U41/><E4/><V89/><F78/><W15/><G106/><T122/><D122/><U132/><E132/><V59/><F42/><W26/><G15/><T13/><D20/><U133/><E133/><V38/><F38/><W75/><G85/><T5/><D5/><U109/><E90/><V84/><F84/><W56/><G22/><T66/><D73/><N who="1" m="43311" /><E83/><V17/><F29/><W105/><G105/><T18/><D80/><U19/><E55/><V128/><F128/><W71/><G71/><N who="0" m="42455" /><D7/><U126/><E109/><V88/><F89/><W0/><G0/><T100/><D100/><U125/><E19/><V112/><F112/><W12/><G75/><T116/><D72/><U40/><E40/><V135/><F135/><W9/><G2/><T52/><D116/><U48/><AGARI ba="0,0" hai="16,23,27,41,44,48,125,126" m="43311,42027" machi="48" ten="30,2000,0" yaku="14,1,54,1" doraHai="49" who="1" fromWho="1" sc="373,-5,404,20,127,-10,96,-5" /><INIT seed="3,0,0,4,5,39" ten="368,424,117,91" oya="3" hai0="89,101,68,110,120,99,20,9,72,73,54,58,100" hai1="38,63,24,109,49,15,130,79,53,34,26,44,94" hai2="3,107,37,95,76,71,64,47,11,98,124,41,112" hai3="104,40,28,6,125,129,17,18,121,62,116,31,118"/><W105/><G121/><T126/><D120/><U74/><E38/><V114/><F76/><W56/><G6/><T33/><D33/><U43/><E34/><V133/><F124/><W90/><G90/><T77/><D68/><U75/><E75/><V60/><F133/><W13/><G125/><T119/><D119/><N who="3" m="45609" /><G13/><T113/><D110/><U45/><E109/><V96/><F96/><W7/><G7/><T25/><D126/><U83/><E130/><V32/><F32/><W4/><G4/><T134/><D134/><U16/><E94/><V128/><F128/><W8/><G8/><T59/><D113/><U115/><E115/><V70/><F70/><W135/><G56/><T103/><D9/><U46/><E63/><V30/><F30/><N who="3" m="11307" /><G135/><T122/><D122/><U81/><E81/><V69/><F71/><W131/><G62/><T36/><D36/><U1/><E1/><V92/><F92/><W86/><G86/><T67/><D59/><U35/><E35/><V19/><F107/><N who="3" m="41035" /><G40/><T82/><D73/><U102/><E43/><V106/><F106/><W66/><G66/><T10/><D67/><U111/><E111/><V117/><F117/><W23/><G23/><T29/><D10/><N who="1" m="6263" /><E45/><V12/><F3/><W21/><G21/><T14/><D14/><U87/><E44/><V48/><F37/><W93/><G93/><N who="0" m="56751" /><D58/><U85/><E74/><V22/><F11/><W52/><G52/><T127/><D127/><U50/><E85/><V65/><F64/><W42/><G42/><T61/><D61/><U91/><E87/><V57/><F69/><W80/><G80/><RYUUKYOKU ba="0,0" sc="368,10,424,-30,117,10,91,10" hai0="20,25,29,54,72,77,82,100,101,103" hai2="12,19,22,41,47,48,57,60,65,95,98,112,114" hai3="17,18,129,131" /><INIT seed="3,1,0,4,3,17" ten="378,394,127,101" oya="3" hai0="25,71,6,43,11,18,58,84,87,48,68,70,39" hai1="105,96,85,31,111,79,76,116,128,61,24,8,132" hai2="20,22,33,103,50,27,108,127,53,93,36,28,10" hai3="95,77,124,97,100,126,41,52,89,30,49,62,0"/><W86/><G0/><T88/><D39/><U75/><E75/><V13/><F36/><W44/><G77/><T107/><D107/><U115/><E115/><V3/><F3/><W34/><G30/><T65/><D43/><U94/><E105/><V12/><F108/><W74/><G74/><T56/><D65/><U125/><E128/><V78/><F127/><N who="3" m="48683" /><G34/><T64/><D64/><U42/><E111/><V90/><F103/><W112/><G112/><T1/><D48/><U98/><E76/><V121/><F78/><W9/><G9/><T129/><D129/><U91/><E79/><V73/><F73/><W29/><G29/><T119/><D119/><U120/><E8/><V47/><F121/><W133/><G133/><T99/><D99/><U15/><E98/><V55/><F55/><W92/><G62/><T40/><D40/><AGARI ba="1,0" hai="40,41,44,49,52,86,89,92,95,97,100" m="48683" machi="40" ten="30,2900,0" yaku="18,1,54,1" doraHai="17" who="3" fromWho="0" sc="378,-32,394,0,127,0,101,32" /><INIT seed="3,2,0,1,1,56" ten="346,394,127,133" oya="3" hai0="69,74,19,129,23,47,4,102,84,132,97,103,6" hai1="89,63,18,75,27,125,9,54,126,5,25,12,116" hai2="105,40,73,64,67,83,37,98,77,121,133,79,49" hai3="3,36,120,59,7,90,81,22,108,57,94,93,96"/><W91/><G120/><T112/><D69/><U13/><E75/><V87/><F37/><W28/><G36/><T14/><D74/><U122/><E122/><V123/><F123/><W8/><G108/><T26/><D129/><U114/><E114/><V32/><F32/><W58/><G81/><T50/><D132/><U131/><E131/><V42/><F121/><W65/><G22/><T76/><D112/><U111/><E111/><V39/><F39/><W134/><G28/><T48/><D48/><U135/><E135/><V82/><F133/><W115/><G134/><T124/><D124/><N who="1" m="47723" /><E89/><V85/><F73/><W10/><G10/><T55/><D102/><U88/><E88/><V127/><F127/><W61/><G115/><T11/><D76/><U52/><E116/><V21/><F21/><W104/><G104/><T78/><D78/><U92/><E92/><V118/><F118/><W53/><G65/><T20/><D84/><AGARI ba="2,0" hai="3,7,8,53,57,58,59,61,84,90,91,93,94,96" machi="84" ten="30,2900,0" yaku="7,1,52,1" doraHai="56" who="3" fromWho="0" sc="346,-35,394,0,127,0,133,35" /><INIT seed="3,3,0,1,4,12" ten="311,394,127,168" oya="3" hai0="78,96,38,11,37,113,46,68,97,127,6,16,128" hai1="103,67,22,53,101,19,83,43,119,104,18,63,58" hai2="131,116,48,91,20,114,93,33,36,29,59,133,40" hai3="74,51,0,55,3,9,102,32,123,90,5,61,35"/><W129/><G123/><T2/><D127/><U110/><E110/><V13/><F131/><W80/><G129/><T65/><D128/><U98/><E119/><V105/><F133/><W99/><G0/><T121/><D121/><U109/><E109/><V77/><F114/><W115/><G115/><T130/><D130/><U72/><E43/><V14/><F105/><W66/><G90/><T31/><D113/><U134/><E101/><V94/><F116/><W34/><G55/><T52/><D31/><U64/><E18/><N who="2" m="10319" /><F36/><W125/><G51/><T117/><D117/><U28/><E28/><V39/><F39/><W89/><G89/><T23/><D78/><U112/><E134/><V73/><F73/><W75/><G80/><T122/><D122/><U126/><E83/><V49/><F33/><W108/><G108/><T79/><D79/><U21/><E53/><N who="2" m="32167" /><F77/><W41/><G41/><T118/><D118/><U124/><E112/><V8/><F29/><W15/><G15/><T4/><D4/><U87/><E72/><V81/><F81/><W106/><G125/><T44/><D38/><U70/><E104/><V26/><F26/><W69/><AGARI ba="3,0" hai="3,5,9,32,34,35,61,66,69,74,75,99,102,106" machi="69" ten="30,11700,0" yaku="0,1,33,3" doraHai="12" who="3" fromWho="3" sc="311,-42,394,-42,127,-42,168,126" /><INIT seed="3,4,0,4,4,48" ten="269,352,85,294" oya="3" hai0="6,5,33,36,58,129,30,7,31,45,124,121,14" hai1="22,4,46,84,132,61,67,89,103,99,2,50,27" hai2="79,135,69,92,65,64,85,11,104,54,8,80,133" hai3="52,62,120,102,76,90,47,28,60,59,126,82,10"/><W23/><G120/><T49/><D121/><U100/><E132/><V55/><F104/><W86/><G126/><T71/><D71/><U117/><E117/><V83/><F92/><W125/><G125/><T43/><D124/><U37/><E37/><V0/><F85/><N who="3" m="48327" /><G102/><T9/><D129/><U131/><E4/><V108/><F79/><W114/><G114/><T98/><D33/><U119/><E2/><V123/><F123/><W3/><G3/><T128/><D128/><U66/><E119/><V15/><F0/><W101/><G101/><N who="1" m="38986" /><E61/><V73/><F15/><W29/><G10/><T130/><D130/><U105/><E99/><V19/><F19/><W91/><G62/><T87/><D98/><U116/><E105/><V75/><REACH who="2" step="1"/><F108/><REACH who="2" ten="269,352,75,294" step="2"/><W115/><G115/><T95/><D95/><U17/><E131/><V110/><F110/><W113/><G113/><T77/><D77/><U53/><E116/><V68/><AGARI ba="4,1" hai="8,11,54,55,64,65,68,69,73,75,80,83,133,135" machi="68" ten="25,12000,2" yaku="1,1,0,1,22,2,52,2,53,0" doraHai="48" doraHaiUra="18" who="2" fromWho="2" sc="269,-34,352,-34,75,142,294,-64" owari="235,3.5,318,41.8,217,-28.3,230,-17.0" /></mjloggm>