<mjloggm ver="2.3"><GO type="225" lobby="0"/><UN n0="%E9%A6%AC%E5%BC%95%E7%81%AB%33" n1="%E6%A1%9C%E8%8A%B1%E9%96%83%E3%80%85" n2="%E7%99%BD%E5%80%89%E5%AF%9B%E4%B9%8B" n3="%4B%2E%32%2E%4B%2E" dan="16,17,16,16" rate="2117.13,2292.95,2165.11,2167.99" sx="M,M,M,M"/><TAIKYOKU oya="0"/><INIT seed="0,0,0,5,0,124" ten="250,250,250,250" oya="0" hai0="30,98,0,82,48,35,114,18,92,59,88,102,122" hai1="13,126,123,76,134,129,21,77,69,120,8,99,42" hai2="53,97,22,16,45,10,6,127,15,50,79,112,121" hai3="113,90,103,63,100,38,135,73,132,5,28,119,71"/><T125/><D114/><U2/><E69/><V19/><F127/><W54/><G113/><T32/><D122/><U33/><E126/><V4/><F112/><W80/><G38/><T74/><D125/><U7/><E42/><V93/><F79/><W66/><G119/><T34/><D0/><U133/><E99/><V57/><F121/><N who="1" m="46665" /><E33/><V9/><F45/><W72/><G28/><T83/><D30/><U104/><E104/><V55/><F55/><W75/><G5/><T37/><D37/><U95/><E95/><V12/><F22/><W31/><G31/><T91/><D18/><N who="1" m="10447" /><E76/><V62/><F50/><W3/><G3/><T116/><D116/><U27/><E77/><V43/><F43/><W81/><G54/><T17/><D17/><U41/><E41/><V68/><F68/><W108/><G108/><T39/><D39/><U23/><E129/><V46/><F46/><W84/><REACH who="3" step="1"/><G81/><REACH who="3" ten="250,250,250,240" step="2"/><T47/><D83/><U96/><E2/><V128/><REACH who="2" step="1"/><F128/><REACH who="2" ten="250,250,240,240" step="2"/><W11/><G11/><T107/><D82/><U118/><E118/><V1/><F1/><W106/><G106/><T109/><D107/><U20/><E8/><V44/><F44/><W87/><G87/><T40/><D47/><U110/><E23/><V105/><F105/><W89/><G89/><AGARI ba="0,2" hai="4,6,9,10,12,15,16,19,53,57,62,89,93,97" machi="89" ten="30,12000,2" yaku="1,1,7,1,9,1,8,1,54,1,53,1" doraHai="124" doraHaiUra="94" who="2" fromWho="3" sc="250,0,250,0,240,140,240,-120" /><INIT seed="1,0,0,2,2,41" ten="250,250,380,120" oya="1" hai0="36,37,56,46,125,71,105,104,30,1,58,121,129" hai1="69,80,93,103,27,72,86,116,11,25,61,12,114" hai2="109,115,8,48,127,47,113,59,57,106,75,70,101" hai3="66,54,53,14,134,135,117,74,97,51,84,63,67"/><U49/><E116/><V28/><F70/><W130/><G74/><T120/><D71/><U110/><E114/><N who="2" m="43531" /><F75/><W119/><G97/><T24/><D1/><U2/><E2/><V38/><F38/><W34/><G84/><T21/><D125/><U85/><E85/><V35/><F127/><W122/><G34/><T19/><D129/><U18/><E72/><V118/><F109/><W20/><G20/><T6/><D6/><U128/><E128/><V81/><F81/><W100/><G100/><T15/><D36/><U102/><E61/><V43/><F118/><N who="3" m="45067" /><G14/><T40/><D104/><U76/><E69/><V31/><F8/><W133/><G130/><T112/><D105/><U83/><E83/><V5/><F5/><W32/><G32/><T13/><D13/><U131/><E131/><V4/><F4/><W89/><G89/><T50/><D112/><U23/><E110/><V22/><F22/><W55/><G122/><N who="0" m="47211" /><D37/><U111/><E111/><V88/><F88/><W79/><G79/><T108/><D108/><U39/><E39/><V123/><F123/><W65/><G51/><T62/><D15/><U98/><E102/><V87/><F87/><W96/><G96/><T64/><D30/><N who="2" m="11306" /><F35/><W126/><G126/><T94/><D94/><U52/><E23/><V16/><F16/><W0/><G0/><T26/><D26/><U9/><E11/><V45/><F106/><W33/><G33/><T42/><D24/><U95/><E95/><V82/><F82/><W78/><G78/><T90/><D21/><U17/><E18/><V107/><F107/><W124/><G124/><RYUUKYOKU ba="0,0" sc="250,-15,250,15,380,-15,120,15" hai1="9,12,17,25,27,49,52,76,80,86,93,98,103" hai3="53,54,55,63,65,66,67,133,134,135" /><INIT seed="1,1,0,3,1,135" ten="235,265,365,135" oya="1" hai0="24,43,63,17,85,53,93,8,5,80,23,64,83" hai1="114,100,65,117,131,50,52,62,133,0,102,132,41" hai2="70,76,61,119,28,110,109,14,68,78,66,6,16" hai3="95,112,72,84,39,125,111,98,49,134,31,118,124"/><U103/><E117/><V113/><F113/><W15/><G39/><T74/><D43/><U26/><E114/><V126/><F126/><N who="3" m="48747" /><G112/><T9/><D53/><U81/><E0/><V122/><F122/><W97/><G134/><N who="1" m="51818" /><E131/><V10/><F119/><W75/><G118/><T73/><D93/><U3/><E3/><N who="2" m="351" /><F28/><W79/><G111/><N who="2" m="42505" /><F70/><W86/><G31/><T2/><D8/><AGARI ba="1,0" hai="8,14,16,61,66,68,76,78" m="42505,351" machi="8" ten="30,2000,0" yaku="14,1,54,1" doraHai="135" who="2" fromWho="0" sc="235,-23,265,0,365,23,135,0" /><INIT seed="2,0,0,5,5,107" ten="212,265,388,135" oya="2" hai0="76,98,65,120,51,133,20,135,60,127,88,61,58" hai1="101,47,11,122,30,54,69,56,94,89,55,37,32" hai2="132,49,8,118,111,113,63,7,103,105,108,52,59" hai3="119,45,9,1,79,87,96,16,6,84,73,125,95"/><V14/><F132/><N who="0" m="50762" /><D120/><U93/><E69/><V109/><F118/><W17/><G119/><T5/><D127/><U2/><E122/><V126/><F126/><W28/><G125/><T35/><D35/><U99/><E32/><V130/><F130/><W18/><G28/><T90/><D76/><U53/><E30/><V100/><F113/><W4/><G4/><T31/><D5/><U62/><E2/><V25/><F25/><W128/><G45/><T117/><D117/><U68/><E68/><V80/><F105/><W116/><G128/><T38/><D38/><U26/><E26/><V115/><F115/><W121/><G121/><T85/><D85/><N who="1" m="52399" /><E37/><V43/><F80/><W131/><G131/><T134/><D60/><U57/><E11/><V12/><F12/><W3/><G3/><T44/><D98/><U22/><E22/><V21/><F21/><W13/><G1/><T67/><D65/><N who="1" m="39111" /><E47/><AGARI ba="0,0" hai="7,8,14,43,47,49,52,59,63,100,103,108,109,111" machi="47" ten="40,7700,0" yaku="14,1,10,1,54,1" doraHai="107" who="2" fromWho="1" sc="212,0,265,-77,388,77,135,0" /><INIT seed="2,1,0,1,5,110" ten="212,188,465,135" oya="2" hai0="49,68,10,8,85,1,41,116,105,57,69,82,93" hai1="119,44,4,89,130,52,109,53,76,86,54,40,2" hai2="61,114,123,11,14,6,131,38,88,132,77,16,128" hai3="101,122,34,46,96,121,127,47,17,134,107,12,15"/><V133/><F38/><W32/><G127/><T129/><D105/><U64/><E119/><V51/><F123/><W19/><G134/><N who="2" m="51817" /><F77/><W42/><G42/><T50/><D93/><U99/><E109/><V104/><F104/><W83/><G83/><T67/><D129/><U13/><E130/><V91/><F51/><W29/><G29/><T118/><D67/><U24/><E2/><V65/><F114/><W0/><G0/><T48/><D57/><U117/><E64/><V33/><F33/><W27/><G107/><T113/><D113/><U30/><E99/><V23/><F128/><W125/><G125/><T39/><D39/><U94/><E76/><V35/><F35/><W95/><G34/><T36/><D36/><U97/><E86/><V90/><F131/><W45/><G32/><T124/><D124/><U22/><E117/><N who="0" m="45161" /><D41/><U100/><E100/><V78/><F78/><W43/><G43/><T70/><D1/><U56/><E40/><V5/><F23/><W106/><G106/><T18/><D18/><U111/><E44/><V25/><F25/><W37/><G37/><T80/><D85/><U79/><E79/><V108/><F108/><W92/><G19/><T31/><D31/><U71/><E111/><V9/><F9/><AGARI ba="1,0" hai="8,9,10,48,49,50,68,69,70,80,82" m="45161" machi="9" ten="40,5200,0" yaku="28,2,12,1" doraHai="110" who="0" fromWho="2" sc="212,55,188,0,465,-55,135,0" /><INIT seed="3,0,0,3,5,23" ten="267,188,410,135" oya="3" hai0="66,135,119,40,6,20,89,1,106,49,93,126,127" hai1="105,15,39,18,125,0,99,92,134,110,37,35,33" hai2="132,3,116,83,79,74,45,2,70,122,133,12,60" hai3="26,41,16,36,57,82,96,123,117,98,51,22,115"/><W42/><G115/><T21/><D135/><U9/><E105/><V87/><F116/><W108/><G117/><T100/><D119/><U61/><E134/><N who="2" m="51819" /><F122/><W13/><G123/><T104/><D66/><U48/><E110/><V118/><F118/><W63/><G36/><T113/><D113/><U112/><E112/><V27/><F12/><W65/><G108/><T5/><D100/><U103/><E48/><V47/><F74/><W121/><G121/><T30/><D49/><U111/><E18/><V24/><F60/><W34/><G82/><T53/><D93/><U58/><E58/><V10/><F70/><W55/><G34/><T8/><D89/><U88/><E92/><V84/><F84/><W54/><G13/><T109/><D109/><U77/><E103/><V7/><F3/><W64/><G64/><T75/><D75/><U67/><E77/><V76/><F76/><W85/><G85/><T90/><D90/><U28/><E28/><V107/><F107/><W72/><G72/><T56/><D30/><U19/><E35/><V38/><F38/><N who="1" m="14345" /><E99/><N who="3" m="37930" /><G65/><T91/><D106/><U68/><E33/><V44/><AGARI ba="0,0" hai="2,7,10,24,27,44,45,47,79,83,87" m="51819" machi="44" ten="30,4000,0" yaku="20,1,52,2" doraHai="23" who="2" fromWho="2" sc="267,-10,188,-10,410,40,135,-20" owari="257,5.7,178,-22.2,450,55.0,115,-38.5" /></mjloggm>