<mjloggm ver="2.3"><GO type="225" lobby="0"/><UN n0="%E3%81%BF%E3%81%BF%E3%81%9A" n1="%E3%81%8B%E3%82%8F%E3%81%A1%E3%82%83%E3%82%93%35%38" n2="%E5%8D%A0%E3%81%84%E5%B8%AB%E8%A3%8F%E3%81%AA%E3%81%84%E3%81%97" n3="%E3%81%BE%E3%81%A8%E3%81%9F" dan="18,16,17,16" rate="2210.88,2138.14,2155.62,2130.20" sx="M,M,M,M"/><TAIKYOKU oya="0"/><INIT seed="0,0,0,5,2,10" ten="250,250,250,250" oya="0" hai0="43,123,41,59,125,135,87,11,100,90,33,97,86" hai1="69,94,107,66,89,50,40,34,83,24,58,110,18" hai2="85,57,7,104,98,51,48,9,130,109,134,118,113" hai3="126,80,16,124,3,120,68,1,27,44,74,54,116"/><T106/><D123/><U78/><E107/><V111/><F113/><W4/><G68/><T67/><D125/><N who="3" m="48233" /><G4/><T73/><D135/><U93/><E69/><V56/><F134/><W133/><G133/><T117/><D117/><U91/><E110/><N who="2" m="41995" /><F118/><W82/><G120/><T122/><D122/><U63/><E40/><V81/><F130/><W28/><G16/><T129/><D129/><U105/><E105/><V52/><F98/><W115/><G115/><T13/><D33/><U6/><E6/><V23/><F23/><W77/><G80/><T36/><D73/><U119/><E119/><V14/><F104/><W95/><G95/><N who="0" m="58431" /><D36/><U8/><E50/><N who="2" m="30743" /><F57/><W101/><G116/><T99/><D99/><U60/><E58/><V76/><AGARI ba="0,0" hai="7,9,14,48,51,76,81,85" m="30743,41995" machi="76" ten="30,4000,0" yaku="14,1,52,1,54,1" doraHai="10" who="2" fromWho="2" sc="250,-20,250,-10,250,40,250,-10" /><INIT seed="1,0,0,5,4,6" ten="230,240,290,240" oya="1" hai0="47,16,110,17,77,114,65,21,11,88,70,51,50" hai1="63,97,132,112,109,23,12,49,71,8,91,33,121" hai2="72,20,30,73,52,90,83,62,123,101,57,43,46" hai3="105,28,35,85,53,113,134,116,78,5,39,4,58"/><U10/><E112/><V106/><F123/><W99/><G39/><T126/><D114/><U26/><E33/><V31/><F106/><W135/><G116/><T79/><D70/><U59/><E121/><V120/><F120/><W104/><G28/><T107/><D107/><N who="3" m="41033" /><G99/><T117/><D117/><U42/><E71/><V130/><F130/><W95/><G35/><T129/><D129/><U38/><E38/><V37/><F101/><W9/><G113/><T1/><D110/><U56/><E132/><V40/><F40/><W34/><G34/><T131/><D65/><N who="1" m="39143" /><E12/><V66/><F30/><W115/><G4/><T89/><D126/><U48/><E109/><V74/><F90/><N who="0" m="34922" /><D131/><U0/><E0/><V27/><REACH who="2" step="1"/><F66/><REACH who="2" ten="230,240,280,240" step="2"/><W32/><G115/><T60/><D60/><U80/><E42/><V45/><F45/><W87/><G134/><T111/><D111/><U54/><E49/><N who="0" m="18441" /><D47/><U25/><E97/><V93/><F93/><W19/><G95/><T69/><D69/><U98/><E98/><V64/><F64/><W44/><G135/><T128/><D128/><U127/><E127/><V22/><F22/><W86/><G44/><T13/><D1/><U133/><E133/><V3/><F3/><W119/><G32/><T125/><D125/><U15/><E91/><V36/><F36/><W14/><G119/><T94/><D94/><U102/><E102/><V7/><F7/><W96/><G96/><T76/><D21/><U103/><E103/><V75/><F75/><W100/><G100/><T68/><D68/><U81/><E23/><V108/><F108/><W61/><G5/><AGARI ba="0,1" hai="5,11,13,16,17,76,77,79" m="18441,34922" machi="5" ten="30,8000,1" yaku="6,1,8,1,52,1,54,2" doraHai="6" who="0" fromWho="3" sc="230,90,240,0,280,0,240,-80" /><INIT seed="2,0,0,4,2,8" ten="320,240,280,160" oya="2" hai0="26,110,127,22,71,117,74,133,32,112,58,77,81" hai1="106,6,111,134,23,123,61,47,42,36,79,82,50" hai2="5,3,40,27,29,83,12,33,121,21,69,97,89" hai3="108,90,70,113,132,80,59,25,115,99,24,95,130"/><V19/><F69/><W0/><G70/><T109/><D71/><U114/><E114/><V46/><F121/><W107/><G0/><T9/><D112/><U98/><E123/><V20/><F3/><W91/><G108/><N who="0" m="41579" /><D133/><U43/><E111/><V94/><F5/><W103/><G132/><T129/><D129/><U67/><E134/><V116/><F116/><W39/><G130/><T105/><D127/><U60/><E6/><V38/><REACH who="2" step="1"/><F83/><REACH who="2" ten="320,240,270,160" step="2"/><W76/><G113/><T62/><D117/><U84/><E82/><V93/><F93/><W4/><G115/><T15/><D105/><U11/><E106/><V102/><F102/><W63/><G4/><N who="0" m="3495" /><D32/><AGARI ba="0,1" hai="12,19,20,21,27,29,32,33,38,40,46,89,94,97" machi="32" ten="40,3900,0" yaku="1,1,52,1,53,0" doraHai="8" doraHaiUra="51" who="2" fromWho="0" sc="320,-39,240,0,270,49,160,0" /><INIT seed="2,1,0,1,3,42" ten="281,240,319,160" oya="2" hai0="87,128,102,82,119,54,85,50,70,61,100,22,68" hai1="30,41,60,59,101,29,96,4,135,130,98,8,26" hai2="24,56,123,9,117,11,90,108,134,53,43,91,0" hai3="10,52,88,25,75,94,34,6,27,48,63,46,116"/><V92/><F117/><W13/><G116/><T73/><D119/><U111/><E111/><V45/><F123/><W39/><G75/><T21/><D73/><U81/><E135/><V77/><F108/><W23/><G34/><T28/><D128/><U104/><E130/><V110/><F110/><W51/><G39/><T113/><D113/><U69/><E69/><V121/><F121/><W133/><G133/><T15/><D28/><U12/><E81/><V40/><F77/><W19/><G63/><T132/><D132/><U32/><E30/><V16/><F0/><W65/><G65/><T66/><D70/><U76/><E76/><V118/><F118/><W7/><G51/><T89/><D87/><U84/><E84/><V58/><F90/><W109/><G109/><T18/><REACH who="0" step="1"/><D21/><REACH who="0" ten="271,240,319,160" step="2"/><U107/><E98/><N who="2" m="57631" /><F134/><W74/><G74/><T106/><D106/><U129/><E129/><V71/><F71/><W122/><G122/><T124/><D124/><U20/><E41/><V126/><F40/><W79/><G79/><T37/><D37/><U72/><E72/><V17/><F126/><W78/><G78/><T67/><D67/><U44/><E107/><V99/><F99/><N who="3" m="57799" /><G6/><T64/><D64/><N who="1" m="38943" /><E32/><V2/><F43/><W97/><G97/><T83/><D83/><U14/><E4/><V36/><F36/><W5/><G7/><T93/><D93/><U49/><E8/><V33/><F33/><W103/><G103/><T3/><D3/><U55/><E104/><V125/><F2/><W95/><G95/><T31/><D31/><U131/><E131/><V115/><F125/><RYUUKYOKU ba="1,1" sc="271,10,240,10,319,-30,160,10" hai0="15,18,22,50,54,61,66,68,82,85,89,100,102" hai1="12,14,20,26,29,44,49,55,96,101" hai3="5,10,13,19,23,25,27,46,48,52" /><INIT seed="3,2,1,1,3,24" ten="281,250,289,170" oya="3" hai0="23,72,8,135,134,115,99,50,37,35,64,13,123" hai1="61,28,60,19,110,22,15,74,44,118,49,89,92" hai2="106,21,38,87,98,81,78,3,54,30,43,84,5" hai3="26,73,66,62,116,129,48,12,121,132,124,27,56"/><W93/><G116/><T75/><D35/><U125/><E74/><V133/><F133/><N who="0" m="50698" /><D37/><U1/><E1/><V126/><F126/><W65/><G132/><T40/><D123/><U94/><E125/><V71/><F71/><W95/><G124/><T80/><D115/><U14/><E110/><V59/><F30/><W4/><G73/><T108/><D108/><U101/><E118/><V70/><F21/><W33/><G129/><T41/><D23/><U127/><E127/><V114/><F70/><W25/><G121/><T34/><D34/><U79/><E79/><V46/><F114/><W11/><G33/><T117/><D117/><U119/><E119/><V91/><F106/><W88/><G48/><T85/><D64/><U103/><E14/><V105/><F105/><W130/><G130/><T2/><D99/><N who="1" m="59623" /><E103/><V36/><F98/><W0/><G0/><T97/><D97/><N who="1" m="57551" /><E28/><V39/><F5/><W100/><G100/><T6/><D13/><U16/><E19/><V107/><F107/><W96/><REACH who="3" step="1"/><G95/><REACH who="3" ten="281,250,289,160" step="2"/><T42/><D50/><U57/><E57/><V77/><F3/><W128/><G128/><T53/><D75/><U111/><E111/><V122/><F122/><W131/><G131/><T86/><D72/><U32/><E32/><V45/><F36/><W90/><G90/><N who="0" m="51495" /><D86/><U47/><E47/><V29/><F87/><W83/><G83/><T10/><D2/><U120/><E120/><V52/><F39/><W82/><G82/><T109/><D109/><U7/><E7/><V67/><F45/><W104/><G104/><T51/><D6/><U55/><AGARI ba="2,2" hai="15,16,22,44,49,55,60,61" m="57551,59623" machi="55" ten="30,4000,0" yaku="5,1,8,1,54,1" doraHai="24" who="1" fromWho="1" sc="281,-12,250,66,289,-12,160,-22" owari="269,-13.1,316,41.6,277,7.7,138,-36.2" /></mjloggm>