<mjloggm ver="2.3"><GO type="225" lobby="0"/><UN n0="%E3%81%8B%E3%82%8F%E3%81%A1%E3%82%83%E3%82%93%35%38" n1="%E5%91%A8%E6%9D%B1" n2="%72%69%6F%75%63%68%61%6E" n3="%77%72%77%72%77%72%77%72" dan="16,16,16,16" rate="2155.29,2214.61,2130.12,2126.36" sx="M,M,M,M"/><TAIKYOKU oya="0"/><INIT seed="0,0,0,1,5,111" ten="250,250,250,250" oya="0" hai0="9,82,94,66,68,10,120,53,123,107,50,101,63" hai1="70,135,88,46,112,127,80,131,31,56,19,60,12" hai2="93,122,86,23,43,29,62,109,61,17,5,96,34" hai3="0,59,97,20,32,128,91,48,14,8,30,49,13"/><T77/><D77/><U36/><BYE who="0" /><E135/><UN n0="%E3%81%8B%E3%82%8F%E3%81%A1%E3%82%83%E3%82%93%35%38" /><V24/><F109/><W115/><G115/><T125/><D107/><U51/><E131/><V102/><F122/><W95/><G128/><T118/><D118/><U3/><E127/><V18/><F5/><W90/><G32/><T98/><D125/><U75/><E3/><V74/><F74/><W133/><G133/><T110/><D82/><U113/><E31/><V55/><F43/><W114/><G114/><N who="1" m="44138" /><E70/><V22/><F86/><W33/><G33/><T78/><D78/><N who="1" m="44127" /><E88/><V92/><F92/><N who="3" m="56471" /><G0/><T83/><D83/><U103/><E103/><V2/><F2/><W124/><G124/><T57/><REACH who="0" step="1"/><D110/><REACH who="0" ten="240,250,250,250" step="2"/><U76/><E76/><V15/><REACH who="2" step="1"/><F55/><REACH who="2" ten="240,250,240,250" step="2"/><W72/><G72/><T26/><D26/><AGARI ba="0,2" hai="15,17,18,22,23,24,26,29,34,61,62,93,96,102" machi="26" ten="30,3900,0" yaku="1,1,2,1,7,1,53,0" doraHai="111" doraHaiUra="4" who="2" fromWho="0" sc="240,-39,250,0,240,59,250,0" /><INIT seed="1,0,0,3,5,3" ten="201,250,299,250" oya="1" hai0="109,93,105,89,108,57,15,10,81,45,76,120,1" hai1="87,59,39,100,16,82,106,64,44,129,107,121,88" hai2="27,125,113,91,77,67,66,12,126,41,111,132,116" hai3="84,85,28,35,78,133,38,0,56,22,48,13,99"/><U135/><E121/><V29/><F116/><W61/><G0/><T36/><D105/><U14/><E129/><V19/><F111/><W117/><G38/><T131/><D131/><U123/><E123/><V53/><F132/><W102/><G133/><T75/><D120/><U32/><E32/><V63/><F113/><W96/><G117/><T25/><D25/><U95/><E135/><V119/><F119/><W112/><G35/><T122/><D57/><U17/><E17/><V65/><F77/><W73/><G73/><T42/><D122/><U47/><E39/><V86/><F41/><W58/><G112/><T8/><D8/><U80/><E107/><V31/><F53/><N who="3" m="31783" /><G78/><T54/><D54/><U74/><E106/><V9/><F63/><W98/><G102/><T62/><D62/><N who="1" m="37983" /><E74/><V128/><F128/><W69/><G69/><T70/><D15/><U20/><E100/><V90/><F31/><W5/><G28/><T103/><D103/><U26/><E26/><V49/><F49/><W52/><G22/><T34/><D34/><U101/><E101/><V118/><F118/><W37/><G37/><T23/><D23/><U97/><E97/><V104/><F104/><W46/><G46/><AGARI ba="0,0" hai="14,16,20,44,46,47,80,82,87,88,95" m="37983" machi="46" ten="30,5800,0" yaku="8,1,54,2" doraHai="3" who="1" fromWho="3" sc="201,0,250,58,299,0,250,-58" /><INIT seed="1,1,0,5,1,27" ten="201,308,299,192" oya="1" hai0="96,72,71,126,28,33,79,93,90,104,2,122,111" hai1="34,10,18,5,80,89,106,46,114,116,56,17,130" hai2="123,64,101,47,112,14,66,118,76,102,88,1,41" hai3="87,61,78,53,54,22,134,49,85,109,57,105,58"/><U113/><E106/><V12/><F118/><W52/><G109/><T45/><D2/><U9/><E46/><V3/><F123/><W82/><G134/><T69/><D122/><U117/><E56/><V4/><F112/><W29/><G105/><T32/><D32/><U107/><E80/><V100/><F76/><W120/><G120/><T97/><D97/><U95/><E107/><V121/><F121/><W81/><G53/><T42/><D104/><U62/><E62/><V132/><F132/><W63/><G49/><T51/><D111/><U103/><E103/><V20/><F4/><W115/><G115/><T38/><D126/><U7/><E95/><V99/><F1/><W8/><G8/><T0/><D51/><U25/><E89/><V24/><F3/><W125/><G125/><T129/><D129/><U74/><E74/><V23/><F12/><W60/><G60/><T50/><D50/><U43/><E43/><V16/><F88/><N who="3" m="51247" /><G22/><T35/><D35/><U77/><E34/><V40/><F99/><W68/><G68/><N who="0" m="26187" /><D0/><U119/><E119/><V73/><F73/><W91/><G78/><T131/><D131/><U94/><E77/><V39/><REACH who="2" step="1"/><F40/><REACH who="2" ten="201,308,289,192" step="2"/><W84/><G84/><T86/><D72/><U30/><E130/><V110/><F110/><W83/><G83/><N who="0" m="47487" /><D33/><U48/><E114/><V75/><F75/><W67/><G67/><T26/><D26/><U21/><E113/><V135/><F135/><W6/><G6/><T19/><D19/><AGARI ba="1,1" hai="14,16,19,20,23,24,39,41,47,64,66,100,101,102" machi="19" ten="40,5200,0" yaku="1,1,54,1,53,1" doraHai="27" doraHaiUra="37" who="2" fromWho="0" sc="201,-55,308,0,289,65,192,0" /><INIT seed="2,0,0,5,2,113" ten="146,308,354,192" oya="2" hai0="6,51,101,72,83,38,90,16,45,32,71,96,31" hai1="48,79,116,132,77,13,23,78,15,111,58,0,129" hai2="40,94,120,7,121,128,100,88,11,27,106,12,103" hai3="34,65,73,37,92,107,81,24,91,36,75,14,39"/><V26/><F128/><W5/><G107/><T82/><D71/><U131/><E0/><V74/><F74/><W10/><G65/><T8/><D38/><U55/><E111/><V133/><F133/><W93/><G93/><T33/><D72/><U30/><E132/><V105/><F106/><W66/><G66/><T114/><D114/><U42/><E42/><V60/><F40/><W112/><G112/><T84/><D83/><U29/><E116/><V62/><F120/><W56/><G56/><T64/><D31/><N who="1" m="11787" /><E23/><V41/><F41/><W59/><G34/><T46/><D64/><U126/><E126/><V123/><F123/><W4/><G24/><N who="2" m="9257" /><F105/><W127/><G127/><T109/><D109/><U118/><E118/><V54/><F121/><W3/><G81/><T68/><D68/><U130/><AGARI ba="0,0" hai="13,15,48,55,58,77,78,79,129,130,131" m="11787" machi="130" ten="40,1500,0" yaku="19,1" doraHai="113" who="1" fromWho="1" sc="146,-4,308,15,354,-7,192,-4" /><INIT seed="3,0,0,1,0,75" ten="142,323,347,188" oya="3" hai0="60,5,63,113,40,122,66,67,59,99,128,20,87" hai1="13,34,108,52,57,69,46,77,28,25,47,45,1" hai2="131,115,21,65,130,48,102,18,37,74,4,106,54" hai3="118,121,10,89,134,27,124,23,83,61,110,76,14"/><W38/><G118/><T126/><D128/><N who="2" m="49194" /><F37/><W44/><G121/><T86/><D126/><U29/><E1/><V78/><F115/><W95/><G124/><T58/><D122/><U9/><E108/><V91/><F4/><W3/><G110/><T31/><D113/><U92/><E69/><V79/><F74/><W26/><G134/><T129/><D129/><U22/><E34/><V0/><F0/><W125/><G3/><T51/><D5/><N who="1" m="3247" /><E92/><V64/><F91/><W56/><G44/><N who="1" m="11266" /><U73/><DORA hai="116" /><E73/><V35/><F35/><W123/><G23/><T68/><D68/><U30/><E77/><N who="2" m="29195" /><F102/><W42/><G38/><T117/><D51/><AGARI ba="0,0" hai="22,25,28,29,30,51,52,57" m="11266,3247" machi="51" ten="30,2000,0" yaku="8,1,54,1" doraHai="75,116" who="1" fromWho="0" sc="142,-20,323,20,347,0,188,0" owari="122,-37.8,343,14.3,347,44.7,188,-21.2" /></mjloggm>