<mjloggm ver="2.3"><GO type="225" lobby="0"/><UN n0="%E3%83%96%E3%83%83%E3%83%91%E3%82%AA%E3%83%96%E3%83%81%E3%82%AD%E3%83%B3" n1="%E6%9C%88%E5%B3%B6%E5%9F%BA" n2="%E8%81%B7%E6%A5%AD%E3%80%81%E9%A2%A8%32" n3="%E3%82%BC%E3%83%AB%E3%83%80%E3%81%AE%E4%BC%9D%E8%AA%AC" dan="17,17,16,17" rate="2184.10,2188.95,2160.51,2103.21" sx="M,M,M,M"/><TAIKYOKU oya="0"/><INIT seed="0,0,0,1,3,67" ten="250,250,250,250" oya="0" hai0="88,4,75,89,0,96,127,64,90,39,63,70,9" hai1="105,44,85,71,117,36,22,32,23,28,77,5,69" hai2="81,10,120,111,3,48,122,37,102,40,58,31,26" hai3="66,38,65,21,60,123,18,7,126,124,106,132,53"/><T41/><D127/><N who="3" m="48681" /><G106/><T121/><D121/><U133/><E117/><V25/><F111/><W84/><G123/><T98/><REACH who="0" step="1"/><D75/><REACH who="0" ten="240,250,250,250" step="2"/><U43/><E133/><V131/><F120/><W134/><G134/><T24/><D24/><U73/><E73/><V30/><F25/><W87/><G132/><T110/><D110/><U103/><E32/><V86/><F26/><W57/><G38/><T72/><D72/><U49/><E36/><V59/><F37/><W51/><G7/><T95/><D95/><U74/><E74/><V35/><F35/><W135/><G135/><T108/><D108/><U68/><E5/><V97/><F122/><W119/><G119/><T52/><D52/><U91/><E105/><V46/><F30/><W93/><G93/><T50/><D50/><U107/><E28/><V125/><F31/><W113/><G113/><T14/><D14/><U129/><E49/><V82/><F125/><W116/><G116/><T12/><D12/><U80/><E107/><V101/><F48/><W11/><G51/><T79/><D79/><U1/><E77/><V20/><F40/><W62/><G53/><T16/><D16/><U61/><E43/><V17/><F17/><W6/><G18/><T15/><D15/><U34/><E34/><V29/><F29/><W56/><G6/><T104/><D104/><U27/><E27/><V55/><F55/><W13/><G11/><T118/><D118/><U92/><E92/><V100/><F10/><W94/><G94/><T76/><D76/><U78/><E78/><V83/><F20/><W54/><G54/><T99/><D99/><RYUUKYOKU ba="0,1" sc="240,15,250,-15,250,-15,250,15" hai0="0,4,9,39,41,63,64,70,88,89,90,96,98" hai3="13,21,56,57,60,62,65,66,84,87" /><INIT seed="0,1,1,4,5,122" ten="255,235,235,265" oya="0" hai0="67,6,92,115,69,99,83,135,74,27,28,111,10" hai1="104,31,20,14,34,40,63,33,131,86,106,36,3" hai2="120,125,56,124,118,87,90,11,0,75,72,19,46" hai3="108,130,77,110,62,71,68,119,94,101,76,13,102"/><T65/><D115/><U26/><E86/><V43/><F120/><W58/><G119/><T35/><D135/><U88/><E88/><V55/><F118/><W123/><G123/><T112/><D112/><U103/><E63/><V80/><F0/><W97/><G130/><T30/><D30/><U64/><E64/><V57/><F11/><W44/><G101/><T126/><D126/><N who="2" m="48746" /><F19/><W23/><G44/><T89/><D69/><N who="3" m="26697" /><G23/><T52/><D111/><N who="3" m="42537" /><G13/><T12/><REACH who="0" step="1"/><D52/><AGARI ba="1,1" hai="52,58,62,76,77,94,97,102" m="42537,26697" machi="52" ten="30,8000,1" yaku="14,1,52,3,54,1" doraHai="122" who="3" fromWho="0" sc="255,-83,235,0,235,0,265,93" /><INIT seed="1,0,0,3,5,118" ten="172,235,235,358" oya="1" hai0="124,3,25,32,37,18,13,119,115,68,105,6,35" hai1="36,0,48,31,24,83,17,61,77,92,58,39,93" hai2="100,41,89,65,27,23,54,103,135,133,111,62,5" hai3="4,128,26,51,20,114,81,96,43,63,88,44,94"/><U33/><E0/><V117/><F111/><W11/><G128/><T131/><RYUUKYOKU type="yao9" ba="0,0" sc="172,0,235,0,235,0,358,0" hai0="3,6,13,18,25,32,35,37,68,105,115,119,124,131" /><INIT seed="1,1,0,4,4,48" ten="172,235,235,358" oya="1" hai0="122,135,13,10,133,46,116,57,69,2,117,115,16" hai1="50,93,41,103,98,119,27,1,81,101,107,14,23" hai2="44,85,105,45,59,91,55,40,33,11,100,0,20" hai3="4,34,109,65,31,49,106,108,131,86,72,70,120"/><U29/><E119/><N who="0" m="45641" /><D69/><U130/><E130/><V43/><F33/><W36/><G120/><T28/><D46/><N who="1" m="25935" /><E1/><V79/><F79/><W134/><G72/><T30/><D57/><U21/><E107/><V90/><F20/><W84/><G134/><N who="0" m="51211" /><D122/><U102/><E81/><V51/><F100/><W67/><G106/><T124/><D115/><U39/><E39/><V76/><F105/><W63/><G131/><T73/><D73/><U94/><E94/><V83/><F0/><W123/><G4/><N who="0" m="1303" /><D124/><U77/><E77/><V96/><F11/><AGARI ba="1,0" hai="11,13,16,28,30" m="1303,51211,45641" machi="11" ten="30,7700,0" yaku="20,1,34,2,54,1" doraHai="48" who="0" fromWho="2" sc="172,80,235,0,235,-80,358,0" /><INIT seed="2,0,0,1,1,57" ten="252,235,155,358" oya="2" hai0="45,69,42,19,47,103,96,71,32,46,75,7,108" hai1="29,116,44,112,118,130,23,124,117,93,37,78,31" hai2="12,62,89,101,8,73,16,26,10,40,134,122,80" hai3="120,81,74,72,59,77,104,68,11,6,52,111,127"/><V91/><F122/><W18/><G120/><T4/><D75/><U98/><E112/><V131/><F134/><W121/><G121/><T126/><D32/><U22/><E124/><V107/><F131/><W83/><G68/><T27/><D126/><U9/><E130/><V114/><F114/><W28/><G127/><T5/><D108/><U35/><E78/><V109/><F109/><W90/><G111/><T21/><REACH who="0" step="1"/><D42/><REACH who="0" ten="242,235,155,358" step="2"/><U84/><E35/><V110/><F110/><W105/><G72/><T17/><D17/><U115/><E115/><V43/><F73/><W106/><G18/><T99/><D99/><U36/><E98/><V79/><F107/><AGARI ba="0,1" hai="4,5,7,19,21,27,45,46,47,69,71,96,103,107" machi="107" ten="40,2600,0" yaku="1,1,53,1" doraHai="57" doraHaiUra="92" who="0" fromWho="2" sc="242,36,235,0,155,-26,358,0" /><INIT seed="3,0,0,5,5,105" ten="278,235,129,358" oya="3" hai0="128,23,7,123,125,84,127,82,52,19,10,49,1" hai1="17,64,135,121,108,60,37,110,90,27,86,46,70" hai2="76,48,111,113,87,38,30,94,71,85,56,35,57" hai3="133,14,80,9,69,74,13,11,51,81,78,96,47"/><W45/><G69/><T66/><D123/><U32/><E121/><V24/><F113/><W29/><G133/><T39/><D39/><U41/><E135/><V55/><F38/><W109/><G109/><T98/><D128/><U130/><E130/><V114/><F111/><N who="1" m="42537" /><E17/><V5/><F71/><W112/><G112/><T40/><D40/><U58/><E58/><V99/><F114/><W126/><G126/><N who="0" m="48139" /><D66/><U104/><E104/><V63/><F5/><W102/><G29/><T65/><D65/><U16/><E16/><V129/><F76/><W134/><G134/><T61/><D61/><U132/><E132/><V20/><F35/><W36/><G81/><T28/><D19/><U15/><E15/><V42/><F129/><W107/><G36/><T3/><D23/><U53/><E53/><V73/><F73/><W122/><G122/><T33/><D52/><U6/><E6/><V117/><F117/><W75/><G51/><T89/><D7/><U21/><E21/><V54/><REACH who="2" step="1"/><F42/><REACH who="2" ten="278,235,119,358" step="2"/><W8/><G78/><T116/><D33/><U2/><E41/><V101/><AGARI ba="0,1" hai="20,24,30,48,54,55,56,57,63,85,87,94,99,101" machi="101" ten="20,12000,2" yaku="1,1,2,1,0,1,7,1,8,1,53,1" doraHai="105" doraHaiUra="26" who="2" fromWho="2" sc="278,-30,235,-30,119,130,358,-60" /><INIT seed="4,0,0,4,1,95" ten="248,205,249,298" oya="0" hai0="115,55,92,60,100,47,41,132,59,84,61,23,10" hai1="33,42,123,111,26,69,18,98,130,3,27,83,109" hai2="25,32,19,133,52,13,87,99,88,97,43,0,76" hai3="54,122,65,106,124,5,107,80,6,116,39,126,85"/><T105/><D115/><U48/><E123/><V118/><F0/><W104/><G116/><T64/><D132/><U36/><E69/><V40/><F118/><W102/><G122/><T103/><D105/><U1/><E36/><V51/><F133/><W67/><G39/><T90/><D10/><U46/><E130/><V128/><F128/><W114/><G102/><T53/><D23/><U119/><E119/><V110/><F110/><W45/><G114/><T135/><D135/><U66/><E66/><N who="3" m="25098" /><G54/><T30/><D30/><U8/><E3/><V89/><F25/><W82/><G45/><T117/><D117/><U9/><E83/><N who="3" m="31786" /><G85/><T68/><REACH who="0" step="1"/><D55/><REACH who="0" ten="238,205,249,298" step="2"/><U112/><E112/><V81/><F32/><W7/><AGARI ba="0,1" hai="5,6,7,104,106,107,124,126" m="31786,25098" machi="7" ten="40,2700,0" yaku="28,2" doraHai="95" who="3" fromWho="3" sc="238,-13,205,-7,249,-7,298,37" owari="225,-17.5,198,-30.2,242,4.2,335,43.5" /></mjloggm>