<mjloggm ver="2.3"><GO type="225" lobby="0"/><UN n0="%E3%81%AF%E3%82%88%E3%81%8A%E3%81%98%E3%81%95%E3%82%93" n1="%E7%B4%94%E6%BD%94%E3%83%94%E3%83%A9%E3%83%8B%E3%82%A2" n2="%33%74%72%65%65" n3="%E3%82%8F%E3%81%8B%E3%81%B0%2A%E3%82%AC%E3%83%BC%E3%83%AB" dan="17,17,16,16" rate="2224.91,2185.59,2071.60,2074.96" sx="M,M,F,M"/><TAIKYOKU oya="0"/><INIT seed="0,0,0,5,5,36" ten="250,250,250,250" oya="0" hai0="110,40,30,46,93,28,15,23,55,106,83,7,49" hai1="96,81,12,98,92,123,99,112,116,44,97,13,66" hai2="130,32,73,4,95,38,25,24,0,11,118,16,39" hai3="80,76,67,107,114,86,60,108,115,21,68,8,91"/><T77/><D106/><U57/><E116/><V5/><F118/><W87/><G108/><T126/><D126/><U14/><E123/><V17/><F73/><W9/><G107/><T62/><D110/><U45/><E112/><V61/><F61/><W131/><G131/><T78/><D93/><U29/><E29/><N who="2" m="19495" /><F95/><W20/><G20/><T41/><D62/><U59/><E81/><V113/><F39/><W103/><G103/><T79/><D83/><U134/><E134/><V22/><F38/><W27/><G114/><T94/><D94/><U105/><E105/><V117/><F113/><W101/><G101/><T128/><D128/><U19/><E19/><N who="2" m="12511" /><F117/><W70/><G70/><T90/><D90/><N who="1" m="55319" /><E66/><V52/><F52/><W124/><G124/><T85/><D85/><U133/><E133/><V111/><F111/><W47/><G115/><T69/><D69/><U63/><E63/><V102/><F102/><W1/><G87/><T82/><D82/><U26/><E26/><V74/><F74/><W122/><G76/><T35/><D35/><U120/><E120/><V37/><F37/><W125/><G122/><T127/><D127/><U50/><E44/><V58/><F58/><W109/><G125/><T43/><D23/><U72/><E72/><V84/><F130/><W75/><G75/><T33/><D33/><U51/><E51/><V104/><F104/><W53/><G109/><T64/><D64/><U135/><E135/><V31/><F31/><W88/><G91/><T100/><D100/><U132/><E132/><V129/><F129/><W56/><G68/><T119/><D119/><RYUUKYOKU ba="0,0" sc="250,15,250,15,250,-15,250,-15" hai0="7,15,28,30,40,41,43,46,49,55,77,78,79" hai1="12,13,14,45,50,57,59,97,98,99" /><INIT seed="0,1,0,3,2,90" ten="265,265,235,235" oya="0" hai0="135,38,61,85,129,31,103,34,28,110,115,74,119" hai1="124,121,27,36,41,126,97,8,73,106,20,100,94" hai2="15,108,102,23,93,134,52,2,16,114,51,14,56" hai3="84,130,40,57,75,88,80,68,21,99,4,131,87"/><T101/><D74/><U83/><E121/><V53/><F114/><W18/><G68/><T11/><D115/><U72/><E8/><V43/><F2/><W77/><G4/><T45/><D119/><U123/><E123/><V120/><F120/><W62/><G40/><T25/><D31/><U37/><E106/><V117/><F117/><W5/><G5/><T29/><D28/><U67/><E67/><V6/><F108/><W104/><G104/><T66/><D110/><U132/><E132/><V9/><F134/><W111/><G111/><T71/><D135/><U116/><E116/><V70/><F70/><W96/><G75/><N who="1" m="28746" /><E83/><V58/><F43/><W118/><G118/><T7/><D129/><N who="3" m="49161" /><G18/><T98/><D85/><U0/><E0/><V42/><F42/><W92/><G21/><T112/><D112/><U107/><E107/><V89/><F102/><W122/><G122/><T54/><D38/><U24/><E41/><V39/><F39/><N who="1" m="14921" /><E20/><V127/><F127/><AGARI ba="1,0" hai="24,27,94,97,100,124,126,127" m="14921,28746" machi="127" ten="40,2600,0" yaku="18,1,52,1" doraHai="90" who="1" fromWho="2" sc="265,0,265,29,235,-29,235,0" /><INIT seed="1,0,0,4,5,11" ten="265,294,206,235" oya="1" hai0="90,95,100,43,76,134,123,117,0,16,84,73,99" hai1="33,133,31,101,106,12,14,112,64,1,30,135,63" hai2="46,2,107,125,96,8,121,56,50,105,75,115,48" hai3="87,98,97,83,32,109,82,37,49,25,7,80,40"/><U91/><E112/><V113/><F121/><W85/><G109/><T89/><D0/><U71/><E1/><V132/><F75/><W6/><G37/><T78/><D43/><U15/><E91/><V54/><F132/><N who="1" m="50761" /><E33/><V81/><F125/><W18/><G32/><T93/><D134/><U65/><E64/><V51/><F81/><W62/><G62/><T102/><D117/><U36/><E36/><V128/><F128/><W108/><G108/><T34/><D34/><U110/><E110/><V72/><F72/><W59/><G25/><T38/><D38/><U19/><E19/><V57/><F115/><W21/><G6/><T42/><D42/><U77/><E77/><N who="0" m="29801" /><D73/><U74/><E74/><V86/><F113/><W119/><G7/><T41/><D41/><U24/><E24/><V114/><F2/><W35/><G35/><T4/><D4/><U88/><E88/><V111/><F111/><W127/><G127/><T29/><D29/><U9/><E9/><V22/><F8/><W79/><G119/><T13/><D123/><U70/><E71/><V27/><F114/><W94/><G40/><T122/><D122/><U69/><E69/><V58/><F86/><N who="3" m="32779" /><G79/><T39/><D39/><U126/><E126/><V66/><F66/><W52/><G94/><T47/><D47/><U120/><E120/><V130/><F130/><W116/><G116/><T129/><D129/><U67/><E67/><V45/><F45/><W55/><G55/><T124/><D124/><U92/><E92/><V44/><F54/><W10/><G10/><AGARI ba="0,0" hai="10,13,16,84,89,90,93,95,99,100,102" m="29801" machi="10" ten="30,3900,0" yaku="8,1,52,1,54,1" doraHai="11" who="0" fromWho="3" sc="265,39,294,0,206,0,235,-39" /><INIT seed="2,0,0,2,5,131" ten="304,294,206,196" oya="2" hai0="83,25,66,46,84,53,4,132,89,52,117,21,14" hai1="6,43,32,92,54,42,72,87,56,109,58,35,127" hai2="36,93,103,116,55,26,33,23,64,1,121,88,96" hai3="118,37,47,17,2,124,40,27,50,8,15,59,16"/><V90/><F116/><W24/><G118/><T74/><D132/><U49/><E72/><V76/><F121/><W108/><G108/><T125/><D117/><U99/><E109/><V30/><F36/><W31/><G124/><T97/><D74/><U134/><E127/><V133/><F133/><W75/><G75/><T78/><D125/><U28/><E134/><V105/><F1/><W104/><G104/><T114/><D114/><U91/><E6/><V67/><F76/><W3/><G37/><T11/><D66/><U68/><E68/><V7/><F7/><W34/><REACH who="3" step="1"/><G59/><REACH who="3" ten="304,294,206,186" step="2"/><T69/><D69/><U135/><E56/><V12/><F105/><W120/><G120/><T130/><D130/><U73/><E73/><V18/><REACH who="2" step="1"/><F55/><REACH who="2" ten="304,294,196,186" step="2"/><W45/><G45/><T110/><D46/><U82/><E135/><V107/><F107/><W102/><G102/><T77/><D110/><U94/><E54/><V80/><F80/><W122/><G122/><T79/><D53/><U13/><E82/><V71/><F71/><W98/><G98/><T60/><D97/><U126/><E99/><V19/><F19/><W20/><AGARI ba="0,2" hai="2,3,8,15,16,17,20,24,27,31,34,40,47,50" machi="20" ten="30,4000,0" yaku="1,1,0,1,54,1,53,0" doraHai="131" doraHaiUra="63" who="3" fromWho="3" sc="304,-10,294,-10,196,-20,186,60" /><INIT seed="3,0,0,0,1,133" ten="294,284,176,246" oya="3" hai0="59,33,114,108,110,91,48,50,130,14,111,15,99" hai1="4,77,37,81,92,12,43,82,8,51,109,89,74" hai2="21,85,32,103,24,94,31,76,79,66,5,86,49" hai3="123,70,117,121,127,55,113,36,135,101,2,63,17"/><W47/><G127/><T129/><D33/><U56/><E109/><V52/><F66/><N who="3" m="41311" /><G2/><T75/><D75/><U41/><E37/><V72/><F5/><W96/><G17/><T90/><D114/><U131/><E131/><N who="0" m="50185" /><D59/><U105/><E105/><V106/><F106/><N who="3" m="63783" /><G135/><T22/><D22/><U57/><E81/><V38/><F38/><W27/><G27/><T98/><D99/><U30/><E30/><V28/><F28/><W19/><G19/><T20/><D20/><U120/><E120/><V71/><F71/><W16/><G16/><T93/><D91/><U61/><E51/><AGARI ba="0,0" hai="14,15,48,50,51,90,93,98,108,110,111" m="50185" machi="51" ten="40,2600,0" yaku="14,1,19,1" doraHai="133" who="0" fromWho="1" sc="294,26,284,-26,176,0,246,0" owari="320,42.0,258,5.8,176,-32.4,246,-15.4" /></mjloggm>