<mjloggm ver="2.3"><GO type="225" lobby="0"/><UN n0="%E5%91%A8%E6%9D%B1" n1="%E7%99%BD%E5%80%89%E5%AF%9B%E4%B9%8B" n2="%E3%81%8B%E3%82%8F%E3%81%A1%E3%82%83%E3%82%93%35%38" n3="%E3%82%BC%E3%83%AB%E3%83%80%E3%81%AE%E4%BC%9D%E8%AA%AC" dan="16,16,16,17" rate="2232.99,2168.47,2151.44,2109.49" sx="M,M,M,M"/><TAIKYOKU oya="0"/><INIT seed="0,0,0,5,1,121" ten="250,250,250,250" oya="0" hai0="38,74,115,86,48,125,44,1,98,105,114,133,90" hai1="73,12,20,116,21,123,84,23,64,50,96,8,32" hai2="18,29,26,72,53,4,65,94,80,13,134,45,46" hai3="3,63,15,75,14,110,33,102,7,118,36,67,52"/><T40/><D1/><U22/><E73/><V128/><F4/><W49/><G118/><T122/><D122/><U129/><E123/><V71/><F53/><W103/><G75/><T92/><D133/><U91/><E32/><V6/><F6/><W109/><G33/><T56/><D125/><U120/><E120/><V57/><F71/><W70/><G36/><T55/><REACH who="0" step="1"/><D74/><REACH who="0" ten="240,250,250,250" step="2"/><U83/><E116/><V88/><F134/><W31/><G3/><T34/><D34/><U97/><E129/><V39/><F128/><W135/><G135/><T81/><D81/><U42/><N who="1" m="5120" /><DORA hai="69" /><U77/><E64/><V89/><F80/><W10/><G31/><T104/><D104/><U5/><REACH who="1" step="1"/><E91/><REACH who="1" ten="240,240,250,250" step="2"/><V87/><F89/><W108/><REACH who="3" step="1"/><G15/><REACH who="3" ten="240,240,250,240" step="2"/><T106/><D106/><U59/><E59/><AGARI ba="0,3" hai="7,10,14,49,52,59,63,67,70,102,103,108,109,110" machi="59" ten="40,12000,2" yaku="1,1,2,1,14,1,52,3,54,1,53,0" doraHai="121,69" doraHaiUra="112,43" who="3" fromWho="1" sc="240,0,240,-120,250,0,240,150" /><INIT seed="1,0,0,4,1,24" ten="240,120,250,390" oya="1" hai0="40,23,93,109,120,48,78,92,80,34,9,55,13" hai1="123,117,45,50,43,32,105,5,37,54,15,51,19" hai2="64,42,119,69,60,12,33,108,98,26,52,41,128" hai3="118,127,82,88,100,39,95,94,57,75,31,77,103"/><U114/><E105/><V11/><F119/><W44/><G118/><T87/><D34/><U72/><E32/><V30/><F108/><W79/><G127/><T91/><D109/><U107/><E117/><V7/><F128/><W116/><G116/><T81/><D120/><U130/><E107/><V28/><F28/><W104/><G31/><T102/><D23/><U2/><E123/><V14/><F14/><W122/><G122/><T8/><D40/><U83/><E114/><V76/><F76/><N who="3" m="44319" /><G57/><T86/><D102/><N who="3" m="38953" /><G44/><N who="0" m="28039" /><D8/><N who="1" m="2103" /><E54/><V61/><REACH who="2" step="1"/><F98/><REACH who="2" ten="240,120,240,390" step="2"/><N who="3" m="57671" /><G39/><T115/><D115/><U66/><E130/><V22/><F22/><W53/><G104/><T56/><D56/><AGARI ba="0,1" hai="7,11,12,26,30,33,41,42,52,56,60,61,64,69" machi="56" ten="40,5200,0" yaku="1,1,52,1,54,1,53,0" doraHai="24" doraHaiUra="84" who="2" fromWho="0" sc="240,-52,120,0,240,62,390,0" /><INIT seed="2,0,0,4,2,115" ten="188,120,302,390" oya="2" hai0="31,10,135,98,127,131,33,114,103,56,106,62,40" hai1="101,130,48,95,19,122,41,67,14,28,29,46,23" hai2="99,22,43,68,20,92,39,15,13,5,128,36,126" hai3="97,74,110,79,69,81,75,53,54,90,9,52,26"/><V91/><F68/><W133/><G69/><T12/><D114/><U44/><E122/><V86/><F128/><W84/><G110/><T3/><D131/><U102/><E130/><V55/><F126/><W100/><G133/><T119/><D135/><U34/><E67/><V71/><F71/><W59/><G26/><T60/><D127/><U77/><E77/><V18/><F43/><W88/><G9/><T24/><D40/><U109/><E109/><V6/><F39/><W17/><G17/><T64/><D62/><U93/><E34/><V107/><F36/><W7/><G7/><T16/><REACH who="0" step="1"/><D3/><REACH who="0" ten="178,120,302,390" step="2"/><U4/><E4/><V57/><F107/><W1/><G1/><T85/><D85/><U73/><E73/><V58/><F5/><W37/><G74/><T61/><D61/><U113/><E113/><V42/><F42/><W83/><G37/><T38/><D38/><U72/><E72/><V8/><F55/><W118/><G53/><T129/><D129/><U78/><E41/><V76/><F20/><W32/><G52/><T123/><D123/><U111/><E23/><V25/><F25/><W0/><G54/><T87/><D87/><U63/><E63/><V80/><AGARI ba="0,1" hai="6,8,13,15,18,22,57,58,76,80,86,91,92,99" machi="80" ten="30,3000,0" yaku="0,1,8,1" doraHai="115" who="2" fromWho="2" sc="178,-10,120,-10,302,40,390,-10" /><INIT seed="2,1,0,0,0,54" ten="168,110,342,380" oya="2" hai0="18,16,125,23,55,34,74,22,78,96,105,49,132" hai1="89,62,94,111,17,65,130,60,51,45,122,25,110" hai2="134,109,103,46,118,40,63,133,100,108,128,3,75" hai3="87,90,102,38,47,119,83,7,27,114,129,104,112"/><V36/><F75/><W37/><G119/><T88/><D34/><U2/><E2/><V98/><F118/><W0/><G129/><T21/><D132/><N who="2" m="50794" /><F3/><W24/><G104/><T126/><D78/><U123/><E130/><V10/><F128/><W95/><G7/><T70/><D70/><U6/><E6/><V53/><F10/><W117/><G0/><T73/><D105/><U48/><E17/><N who="0" m="6761" /><D96/><N who="1" m="57423" /><E25/><N who="3" m="9802" /><G47/><T61/><D74/><U116/><E62/><V30/><F30/><W131/><G117/><T9/><D61/><U107/><E107/><N who="2" m="63895" /><F103/><W81/><G131/><T115/><D73/><U29/><E29/><V68/><F53/><W120/><G120/><N who="1" m="46122" /><E116/><V135/><N who="2" m="50802" /><V12/><DORA hai="64" /><F12/><W5/><G5/><T85/><D9/><U71/><E45/><V41/><F41/><W76/><G102/><T52/><D22/><U101/><E101/><V19/><F19/><W39/><G76/><T106/><D21/><U84/><E84/><V92/><F92/><W42/><G42/><T66/><D85/><U26/><E26/><V35/><F35/><W67/><G67/><AGARI ba="1,0" hai="36,40,46,63,67,68,108,109" m="63895,50802" machi="67" ten="50,9600,0" yaku="20,1,23,1,52,1" doraHai="54,64" who="2" fromWho="3" sc="168,0,110,0,342,99,380,-99" /><INIT seed="2,2,0,0,5,19" ten="168,110,441,281" oya="2" hai0="16,123,85,90,81,49,18,10,46,131,60,12,82" hai1="103,88,2,97,120,24,51,126,99,5,4,77,87" hai2="76,110,43,39,0,114,83,127,57,30,119,14,124" hai3="23,56,134,36,42,55,34,109,29,21,93,9,44"/><V135/><F0/><W45/><G109/><T17/><D131/><U80/><E126/><V8/><F30/><W79/><G134/><T94/><D123/><U13/><E120/><V98/><F114/><W71/><G71/><T89/><D60/><U68/><E68/><V59/><F119/><W35/><G79/><T6/><REACH who="0" step="1"/><D90/><REACH who="0" ten="158,110,441,281" step="2"/><U31/><E2/><V117/><F127/><W3/><G3/><T91/><D91/><U15/><E77/><V27/><F124/><W116/><G116/><T112/><D112/><U62/><E62/><V106/><F117/><W65/><G35/><T125/><D125/><U38/><E38/><V92/><F39/><W52/><G34/><T47/><D47/><U20/><E51/><V50/><F50/><W1/><G45/><T118/><D118/><U73/><E73/><V100/><F76/><W40/><G44/><T128/><D128/><U66/><E66/><V75/><F75/><W84/><G65/><T113/><D113/><U104/><REACH who="1" step="1"/><E99/><REACH who="1" ten="158,100,441,281" step="2"/><V107/><F98/><W96/><G96/><T64/><D64/><U58/><E58/><V67/><F59/><W37/><G56/><T11/><D11/><U53/><E53/><AGARI ba="2,2" hai="6,10,12,16,17,18,46,49,53,81,82,85,89,94" machi="53" ten="40,5200,0" yaku="1,1,8,1,54,1,53,0" doraHai="19" doraHaiUra="105" who="0" fromWho="1" sc="158,78,100,-58,441,0,281,0" /><INIT seed="3,0,0,0,5,46" ten="236,42,441,281" oya="3" hai0="55,112,122,65,33,84,75,54,102,109,105,89,57" hai1="119,87,59,82,24,58,106,110,83,26,71,38,99" hai2="10,130,103,115,36,37,41,1,72,63,35,81,51" hai3="39,104,44,42,5,73,135,90,116,50,127,19,25"/><W2/><G116/><T111/><D33/><U56/><E119/><V131/><F51/><W17/><G104/><T126/><D122/><U9/><E38/><V53/><F53/><W23/><G127/><T121/><D121/><U132/><E71/><V43/><F115/><W113/><G113/><T32/><D32/><U47/><E132/><V117/><F117/><W13/><G73/><T6/><D6/><U77/><E110/><V48/><F48/><W76/><G76/><T70/><D75/><U94/><E106/><V128/><F35/><W134/><G39/><N who="2" m="14921" /><F103/><W61/><G61/><T78/><D78/><U124/><E124/><V7/><F63/><W91/><G5/><T11/><D112/><U16/><E83/><V52/><F52/><W62/><G62/><T74/><D105/><U93/><E47/><V86/><F72/><W60/><G60/><T40/><D74/><U101/><E94/><V114/><F114/><W85/><G2/><T27/><D126/><U15/><E26/><V129/><F129/><W12/><G25/><T123/><D27/><U96/><E24/><V120/><F120/><W45/><G45/><T14/><D111/><U107/><E99/><V49/><F49/><W88/><G85/><T98/><D84/><U18/><E107/><V97/><F97/><W0/><G0/><T30/><D98/><U80/><E80/><V66/><F66/><W67/><G67/><T108/><D65/><U22/><REACH who="1" step="1"/><E22/><AGARI ba="0,0" hai="12,13,17,19,22,23,42,44,50,88,90,91,134,135" machi="22" ten="40,7700,0" yaku="9,1,52,1,54,1" doraHai="46" who="3" fromWho="1" sc="236,0,42,-77,441,0,281,77" owari="236,-16.4,-35,-53.5,441,54.1,358,15.8" /></mjloggm>