<mjloggm ver="2.3"><GO type="225" lobby="0"/><UN n0="%E7%8D%85%E5%AD%90%E5%BA%A7%E3%81%8B%E3%81%A3%E3%81%B4%E3%83%BC" n1="%E3%83%96%E3%83%83%E3%83%91%E3%82%AA%E3%83%96%E3%83%81%E3%82%AD%E3%83%B3" n2="%E6%98%93%E5%88%A9%E8%96%A9%E4%BC%AF" n3="%72%69%6F%75%63%68%61%6E" dan="16,16,17,16" rate="2105.69,2181.40,2157.47,2097.34" sx="M,M,F,M"/><TAIKYOKU oya="0"/><INIT seed="0,0,0,1,2,70" ten="250,250,250,250" oya="0" hai0="94,23,60,29,21,44,102,15,22,14,105,99,64" hai1="51,17,101,81,83,128,10,77,11,20,61,1,114" hai2="24,41,109,40,129,57,35,117,63,133,19,82,27" hai3="54,18,130,125,76,38,5,92,55,97,131,71,123"/><T118/><D118/><U47/><E128/><N who="3" m="49194" /><G125/><T0/><D0/><U45/><E114/><V96/><F117/><W66/><G123/><T56/><D105/><U124/><E124/><V32/><F129/><W103/><G5/><T115/><D115/><U95/><E1/><V37/><F109/><W79/><G38/><T42/><REACH who="0" step="1"/><D29/><REACH who="0" ten="240,250,250,250" step="2"/><U28/><E28/><V6/><F133/><W30/><G30/><T9/><D9/><U86/><E10/><V135/><F135/><W43/><G43/><T78/><D78/><N who="3" m="29737" /><G18/><T112/><D112/><U110/><E17/><V119/><F19/><W46/><G46/><T106/><D106/><U67/><E45/><V107/><F107/><W62/><AGARI ba="0,1" hai="54,55,62,66,71,92,97,103" m="29737,49194" machi="62" ten="30,1100,0" yaku="19,1" doraHai="70" who="3" fromWho="3" sc="240,-5,250,-3,250,-3,250,21" /><INIT seed="1,0,0,3,4,79" ten="235,247,247,271" oya="1" hai0="51,127,121,115,111,57,132,86,60,83,110,125,98" hai1="92,21,36,34,42,53,30,81,96,2,58,88,119" hai2="16,80,49,47,37,0,91,126,135,61,108,11,99" hai3="105,28,33,31,9,46,114,55,41,44,63,54,93"/><U13/><E119/><V20/><F37/><W25/><G114/><T75/><D115/><U129/><E2/><V68/><F108/><N who="0" m="41514" /><D75/><U66/><E129/><V15/><F135/><W29/><G105/><T116/><D116/><U120/><E120/><V73/><F126/><N who="0" m="48138" /><D121/><U107/><E107/><V17/><F0/><W95/><G9/><T14/><D14/><U56/><E34/><V106/><F106/><W67/><G25/><T72/><D72/><U43/><E36/><V71/><F61/><W89/><G33/><T4/><D4/><U6/><E66/><V24/><F99/><W35/><G35/><T134/><D51/><N who="1" m="30783" /><E58/><V113/><F113/><W118/><G118/><T103/><D57/><U26/><E81/><V3/><F3/><W133/><G133/><N who="0" m="51307" /><D60/><U22/><E6/><V122/><F122/><W76/><G63/><T117/><D117/><U84/><E13/><V94/><F73/><W48/><G48/><T90/><D98/><U39/><E39/><V130/><F71/><W87/><G44/><T104/><D104/><U74/><E74/><V69/><F68/><W101/><G46/><T124/><N who="0" m="48146" /><T100/><AGARI ba="0,0" hai="83,86,90,100,103" m="51307,48146,41514" machi="100" ten="50,12000,2" yaku="4,1,14,1,18,1,20,1,34,2,52,1" doraHai="79" who="0" fromWho="0" sc="235,120,247,-60,247,-30,271,-30" /><INIT seed="2,0,0,1,3,118" ten="355,187,217,241" oya="2" hai0="51,115,78,77,3,110,99,82,76,1,105,69,4" hai1="16,81,57,24,127,125,95,120,21,86,32,122,50" hai2="14,52,72,30,48,73,101,46,9,40,83,93,90" hai3="129,64,41,133,100,43,55,108,20,117,126,33,107"/><V8/><F101/><W29/><G117/><T10/><D69/><U79/><E32/><V25/><F40/><W31/><G33/><T98/><D115/><U94/><E50/><V54/><F54/><W121/><G121/><N who="1" m="46698" /><E57/><V67/><F67/><W97/><G55/><T15/><D110/><U87/><E87/><V2/><F2/><W53/><G53/><T113/><D113/><U89/><E79/><V91/><F91/><W39/><G64/><T106/><D51/><U124/><AGARI ba="0,0" hai="16,21,24,81,86,89,94,95,124,125,127" m="46698" machi="124" ten="40,12000,2" yaku="18,1,13,1,52,3,54,1" doraHai="118" who="1" fromWho="1" sc="355,-30,187,120,217,-60,241,-30" /><INIT seed="3,0,0,3,3,49" ten="325,307,157,211" oya="3" hai0="103,95,34,117,43,85,5,87,24,86,54,105,19" hai1="65,60,16,40,21,113,39,81,7,61,124,78,29" hai2="125,122,121,109,62,25,93,118,101,30,128,108,46" hai3="57,47,135,102,45,123,116,131,110,37,51,56,92"/><W127/><G116/><T112/><D117/><U66/><E113/><V76/><F25/><W134/><G123/><N who="2" m="47113" /><F30/><W3/><G3/><T32/><D5/><U68/><E124/><V50/><F118/><W1/><G127/><T132/><D43/><U70/><E29/><V82/><F125/><W41/><G1/><T72/><D72/><U38/><E7/><V48/><F128/><W74/><G131/><T42/><D42/><U96/><E96/><V69/><F93/><W2/><G74/><T9/><D105/><U98/><E98/><V80/><F101/><W126/><G2/><T36/><D36/><U10/><E10/><V22/><F22/><W8/><G8/><T119/><D119/><U106/><E40/><N who="2" m="24647" /><F80/><W15/><G126/><T14/><D103/><U27/><E106/><V89/><F89/><W73/><G102/><T114/><D95/><U4/><E4/><V99/><F99/><W79/><G92/><T13/><D24/><U18/><E18/><V133/><F82/><W83/><G15/><T104/><D14/><U28/><E28/><V84/><F84/><AGARI ba="0,0" hai="16,21,27,38,39,60,61,65,66,68,70,78,81,84" machi="84" ten="30,3900,0" yaku="7,1,9,1,54,1" doraHai="49" who="1" fromWho="2" sc="325,0,307,39,157,-39,211,0" owari="325,12.5,346,44.6,118,-38.2,211,-18.9" /></mjloggm>