<mjloggm ver="2.3"><GO type="225" lobby="0"/><UN n0="%E5%8D%A0%E3%81%84%E5%B8%AB%E8%A3%8F%E3%81%AA%E3%81%84%E3%81%97" n1="%E3%83%A9%E3%82%A4%E3%83%B3%E3%81%AE%E8%99%8E" n2="%E6%B8%A9%E2%98%85%E6%83%85%E2%98%85%E6%8E%AA%E2%98%85%E7%BD%AE" n3="%E6%98%BC%E4%B8%8B%E3%81%8C%E3%82%8A%E3%81%AE%E5%9B%A3%E5%9C%B0%E5%A6%BB" dan="17,16,17,16" rate="2159.38,2128.61,2167.82,2132.90" sx="M,M,M,F"/><TAIKYOKU oya="0"/><INIT seed="0,0,0,0,1,60" ten="250,250,250,250" oya="0" hai0="95,62,86,46,35,130,21,97,99,123,121,135,43" hai1="80,44,115,90,12,104,54,36,34,51,118,107,20" hai2="119,1,65,70,26,134,45,55,88,75,61,127,37" hai3="131,23,129,19,72,29,83,122,40,9,41,102,15"/><T28/><D35/><U132/><E118/><V24/><F75/><W39/><G122/><T85/><D135/><U47/><E34/><V78/><F1/><W96/><G72/><T30/><D130/><N who="3" m="49673" /><G83/><T50/><D121/><U113/><E132/><V6/><F78/><W63/><G39/><T10/><D123/><U4/><E80/><V94/><F134/><W64/><G29/><T133/><D133/><U14/><E90/><V82/><F82/><W32/><G23/><T71/><D99/><U92/><E92/><V112/><F112/><N who="1" m="43081" /><E20/><V69/><F69/><N who="3" m="42143" /><G32/><T101/><D10/><N who="1" m="4167" /><E14/><V87/><F119/><W98/><G98/><T77/><D77/><U48/><E36/><V117/><F37/><W13/><G13/><T93/><D93/><AGARI ba="0,0" hai="9,15,19,40,41,93,96,102" m="42143,49673" machi="93" ten="30,2000,0" yaku="19,1,52,1" doraHai="60" who="3" fromWho="0" sc="250,-20,250,0,250,0,250,20" /><INIT seed="1,0,0,1,3,134" ten="230,250,250,270" oya="1" hai0="59,83,69,116,82,53,11,30,43,75,79,61,96" hai1="89,41,95,126,8,85,99,120,18,45,52,63,98" hai2="66,133,106,28,1,23,94,51,131,115,105,31,127" hai3="47,14,10,16,110,132,36,77,29,17,26,56,70"/><U44/><E120/><V87/><F1/><W67/><G132/><T35/><D116/><U102/><E126/><V100/><F133/><W97/><G110/><T114/><D114/><U121/><E121/><V118/><F118/><W33/><G70/><T22/><D35/><U129/><E129/><V25/><F131/><W81/><G97/><T21/><D69/><U119/><E119/><V130/><F130/><W42/><G67/><T73/><D30/><U71/><E71/><V111/><F111/><W62/><G62/><T3/><D43/><U123/><E123/><V48/><F115/><W124/><G56/><T108/><D108/><U88/><E99/><V68/><F31/><W74/><REACH who="3" step="1"/><G124/><REACH who="3" ten="230,250,250,260" step="2"/><T90/><D96/><U135/><E135/><V109/><F66/><W20/><G20/><T38/><D38/><U101/><E101/><V0/><F100/><W5/><AGARI ba="0,1" hai="5,10,14,16,17,26,29,33,36,42,47,74,77,81" machi="5" ten="20,8000,1" yaku="1,1,0,1,7,1,54,1,53,1" doraHai="134" doraHaiUra="104" who="3" fromWho="3" sc="230,-20,250,-40,250,-20,260,90" /><INIT seed="2,0,0,1,0,15" ten="210,210,230,350" oya="2" hai0="108,101,49,3,30,83,26,135,23,95,65,114,77" hai1="28,111,6,54,67,47,121,128,31,133,122,7,80" hai2="59,98,86,72,22,45,11,79,127,40,36,58,107" hai3="94,69,8,64,123,90,73,119,27,110,120,97,17"/><V130/><F130/><W25/><G119/><T74/><D114/><U42/><E128/><V106/><F127/><W82/><G110/><T87/><D108/><U19/><E111/><V84/><F22/><W18/><G69/><T51/><D135/><U38/><E133/><V57/><F98/><W75/><G64/><T9/><D65/><U37/><E67/><V20/><F20/><W71/><G71/><T62/><D62/><U91/><E54/><V12/><F72/><W134/><G134/><T113/><D113/><U109/><E109/><V48/><F36/><W102/><G8/><T99/><REACH who="0" step="1"/><D74/><REACH who="0" ten="200,210,230,350" step="2"/><U16/><E122/><V89/><F79/><W34/><G73/><T52/><D52/><U93/><E121/><V66/><F66/><W61/><G123/><T2/><D2/><U96/><E42/><V112/><F112/><W56/><G120/><T117/><D117/><U129/><E129/><V44/><F44/><W53/><G75/><T100/><D100/><U10/><E47/><V13/><F40/><W5/><G102/><T103/><D103/><U39/><E91/><V0/><F89/><W4/><G90/><T35/><D35/><U131/><E131/><V105/><F45/><W68/><G53/><T24/><D24/><U78/><E78/><V81/><F0/><W43/><G43/><T118/><D118/><U55/><E55/><V21/><F57/><W124/><G56/><T104/><D104/><U14/><E14/><V85/><F59/><W60/><G34/><T132/><D132/><U32/><E32/><V76/><F58/><W63/><G27/><RYUUKYOKU ba="0,1" sc="200,30,210,-10,230,-10,350,-10" hai0="3,9,23,26,30,49,51,77,83,87,95,99,101" /><INIT seed="3,1,1,1,0,65" ten="230,200,220,340" oya="3" hai0="124,85,88,94,71,57,131,92,58,123,100,107,17" hai1="66,125,36,51,31,84,16,40,52,74,68,33,110" hai2="29,75,35,26,48,86,103,4,7,120,1,115,8" hai3="76,45,50,55,117,118,132,99,53,39,122,38,27"/><W37/><G122/><T90/><D71/><U114/><E74/><V73/><F115/><W109/><G76/><T129/><D123/><U106/><E106/><V59/><F120/><W89/><G27/><T34/><D34/><U47/><E114/><V116/><F116/><W23/><G23/><T135/><D135/><U11/><E110/><V104/><F7/><W21/><G21/><T9/><D124/><U101/><E101/><V64/><F86/><W79/><G79/><T80/><D107/><U43/><E125/><V82/><F82/><W10/><G10/><T20/><D9/><U2/><E84/><V119/><F119/><W56/><G132/><T30/><D80/><U96/><E96/><V78/><F78/><W44/><G99/><T22/><D100/><U95/><E95/><V6/><F6/><W77/><G77/><T112/><D112/><U121/><E121/><V61/><REACH who="2" step="1"/><F48/><REACH who="2" ten="230,200,210,340" step="2"/><W91/><G50/><T128/><D85/><U18/><E43/><V127/><F127/><W42/><G42/><T41/><D41/><U72/><E72/><V111/><F111/><W134/><G109/><T102/><D129/><U130/><E130/><V14/><F14/><W28/><G134/><T83/><D131/><U24/><E40/><V62/><F62/><W93/><G118/><T25/><D128/><U81/><E81/><V133/><F133/><W0/><G117/><T13/><D83/><U63/><REACH who="1" step="1"/><E36/><REACH who="1" ten="230,190,210,340" step="2"/><V12/><F12/><W98/><G37/><T54/><D13/><U69/><E69/><V87/><F87/><W67/><G38/><T108/><D108/><RYUUKYOKU ba="1,3" sc="230,-15,190,15,210,15,340,-15" hai1="2,11,16,18,24,31,33,47,51,52,63,66,68" hai2="1,4,8,26,29,35,59,61,64,73,75,103,104" owari="215,-18.5,205,-29.5,225,2.5,355,45.5" /></mjloggm>