<mjloggm ver="2.3"><GO type="225" lobby="0"/><UN n0="%E6%98%93%E5%88%A9%E8%96%A9%E4%BC%AF" n1="%E5%A4%8F%E9%88%B4%E9%88%B4%E5%A4%8F" n2="%E6%81%A5%E6%99%92%E3%81%97" n3="%E4%BF%BA%E3%81%A8%E5%A6%96%E5%A4%A2" dan="17,16,17,16" rate="2147.08,2138.00,2199.26,2223.63" sx="F,F,M,F"/><TAIKYOKU oya="0"/><INIT seed="0,0,0,2,1,41" ten="250,250,250,250" oya="0" hai0="120,19,5,26,24,106,99,115,23,2,117,105,22" hai1="59,50,131,32,84,97,86,35,114,54,46,12,29" hai2="103,95,93,13,8,98,11,56,112,126,31,71,80" hai3="110,74,34,60,16,40,100,14,25,132,55,130,21"/><T18/><D115/><U64/><E114/><V85/><F126/><W53/><G74/><T44/><D117/><U82/><E131/><V76/><F112/><W4/><G130/><T28/><D120/><U48/><E86/><V66/><F71/><W134/><G110/><T83/><D83/><U9/><E29/><V89/><F31/><W68/><G40/><T75/><D75/><U113/><E97/><V119/><F119/><W30/><G100/><T78/><D78/><U1/><E1/><V109/><F109/><W118/><G118/><T101/><D28/><U57/><E57/><V27/><F27/><W79/><G79/><T92/><REACH who="0" step="1"/><D44/><REACH who="0" ten="240,250,250,250" step="2"/><U58/><E113/><V125/><F125/><W72/><G72/><T123/><D123/><U122/><E122/><V108/><F108/><W128/><G128/><T45/><D45/><U38/><E46/><V135/><F76/><W17/><G132/><T20/><D20/><U15/><E35/><V42/><F80/><W91/><G134/><T133/><D133/><U52/><E32/><V36/><F135/><W73/><G73/><T67/><D67/><U88/><E64/><V129/><F66/><W87/><G34/><T6/><D6/><N who="1" m="3127" /><E38/><V102/><F36/><W124/><G4/><T49/><D49/><N who="1" m="30991" /><E15/><V3/><F13/><W127/><G127/><T81/><D81/><U7/><E7/><V121/><F121/><W39/><G39/><T107/><D107/><U37/><E37/><V62/><F129/><W116/><G124/><T33/><D33/><U77/><E77/><V51/><F51/><AGARI ba="0,1" hai="48,50,51,54,59,82,84,88" m="30991,3127" machi="51" ten="30,3900,0" yaku="8,1,54,2" doraHai="41" who="1" fromWho="2" sc="240,0,250,49,250,-39,250,0" /><INIT seed="1,0,0,0,2,101" ten="240,299,211,250" oya="1" hai0="124,79,37,114,60,80,6,26,116,4,43,16,113" hai1="135,23,123,55,19,56,100,9,81,108,48,24,134" hai2="109,59,1,70,57,75,88,66,61,73,69,128,115" hai3="125,127,103,120,40,78,72,85,99,20,96,52,10"/><U117/><E123/><V22/><F1/><W83/><G40/><T35/><D116/><U129/><E117/><V29/><F109/><W91/><G10/><T8/><D124/><N who="3" m="47689" /><G20/><T14/><D37/><U54/><E129/><V98/><F128/><W32/><G32/><T93/><D43/><U46/><E108/><V104/><F115/><W47/><G120/><T119/><D119/><U63/><E100/><V71/><F59/><W45/><G52/><T77/><D93/><U90/><E9/><V38/><F38/><W5/><G5/><T44/><D44/><N who="3" m="16969" /><G103/><T132/><D60/><U133/><E81/><AGARI ba="0,0" hai="72,78,81,83,85,91,96,99" m="16969,47689" machi="81" ten="30,1000,0" yaku="18,1" doraHai="101" who="3" fromWho="1" sc="240,0,299,-10,211,0,250,10" /><INIT seed="2,0,0,0,1,36" ten="240,289,211,260" oya="2" hai0="27,21,30,116,130,56,40,14,106,97,23,10,77" hai1="28,78,22,34,96,64,2,44,117,47,73,126,51" hai2="84,74,104,121,108,19,80,102,29,4,12,132,109" hai3="11,124,33,6,0,103,92,31,59,45,26,93,58"/><V39/><F121/><W112/><G124/><T1/><D130/><U57/><E117/><V72/><F4/><W118/><G118/><T16/><D116/><U52/><E34/><V88/><F39/><W79/><G112/><T123/><D123/><U75/><E2/><V13/><F29/><W113/><G113/><T54/><D77/><U133/><E133/><V90/><F132/><W95/><G103/><T35/><D40/><U119/><E119/><V53/><F53/><W8/><G79/><T125/><D125/><U91/><E75/><N who="2" m="28715" /><F19/><W18/><G45/><T63/><REACH who="0" step="1"/><D1/><REACH who="0" ten="230,289,211,260" step="2"/><U25/><E126/><V110/><F90/><W9/><G0/><T48/><D48/><U81/><E78/><V46/><F46/><W41/><G41/><T127/><D127/><U67/><E47/><V43/><F43/><W32/><G6/><T7/><D7/><U114/><E114/><V50/><F50/><W98/><G33/><T3/><D3/><U131/><E44/><V24/><F24/><W20/><REACH who="3" step="1"/><G98/><AGARI ba="0,1" hai="12,13,80,84,88,98,102,104,108,109,110" m="28715" machi="98" ten="40,7700,0" yaku="14,1,10,1,54,1" doraHai="36" who="2" fromWho="3" sc="230,0,289,0,211,87,260,-77" /><INIT seed="2,1,0,1,3,34" ten="230,289,298,183" oya="2" hai0="81,72,14,53,62,88,40,87,91,65,47,129,102" hai1="15,45,50,63,97,18,69,49,135,109,111,107,116" hai2="20,56,84,93,122,86,19,75,130,57,6,37,70" hai3="3,12,106,117,43,94,101,35,38,82,58,115,79"/><V22/><F122/><W103/><G117/><T11/><D129/><U0/><E0/><V27/><F70/><W5/><G106/><T66/><D72/><U32/><E116/><V99/><F75/><W131/><G35/><T39/><D102/><N who="1" m="62927" /><E32/><V128/><F37/><W77/><G12/><T67/><D53/><U61/><E69/><V23/><F6/><W54/><G77/><T78/><REACH who="0" step="1"/><D62/><REACH who="0" ten="220,289,298,183" step="2"/><U51/><E63/><V2/><F128/><W126/><G131/><T30/><D30/><U92/><E61/><V118/><F130/><W85/><G115/><T16/><AGARI ba="1,1" hai="11,14,16,39,40,47,65,66,67,78,81,87,88,91" machi="16" ten="30,7900,0" yaku="1,1,0,1,54,2,53,0" doraHai="34" doraHaiUra="127" who="0" fromWho="0" sc="220,92,289,-21,298,-40,183,-21" /><INIT seed="3,0,0,1,3,72" ten="312,268,258,162" oya="3" hai0="129,16,103,96,11,40,23,88,5,112,7,15,76" hai1="93,118,69,132,55,61,43,1,56,29,87,107,84" hai2="27,78,22,98,3,119,12,108,8,10,36,102,62" hai3="35,122,65,59,86,109,17,0,91,134,120,66,85"/><W126/><G35/><T63/><D129/><U94/><E107/><V42/><F119/><W124/><G0/><T116/><D116/><U67/><E1/><V47/><F108/><W73/><G73/><T57/><D76/><U64/><E29/><V32/><F32/><W80/><G109/><T68/><D68/><U95/><E132/><V38/><F62/><W54/><G134/><T100/><D40/><U60/><E118/><V128/><F128/><W115/><G17/><N who="0" m="8447" /><D88/><U99/><E43/><V121/><F121/><W31/><G31/><T75/><D75/><U89/><E55/><V9/><F78/><N who="3" m="46231" /><G115/><T48/><D48/><U44/><E44/><V51/><F12/><W101/><G101/><N who="0" m="38987" /><D96/><U105/><E105/><V50/><F3/><W106/><G106/><T28/><D28/><U41/><E41/><V123/><F123/><W30/><G30/><T117/><D117/><U52/><E99/><V97/><F97/><W34/><G34/><T104/><D112/><U82/><REACH who="1" step="1"/><E67/><REACH who="1" ten="312,258,258,162" step="2"/><N who="3" m="25610" /><G54/><N who="0" m="34231" /><D104/><U2/><E2/><V49/><F38/><W33/><G33/><T18/><D18/><U53/><E53/><V111/><F111/><W6/><G6/><T83/><D7/><U20/><E20/><V77/><F36/><W114/><G114/><T131/><D5/><U113/><E113/><V45/><F102/><W74/><G74/><T19/><D131/><U58/><E58/><V133/><F133/><W70/><G59/><T92/><D19/><U39/><E39/><V90/><F8/><W125/><G70/><T13/><D23/><U26/><E26/><V37/><F27/><RYUUKYOKU ba="0,1" sc="312,-15,258,15,258,-15,162,15" hai1="52,56,60,61,64,69,82,84,87,89,93,94,95" hai3="86,91,120,122,124,125,126" /><INIT seed="3,1,1,3,2,50" ten="297,273,243,177" oya="3" hai0="125,134,93,0,88,70,118,55,52,45,11,4,122" hai1="39,84,107,77,29,31,12,56,98,103,30,91,79" hai2="9,133,34,95,92,33,58,69,85,14,112,62,27" hai3="80,19,68,74,47,113,16,124,21,28,89,116,129"/><W35/><G113/><T17/><D118/><U20/><E39/><V106/><F112/><W102/><G116/><T117/><D117/><U53/><E12/><V44/><F106/><W72/><G68/><T81/><D70/><U128/><E20/><V86/><F69/><W3/><G3/><T41/><D122/><U1/><E1/><V78/><F133/><W8/><G35/><T63/><D81/><U135/><E135/><V26/><F44/><W54/><G72/><T6/><D125/><U83/><REACH who="1" step="1"/><E128/><REACH who="1" ten="297,263,243,177" step="2"/><V18/><F33/><W97/><G129/><T110/><D0/><U36/><E36/><V99/><F34/><W10/><G124/><T48/><D110/><U90/><E90/><V104/><F14/><N who="3" m="9367" /><G28/><T96/><D134/><U46/><E46/><V120/><F26/><W42/><G19/><T123/><D123/><U108/><E108/><V126/><F126/><W132/><G132/><T71/><D17/><U61/><AGARI ba="1,2" hai="29,30,31,53,56,61,77,79,83,84,91,98,103,107" machi="61" ten="30,7900,0" yaku="1,1,0,1,52,1,53,1" doraHai="50" doraHaiUra="100" who="1" fromWho="1" sc="297,-21,263,102,243,-21,177,-40" owari="276,7.6,365,46.5,222,-17.8,137,-36.3" /></mjloggm>