<mjloggm ver="2.3"><GO type="225" lobby="0"/><UN n0="%E3%83%96%E3%83%83%E3%83%91%E3%82%AA%E3%83%96%E3%83%81%E3%82%AD%E3%83%B3" n1="%70%68%65%6E%6F%6D%65" n2="%E7%AB%8B%E8%8A%B1%E9%9F%BF" n3="%E6%A1%9C%E8%8A%B1%E9%96%83%E3%80%85" dan="17,16,17,17" rate="2223.89,2159.21,2185.67,2256.66" sx="M,M,F,M"/><TAIKYOKU oya="0"/><INIT seed="0,0,0,1,2,40" ten="250,250,250,250" oya="0" hai0="110,108,105,65,0,27,131,55,111,112,132,133,39" hai1="71,62,81,58,100,123,26,15,120,33,69,77,128" hai2="104,63,99,16,22,17,43,75,88,117,4,59,92" hai3="98,37,14,83,130,67,91,95,34,56,47,94,129"/><T127/><D105/><U35/><E100/><V90/><F117/><W80/><G34/><T70/><D0/><U107/><E107/><V44/><F75/><W122/><G14/><T8/><D8/><U89/><E89/><V32/><F32/><W13/><G13/><T73/><D112/><U1/><E1/><V36/><F4/><W72/><G122/><T103/><D103/><U57/><E15/><V5/><F5/><W25/><G25/><T48/><D73/><U119/><E119/><V49/><F104/><W2/><G95/><T121/><D27/><U115/><E128/><N who="3" m="49258" /><G72/><T93/><D131/><U50/><E26/><N who="2" m="14663" /><F36/><W114/><G114/><T97/><D39/><U113/><E81/><V60/><F17/><W106/><G2/><T79/><D79/><U61/><E77/><V45/><F45/><W84/><G47/><N who="0" m="28063" /><D121/><U10/><REACH who="1" step="1"/><E50/><REACH who="1" ten="250,240,250,250" step="2"/><V18/><F18/><W102/><G37/><T41/><D127/><U9/><AGARI ba="0,1" hai="9,10,33,35,57,58,61,62,69,71,113,115,120,123" machi="9" ten="25,12000,2" yaku="1,1,2,1,0,1,22,2,53,2" doraHai="40" doraHaiUra="28" who="1" fromWho="1" sc="250,-60,240,130,250,-30,250,-30" /><INIT seed="1,0,0,5,2,56" ten="190,370,220,220" oya="1" hai0="135,121,127,90,122,23,125,113,91,19,100,63,21" hai1="132,49,33,118,74,130,93,99,133,119,65,78,80" hai2="62,107,8,83,18,37,57,110,131,105,32,69,134" hai3="103,9,14,76,55,129,97,6,7,17,5,109,111"/><U15/><E33/><V26/><F37/><W128/><G76/><T116/><D113/><U13/><E65/><V36/><F36/><W126/><G55/><T82/><D116/><N who="1" m="44587" /><E49/><V64/><F110/><N who="3" m="41995" /><G126/><N who="0" m="48139" /><D135/><N who="1" m="51787" /><E130/><N who="3" m="50282" /><G97/><T52/><D100/><AGARI ba="0,0" hai="13,15,74,78,80,93,99,100" m="51787,44587" machi="100" ten="30,1500,0" yaku="20,1" doraHai="56" who="1" fromWho="0" sc="190,-15,370,15,220,0,220,0" /><AGARI ba="0,0" hai="5,6,7,9,14,17,100,103" m="50282,41995" machi="100" ten="40,2600,0" yaku="14,1,19,1" doraHai="56" who="3" fromWho="0" sc="175,-26,385,0,220,0,220,26" /><INIT seed="1,1,0,4,3,95" ten="149,385,220,246" oya="1" hai0="105,44,121,9,112,23,36,55,76,90,49,71,125" hai1="3,92,60,1,7,104,30,82,96,119,12,54,24" hai2="93,6,11,97,73,66,110,75,108,8,15,86,91" hai3="83,106,22,80,85,123,59,50,98,72,42,40,46"/><U29/><E104/><V63/><F11/><W2/><G123/><T32/><D112/><U109/><E119/><V135/><F135/><W77/><G2/><T74/><D125/><U17/><E7/><V52/><F86/><W117/><G117/><T51/><D32/><U114/><E82/><V53/><F75/><W61/><G42/><T81/><D121/><U129/><E114/><V68/><REACH who="2" step="1"/><F73/><REACH who="2" ten="149,385,210,246" step="2"/><W134/><G134/><T132/><D132/><U62/><E1/><V47/><F47/><W0/><G0/><T39/><D44/><U18/><E3/><V131/><F131/><W28/><G85/><T78/><D9/><U87/><E87/><V25/><F25/><W19/><G80/><T21/><D81/><U57/><E129/><V16/><F16/><W14/><G72/><T65/><D74/><U13/><E24/><V102/><F102/><W58/><G83/><T130/><D130/><U56/><E17/><V101/><F101/><W37/><G19/><T35/><D90/><N who="1" m="55319" /><E13/><V48/><F48/><W133/><G14/><T5/><D51/><U107/><E18/><V64/><F64/><N who="3" m="38967" /><G133/><T100/><D65/><U27/><E27/><V116/><F116/><W45/><G50/><T113/><D49/><U20/><E12/><V128/><F128/><W33/><G45/><T111/><D113/><U127/><E127/><V84/><F84/><W120/><G46/><T69/><D100/><U122/><E122/><V38/><F38/><W79/><G37/><T88/><D39/><U10/><E10/><V103/><F103/><N who="3" m="62839" /><G120/><T70/><D36/><U124/><E124/><RYUUKYOKU ba="1,1" sc="149,-10,385,-10,210,30,246,-10" hai2="6,8,15,52,53,63,66,68,91,93,97,108,110" /><INIT seed="2,2,1,1,3,71" ten="139,375,240,236" oya="2" hai0="29,31,93,110,7,72,75,63,62,24,50,46,85" hai1="104,86,97,44,67,28,36,65,19,100,133,128,23" hai2="117,33,120,13,95,49,88,106,78,55,101,113,126" hai3="114,79,81,89,57,0,10,8,60,111,41,82,35"/><V112/><F117/><W3/><G35/><T34/><D110/><U38/><E128/><V134/><F120/><W53/><G111/><T43/><D31/><U22/><E133/><V58/><F134/><W87/><G114/><T64/><D7/><U25/><E86/><V39/><F126/><W119/><G119/><T42/><D42/><U127/><E127/><V20/><F33/><W16/><G41/><T107/><D107/><U92/><E104/><V15/><F78/><W84/><REACH who="3" step="1"/><G16/><REACH who="3" ten="139,375,240,226" step="2"/><T103/><D63/><U105/><E19/><V56/><F113/><W80/><G80/><T131/><D131/><U129/><E129/><V14/><F112/><W51/><G51/><T109/><D109/><U122/><E22/><V108/><F108/><W90/><G90/><T73/><D103/><U54/><E122/><V69/><F101/><W27/><G27/><T74/><N who="0" m="18432" /><DORA hai="40" /><T5/><D5/><U26/><E25/><V91/><F91/><W17/><G17/><T9/><D9/><AGARI ba="2,2" hai="0,3,8,9,10,53,57,60,79,81,82,84,87,89" machi="9" ten="40,5200,0" yaku="1,1,53,2" doraHai="71,40" doraHaiUra="70,76" who="3" fromWho="0" sc="139,-58,375,0,240,0,226,78" /><INIT seed="3,0,0,3,1,22" ten="81,375,240,304" oya="3" hai0="55,62,103,38,127,81,14,35,50,110,131,10,71" hai1="26,132,102,133,37,15,24,36,123,13,125,56,83" hai2="46,95,76,119,94,128,91,60,11,12,115,130,44" hai3="7,52,5,98,134,89,106,16,58,34,49,48,79"/><W2/><G34/><T41/><D110/><U47/><E123/><V86/><F115/><W122/><G122/><T70/><D35/><U117/><E125/><V121/><F121/><W19/><G134/><T92/><D81/><U124/><E124/><V65/><F119/><W61/><G79/><T51/><D127/><U27/><E117/><V118/><F118/><W3/><G3/><T45/><D92/><U54/><E102/><V75/><F75/><W40/><G2/><T112/><D14/><N who="1" m="5131" /><E47/><V29/><F76/><W108/><G108/><T82/><D82/><U8/><E8/><V42/><F95/><N who="3" m="56687" /><G106/><T126/><D10/><U74/><E83/><V113/><F113/><W114/><G114/><T84/><D103/><U129/><E74/><V28/><F130/><W23/><G19/><T32/><D84/><U88/><E88/><V18/><F128/><W116/><G116/><T97/><D32/><U78/><E78/><V73/><F73/><W63/><G48/><T120/><D97/><U1/><E1/><V85/><F86/><W105/><G105/><T80/><D80/><U20/><E20/><V93/><F94/><W66/><G40/><T101/><D126/><U107/><E107/><V17/><F17/><W135/><G135/><N who="1" m="51786" /><E129/><V96/><F96/><W31/><G31/><N who="2" m="11849" /><F42/><W67/><G67/><T87/><D131/><U4/><E4/><N who="3" m="1610" /><G66/><T99/><D120/><U68/><E68/><N who="0" m="26153" /><D112/><U39/><E39/><V77/><F77/><W25/><AGARI ba="0,0" hai="16,23,25,49,52,58,61,63" m="1610,56687" machi="25" ten="30,11700,0" yaku="8,1,52,1,54,2" doraHai="22" who="3" fromWho="3" sc="81,-39,375,-39,240,-39,304,117" owari="42,-45.8,336,13.6,201,-19.9,421,52.1" /></mjloggm>