<mjloggm ver="2.3"><GO type="225" lobby="0"/><UN n0="%E5%91%A8%E6%9D%B1" n1="%E3%81%A4%E3%81%A3%E3%81%B1%E3%82%8A%E3%83%9D%E3%83%BC%E3%83%AB" n2="%E6%9C%88%E5%B3%B6%E5%9F%BA" n3="%E3%83%81%E3%83%83%E3%82%BF%E3%82%BD%E3%83%BC" dan="17,17,16,16" rate="2187.93,2093.62,2086.54,2092.64" sx="M,M,M,F"/><TAIKYOKU oya="0"/><INIT seed="0,0,0,2,1,120" ten="250,250,250,250" oya="0" hai0="77,111,106,82,97,58,126,20,65,51,128,47,80" hai1="1,19,64,32,23,100,69,31,91,83,123,90,35" hai2="79,2,124,121,25,89,27,37,98,104,87,132,119" hai3="53,21,116,118,127,33,105,42,109,45,117,34,49"/><T48/><D126/><U72/><E123/><V95/><F37/><W38/><G105/><T56/><D128/><U28/><E1/><V9/><F121/><W112/><G112/><T4/><D4/><U129/><E129/><V110/><F124/><W75/><G75/><T24/><D106/><U68/><E100/><V26/><F132/><W88/><G127/><T62/><D97/><U134/><E134/><V0/><F119/><W15/><G88/><T52/><D77/><U66/><E23/><V133/><F133/><W17/><REACH who="3" step="1"/><G109/><REACH who="3" ten="250,250,250,240" step="2"/><T76/><D111/><U94/><E72/><V16/><F110/><W29/><G29/><N who="0" m="17543" /><D76/><U67/><E94/><V8/><F79/><W93/><G93/><T107/><D107/><U18/><REACH who="1" step="1"/><E67/><REACH who="1" ten="250,240,250,240" step="2"/><V22/><F104/><W135/><G135/><T39/><D39/><U113/><E113/><V11/><REACH who="2" step="1"/><F98/><REACH who="2" ten="250,240,240,240" step="2"/><W41/><G41/><AGARI ba="0,3" hai="41,47,48,51,52,56,58,62,65,80,82" m="17543" machi="41" ten="30,2900,0" yaku="8,1,54,1" doraHai="120" who="0" fromWho="3" sc="250,59,240,0,240,0,240,-29" /><INIT seed="0,1,0,1,4,11" ten="309,240,240,211" oya="0" hai0="15,135,132,113,64,114,68,116,12,54,126,93,35" hai1="109,43,6,73,104,103,41,20,74,90,111,25,76" hai2="121,38,18,21,134,59,107,105,106,61,85,1,53" hai3="88,91,127,27,101,129,42,95,9,31,13,46,60"/><T87/><D116/><U52/><E6/><V96/><F121/><W77/><G127/><T115/><D35/><U2/><E2/><V92/><F1/><W30/><G129/><T49/><D126/><U66/><E66/><V7/><F134/><N who="0" m="51242" /><D64/><U71/><E71/><V72/><F72/><W16/><G77/><T58/><D68/><U57/><E90/><AGARI ba="1,0" hai="12,15,49,54,58,87,90,93,113,114,115" m="51242" machi="90" ten="40,7700,0" yaku="20,1,52,2" doraHai="11" who="0" fromWho="1" sc="309,80,240,-80,240,0,211,0" /><INIT seed="0,2,0,0,3,20" ten="389,160,240,211" oya="0" hai0="101,31,39,102,49,80,46,66,41,32,92,100,133" hai1="105,16,68,14,71,35,55,113,44,38,93,59,111" hai2="56,104,5,2,58,18,118,27,30,107,48,15,109" hai3="77,6,11,52,61,65,63,115,76,4,81,79,134"/><T132/><D66/><U78/><E105/><V9/><F109/><W3/><G134/><N who="0" m="51819" /><D80/><U90/><E35/><V40/><F118/><W33/><G115/><T36/><D92/><U22/><E111/><V10/><F58/><W116/><G116/><T26/><AGARI ba="2,0" hai="26,31,32,36,39,41,46,49,100,101,102" m="51819" machi="26" ten="40,3900,0" yaku="20,1,52,1" doraHai="20" who="0" fromWho="0" sc="389,45,160,-15,240,-15,211,-15" /><INIT seed="0,3,0,2,1,41" ten="434,145,225,196" oya="0" hai0="57,11,101,52,87,18,14,64,60,91,32,24,8" hai1="45,55,9,58,104,37,1,0,84,54,43,69,118" hai2="36,4,132,12,34,114,134,25,92,103,77,83,76" hai3="127,48,59,79,47,13,85,28,112,20,75,23,73"/><T106/><D106/><U17/><E118/><V88/><F36/><W65/><G127/><T66/><D101/><U107/><E69/><V72/><F114/><W53/><G112/><T78/><D78/><U110/><E110/><V7/><F77/><W15/><G73/><T51/><D32/><U120/><E120/><V62/><F103/><W97/><G75/><T105/><D105/><U90/><E55/><V86/><F62/><N who="3" m="38111" /><G97/><T39/><D39/><U133/><E133/><N who="2" m="51307" /><F12/><N who="3" m="4683" /><G28/><AGARI ba="3,0" hai="4,7,25,28,34,72,76,83,86,88,92" m="51307" machi="28" ten="30,2000,0" yaku="20,1,54,1" doraHai="41" who="2" fromWho="3" sc="434,0,145,0,225,29,196,-29" /><INIT seed="1,0,0,0,5,118" ten="434,145,254,167" oya="1" hai0="21,12,79,130,48,84,83,63,132,18,28,80,46" hai1="45,53,47,91,69,99,36,3,119,88,124,71,26" hai2="129,22,19,107,127,15,14,16,102,33,77,44,52" hai3="11,43,54,128,74,58,34,41,23,29,109,56,25"/><U85/><E119/><V122/><F33/><W38/><G109/><T89/><D130/><U68/><E3/><V10/><F129/><W50/><G128/><T121/><D132/><U131/><E131/><V111/><F111/><W100/><G74/><T73/><D63/><U116/><E124/><V76/><F127/><W97/><G11/><T39/><D39/><U133/><E116/><V55/><F122/><W94/><G38/><T9/><D121/><U51/><E133/><V75/><F75/><W106/><G34/><T61/><D61/><U82/><E26/><V64/><F64/><W20/><G20/><T104/><D104/><U123/><E123/><V65/><F65/><W35/><G35/><T66/><D66/><U40/><REACH who="1" step="1"/><E99/><REACH who="1" ten="434,135,254,167" step="2"/><V27/><F27/><W117/><G117/><T98/><D98/><U93/><E93/><V113/><F107/><W57/><REACH who="3" step="1"/><G106/><REACH who="3" ten="434,135,254,157" step="2"/><T81/><D73/><U60/><E60/><V37/><F113/><W90/><G90/><AGARI ba="0,2" hai="36,40,45,47,51,53,68,69,71,82,85,88,90,91" machi="90" ten="40,3900,0" yaku="1,1,54,1,53,0" doraHai="118" doraHaiUra="30" who="1" fromWho="3" sc="434,0,135,59,254,0,157,-39" /><INIT seed="1,1,0,0,2,79" ten="434,194,254,118" oya="1" hai0="61,84,130,28,121,78,27,69,62,67,4,29,45" hai1="126,8,22,24,54,91,11,37,38,68,89,114,90" hai2="55,73,1,132,43,44,20,15,36,52,41,50,74" hai3="65,106,81,30,105,118,100,102,9,125,111,110,16"/><U39/><E114/><V0/><F132/><W66/><G30/><T32/><D130/><U133/><E133/><V53/><F36/><W14/><G125/><T7/><D29/><U12/><E68/><V34/><F34/><W63/><G118/><T70/><D121/><U49/><E126/><V19/><REACH who="2" step="1"/><F43/><REACH who="2" ten="434,194,244,118" step="2"/><W98/><G66/><T101/><D32/><U25/><E39/><V97/><F97/><W127/><G127/><T60/><D67/><U23/><E38/><V6/><F6/><W87/><G100/><T31/><D4/><U129/><E37/><V83/><F83/><W119/><G119/><T42/><D7/><U75/><E129/><V131/><F131/><W107/><G110/><T117/><D101/><U3/><E3/><AGARI ba="1,1" hai="0,1,3,15,19,20,41,44,50,52,53,55,73,74" machi="3" ten="40,2600,0" yaku="1,1,54,1,53,0" doraHai="79" doraHaiUra="115" who="2" fromWho="1" sc="434,0,194,-29,244,39,118,0" /><INIT seed="2,0,0,4,5,71" ten="434,165,283,118" oya="2" hai0="124,14,2,85,88,127,91,95,98,96,112,108,83" hai1="121,11,123,52,54,34,73,80,114,132,65,25,58" hai2="72,60,78,84,133,35,79,119,122,111,94,55,113" hai3="9,116,86,82,43,47,67,90,48,7,92,0,22"/><V3/><F3/><W103/><G116/><T23/><D2/><U33/><E114/><V101/><F35/><N who="1" m="13321" /><E25/><V40/><F40/><W118/><G118/><T10/><D112/><U134/><E11/><V12/><F12/><W76/><G67/><T24/><D108/><U135/><E65/><V27/><F27/><W20/><REACH who="3" step="1"/><G103/><REACH who="3" ten="434,165,283,108" step="2"/><T107/><D124/><U66/><E66/><V17/><F101/><W77/><G77/><T129/><D127/><U125/><E125/><V70/><F79/><W16/><G16/><N who="0" m="8279" /><D129/><U68/><E68/><V56/><F70/><W89/><G89/><T5/><D5/><U19/><E19/><V115/><F119/><W50/><G50/><T38/><D91/><U57/><E123/><V45/><F122/><W36/><G36/><T109/><D38/><U75/><E121/><V120/><F120/><W99/><AGARI ba="0,1" hai="0,7,9,20,22,43,47,48,76,82,86,90,92,99" machi="99" ten="20,2700,0" yaku="1,1,0,1,7,1,53,0" doraHai="71" doraHaiUra="106" who="3" fromWho="3" sc="434,-7,165,-7,283,-13,108,37" /><INIT seed="3,0,0,0,0,17" ten="427,158,270,145" oya="3" hai0="87,82,28,77,12,113,46,71,96,70,95,34,106" hai1="100,110,32,124,111,57,68,64,132,35,42,103,60" hai2="91,75,74,1,89,26,13,107,5,59,51,39,41" hai3="97,40,84,101,116,102,117,63,31,49,69,0,120"/><W54/><G120/><T22/><D34/><N who="1" m="12843" /><E132/><V135/><F1/><W131/><G0/><T44/><D106/><U122/><E122/><V72/><F107/><W37/><G31/><T119/><D119/><U47/><E68/><V92/><F39/><W133/><G133/><T62/><D113/><U129/><E129/><V53/><F75/><W56/><G131/><T123/><D123/><U104/><E104/><V125/><F74/><W88/><G37/><T18/><D28/><U128/><E124/><V16/><F72/><W79/><G79/><T76/><D76/><U61/><E61/><V90/><F125/><W93/><G102/><T83/><D83/><U134/><E134/><V36/><F36/><W33/><G33/><T8/><D71/><U55/><E64/><V86/><F26/><W81/><REACH who="3" step="1"/><G40/><REACH who="3" ten="427,158,270,135" step="2"/><T121/><D77/><U15/><E128/><V3/><F41/><W7/><G7/><T80/><D121/><U48/><E15/><V94/><F135/><W130/><G130/><T4/><D12/><U11/><E11/><N who="2" m="6207" /><F5/><W114/><G114/><T19/><D8/><U43/><E43/><V20/><F3/><W85/><G85/><T14/><D87/><U30/><E30/><V25/><F86/><W66/><AGARI ba="0,1" hai="49,54,56,63,66,69,81,84,88,93,97,101,116,117" machi="66" ten="30,6000,0" yaku="1,1,0,1,54,1,53,0" doraHai="17" doraHaiUra="126" who="3" fromWho="3" sc="427,-20,158,-20,270,-20,135,70" /><INIT seed="3,1,0,1,1,12" ten="407,138,250,205" oya="3" hai0="51,88,14,43,109,106,52,68,87,35,20,128,101" hai1="120,96,107,103,17,32,59,57,47,0,83,5,26" hai2="23,38,114,97,13,105,125,24,93,70,60,9,36" hai3="44,63,94,34,2,27,61,41,18,98,77,84,130"/><W76/><G130/><T124/><D35/><U19/><E120/><V126/><F105/><W1/><G2/><T104/><D68/><U116/><E116/><V46/><F114/><W86/><G1/><T80/><D109/><U91/><E47/><V40/><F38/><W62/><G34/><T73/><D128/><U11/><E32/><V25/><F60/><W119/><G119/><T75/><D43/><U67/><E26/><V45/><F70/><W92/><G77/><T66/><D66/><U69/><E69/><V71/><F71/><W108/><G108/><T132/><D132/><U111/><E111/><V48/><F25/><W112/><G112/><T30/><D30/><U15/><E0/><V55/><F23/><N who="3" m="13815" /><G76/><T113/><D75/><U110/><E110/><V72/><F72/><W7/><G7/><T122/><D73/><U56/><REACH who="1" step="1"/><E67/><REACH who="1" ten="407,128,250,205" step="2"/><V16/><F24/><W31/><G31/><T117/><D122/><U78/><E78/><V100/><AGARI ba="1,1" hai="9,13,16,36,40,45,46,48,55,93,97,100,125,126" machi="100" ten="30,4000,0" yaku="0,1,52,1,54,1" doraHai="12" who="2" fromWho="2" sc="407,-11,128,-11,250,53,205,-21" owari="396,49.6,117,-38.3,303,10.3,184,-21.6" /></mjloggm>