<mjloggm ver="2.3"><GO type="225" lobby="0"/><UN n0="%E3%81%8B%E3%82%8F%E3%81%A1%E3%82%83%E3%82%93%35%38" n1="%E7%AC%B9%E9%A4%85" n2="%4C%4F%4C%49%54%41" n3="%E3%82%BC%E3%83%AB%E3%83%80%E3%81%AE%E4%BC%9D%E8%AA%AC" dan="16,18,16,17" rate="2141.57,2210.30,2105.08,2148.63" sx="M,M,F,M"/><TAIKYOKU oya="0"/><INIT seed="0,0,0,4,2,130" ten="250,250,250,250" oya="0" hai0="24,33,40,30,37,22,104,28,128,63,8,2,47" hai1="66,71,69,67,65,118,101,49,45,100,61,132,59" hai2="133,87,115,131,7,72,73,129,90,76,79,70,96" hai3="58,89,107,85,12,93,15,19,91,78,111,35,3"/><T103/><D128/><N who="2" m="49226" /><F70/><N who="1" m="26633" /><E101/><V113/><F7/><W124/><G3/><T32/><D63/><N who="1" m="38143" /><E100/><V95/><F133/><W53/><G111/><T44/><D44/><U1/><E1/><V48/><F48/><W42/><G124/><T99/><REACH who="0" step="1"/><D30/><REACH who="0" ten="240,250,250,250" step="2"/><U117/><E132/><V0/><F115/><W97/><G42/><T4/><AGARI ba="0,1" hai="2,4,8,22,24,28,32,33,37,40,47,99,103,104" machi="4" ten="30,6000,0" yaku="1,1,2,1,0,1,53,0" doraHai="130" doraHaiUra="126" who="0" fromWho="0" sc="240,70,250,-20,250,-20,250,-20" /><INIT seed="0,1,0,4,3,77" ten="310,230,230,230" oya="0" hai0="87,134,20,97,88,10,67,52,84,108,63,95,93" hai1="5,64,75,124,78,24,114,66,2,127,125,41,31" hai2="61,132,119,92,30,86,102,59,82,51,19,70,14" hai3="80,111,23,4,33,12,104,117,118,58,40,36,8"/><T81/><D134/><U7/><E114/><V25/><F132/><W3/><G104/><T116/><D116/><U18/><E18/><V45/><F70/><W131/><G111/><T17/><D108/><U68/><E41/><V123/><F123/><W9/><G33/><T107/><D107/><U69/><E78/><V112/><F112/><W110/><G110/><T90/><D10/><N who="1" m="2359" /><E7/><V6/><F6/><W113/><G113/><T71/><D52/><U101/><E101/><V13/><F19/><W89/><G23/><T120/><D120/><U135/><E75/><V129/><F129/><W22/><G8/><T85/><REACH who="0" step="1"/><D95/><REACH who="0" ten="300,230,230,230" step="2"/><U105/><E105/><V109/><F119/><W42/><G9/><T103/><D103/><U55/><E135/><V48/><F92/><W73/><G117/><T26/><AGARI ba="1,1" hai="17,20,26,63,67,71,81,84,85,87,88,90,93,97" machi="26" ten="20,12000,1" yaku="1,1,0,1,7,1,52,1,54,1,53,0" doraHai="77" doraHaiUra="53" who="0" fromWho="0" sc="300,133,230,-41,230,-41,230,-41" /><INIT seed="0,2,0,3,2,68" ten="433,189,189,189" oya="0" hai0="55,117,77,37,128,123,79,21,26,60,25,129,106" hai1="5,3,23,101,81,71,30,2,40,108,59,8,80" hai2="0,54,39,47,89,58,105,38,43,86,7,57,65" hai3="9,14,19,17,42,15,115,92,118,61,36,33,84"/><T64/><D117/><U122/><E122/><V48/><F105/><W131/><G115/><T97/><D123/><U12/><E71/><V10/><F65/><W41/><G118/><T87/><D55/><U120/><E120/><V70/><F70/><W73/><G73/><T51/><D51/><U103/><E40/><V16/><F16/><W56/><G33/><T85/><D106/><U83/><E108/><V102/><F102/><W121/><G131/><T112/><D97/><U119/><E119/><V53/><F53/><N who="3" m="33935" /><G36/><T75/><D75/><U20/><E2/><V98/><F98/><W134/><G134/><T69/><D112/><U107/><E107/><V99/><F99/><W78/><G121/><T62/><D69/><U113/><E113/><V4/><F7/><W90/><G78/><T74/><D74/><U63/><E3/><V104/><F104/><W111/><G111/><T67/><D21/><AGARI ba="2,0" hai="9,14,15,17,19,21,41,42,84,90,92" m="33935" machi="21" ten="30,1000,0" yaku="8,1" doraHai="68" who="3" fromWho="0" sc="433,-16,189,0,189,0,189,16" /><INIT seed="1,0,0,3,0,77" ten="417,189,189,205" oya="1" hai0="11,69,84,104,42,37,76,132,3,51,116,72,95" hai1="5,63,55,8,119,117,2,121,65,96,16,60,82" hai2="10,67,64,18,54,91,6,22,26,110,89,102,21" hai3="23,134,128,97,88,20,19,32,126,61,25,79,109"/><U92/><E121/><V24/><F110/><W0/><G109/><T120/><D104/><U80/><E55/><V4/><F54/><W135/><G0/><T9/><D69/><U127/><E127/><V94/><F102/><W125/><G32/><T33/><D33/><U48/><E48/><V58/><F58/><W45/><G79/><T52/><D3/><U35/><E35/><V74/><F74/><W124/><G45/><T43/><D37/><U78/><E16/><V30/><F89/><W73/><G73/><T15/><D120/><U39/><E39/><V108/><F108/><W70/><G20/><T40/><D9/><U81/><E78/><V99/><REACH who="2" step="1"/><F4/><REACH who="2" ten="417,189,179,205" step="2"/><W17/><G128/><T101/><D52/><U44/><E44/><V131/><F131/><W66/><G19/><T107/><D42/><U86/><E86/><V130/><F130/><W111/><G111/><T105/><D84/><U71/><REACH who="1" step="1"/><E63/><REACH who="1" ten="417,179,179,205" step="2"/><V115/><F115/><W36/><G36/><T31/><D43/><U123/><E123/><V122/><F122/><W50/><G50/><T62/><D51/><U27/><E27/><V38/><F38/><W113/><G113/><T47/><D62/><U133/><E133/><V1/><AGARI ba="0,2" hai="1,6,10,18,21,22,24,26,30,64,67,91,94,99" machi="1" ten="20,2700,0" yaku="1,1,0,1,7,1,53,0" doraHai="77" doraHaiUra="41" who="2" fromWho="2" sc="417,-7,179,-13,179,47,205,-7" /><INIT seed="2,0,0,3,5,41" ten="410,166,226,198" oya="2" hai0="47,23,27,37,122,6,77,63,17,4,87,39,94" hai1="26,86,46,42,119,24,69,121,113,21,73,104,71" hai2="5,25,40,31,36,128,35,32,38,105,102,92,45" hai3="1,66,90,111,78,130,120,133,57,61,79,70,16"/><V76/><F128/><W14/><G120/><T127/><D122/><U50/><E121/><V51/><F105/><W56/><G1/><T98/><D39/><U7/><E113/><V116/><F116/><W10/><G130/><T84/><D127/><U60/><E73/><V97/><F32/><W58/><G111/><T88/><D63/><U48/><E119/><V49/><F5/><N who="0" m="2154" /><D37/><U117/><E117/><V62/><F76/><W11/><G133/><T91/><D47/><U13/><E104/><V54/><F62/><W81/><REACH who="3" step="1"/><G10/><REACH who="3" ten="410,166,226,188" step="2"/><T19/><D77/><U123/><E123/><V135/><F135/><W110/><G110/><T109/><D109/><U30/><E7/><V53/><F40/><W126/><G126/><T95/><D98/><U118/><E118/><V33/><F33/><W43/><G43/><T112/><D112/><U129/><E129/><V22/><F35/><W72/><G72/><T44/><D87/><AGARI ba="0,1" hai="11,14,16,56,57,58,61,66,70,78,79,81,87,90" machi="87" ten="40,2600,0" yaku="1,1,54,1,53,0" doraHai="41" doraHaiUra="100" who="3" fromWho="0" sc="410,-26,166,0,226,0,188,36" /><INIT seed="3,0,0,0,5,125" ten="384,166,226,224" oya="3" hai0="70,126,22,76,19,82,43,91,62,55,54,48,114" hai1="27,120,18,104,128,14,35,93,13,134,4,83,86" hai2="80,98,103,47,63,53,129,17,57,3,71,36,11" hai3="33,95,81,133,52,122,65,20,23,79,34,87,135"/><W116/><G116/><T73/><D126/><U44/><E104/><V26/><F129/><W84/><G65/><T102/><D114/><U69/><E120/><V90/><F71/><W109/><G122/><T67/><D102/><U85/><E69/><V15/><F3/><W118/><G118/><T105/><D105/><U68/><E68/><V121/><F121/><W1/><G1/><T29/><D29/><U30/><E134/><V97/><F36/><W28/><G109/><T60/><D60/><U117/><E117/><V56/><F47/><W2/><G2/><T21/><D21/><U0/><E14/><V25/><F57/><W74/><G95/><T12/><D91/><U88/><E44/><V40/><F40/><W64/><G64/><T89/><D89/><U16/><E0/><V113/><F113/><W112/><G23/><T130/><D130/><U7/><E128/><V31/><F31/><W39/><G39/><T131/><D131/><U32/><E32/><V61/><F61/><W41/><G41/><T123/><D123/><U58/><E58/><V9/><F9/><W49/><G20/><T106/><D106/><U124/><E124/><V115/><F115/><W110/><G110/><T24/><D24/><N who="2" m="9322" /><F103/><W96/><G112/><T100/><D100/><U38/><E38/><V42/><F42/><W6/><G33/><T8/><D22/><U101/><E101/><V5/><F5/><W107/><G6/><T59/><D43/><U75/><E75/><V77/><F15/><W66/><G74/><T119/><D119/><U10/><E4/><V132/><F132/><RYUUKYOKU ba="0,0" sc="384,15,166,15,226,-15,224,-15" hai0="8,12,19,48,54,55,59,62,67,70,73,76,82" hai1="7,10,13,16,18,27,30,35,83,85,86,88,93" owari="399,49.9,181,-31.9,211,1.1,209,-19.1" /></mjloggm>