<mjloggm ver="2.3"><GO type="225" lobby="0"/><UN n0="%E3%81%AF%E3%82%88%E3%81%8A%E3%81%98%E3%81%95%E3%82%93" n1="%E9%80%86%E9%80%A3%E5%B8%AF%E3%81%AE%E9%AC%BC" n2="%E6%97%A5%E6%9B%9C%E6%97%A5%E3%82%88%E3%82%8A%E3%81%AE%E4%BD%BF%E8%80%85" n3="%E6%98%93%E5%88%A9%E8%96%A9%E4%BC%AF" dan="17,16,17,16" rate="2175.35,2069.68,2196.94,2105.84" sx="M,M,M,F"/><TAIKYOKU oya="0"/><INIT seed="0,0,0,0,0,16" ten="250,250,250,250" oya="0" hai0="61,39,14,77,94,29,50,24,111,43,13,121,131" hai1="19,110,90,123,74,3,76,130,68,59,106,126,96" hai2="92,129,10,93,71,102,89,99,62,128,109,11,41" hai3="21,72,17,112,54,51,22,84,7,18,64,25,125"/><T55/><D121/><U113/><RYUUKYOKU type="yao9" ba="0,0" sc="250,0,250,0,250,0,250,0" hai1="3,19,59,68,74,76,90,96,106,110,113,123,126,130" /><INIT seed="0,1,0,4,3,106" ten="250,250,250,250" oya="0" hai0="73,3,62,36,85,118,110,107,40,98,56,7,28" hai1="5,69,10,4,38,26,117,133,100,16,88,128,6" hai2="104,23,39,37,66,78,17,93,131,87,97,121,1" hai3="64,61,77,60,116,32,120,81,14,95,18,49,114"/><T48/><D48/><U11/><E117/><V83/><F121/><W22/><G116/><T63/><D85/><U67/><E38/><V19/><F1/><W122/><G114/><T91/><D91/><U20/><E133/><V109/><F109/><W103/><G32/><T47/><D118/><U96/><E128/><V9/><F131/><W92/><G49/><T74/><D62/><U82/><E69/><V113/><F113/><W84/><G61/><T68/><D28/><U27/><E67/><V58/><F104/><W59/><REACH who="3" step="1"/><G103/><REACH who="3" ten="250,250,250,240" step="2"/><N who="0" m="62967" /><D56/><U111/><E111/><V89/><F39/><W94/><AGARI ba="1,1" hai="14,18,22,59,60,64,77,81,84,92,94,95,120,122" machi="94" ten="30,4000,0" yaku="1,1,0,1,53,1" doraHai="106" doraHaiUra="55" who="3" fromWho="3" sc="250,-21,250,-11,250,-11,240,53" /><INIT seed="1,0,0,5,0,105" ten="229,239,239,293" oya="1" hai0="59,42,74,6,22,86,33,60,56,30,119,114,66" hai1="68,47,130,15,95,116,38,45,41,19,20,64,39" hai2="113,50,1,108,8,91,122,29,79,103,16,37,115" hai3="44,54,135,5,94,2,85,3,63,9,71,10,109"/><U99/><E116/><V120/><F37/><W24/><G109/><T58/><D119/><U80/><E130/><V36/><F36/><W72/><G72/><T27/><D114/><N who="2" m="43530" /><F103/><W23/><G135/><T98/><D74/><U7/><E7/><N who="2" m="1135" /><F108/><W134/><G134/><T17/><D42/><U34/><E34/><V46/><F29/><W62/><G9/><T70/><D6/><U127/><E127/><V84/><F79/><W100/><G3/><T97/><REACH who="0" step="1"/><D86/><REACH who="0" ten="219,239,239,293" step="2"/><U133/><E133/><V13/><F84/><W92/><G85/><T117/><D117/><U89/><E39/><V131/><F131/><W123/><G5/><T96/><D96/><U25/><E41/><N who="2" m="24911" /><F91/><W57/><G123/><T4/><D4/><U102/><E38/><V110/><F110/><W78/><G2/><T51/><D51/><U0/><E0/><V82/><F82/><W35/><G78/><T126/><D126/><U32/><E80/><V87/><F87/><W90/><G90/><T76/><D76/><U61/><E89/><V83/><F83/><W26/><G100/><T107/><D107/><U14/><E99/><V69/><F69/><W18/><G71/><T65/><D65/><U104/><E104/><V112/><N who="2" m="43538" /><V40/><DORA hai="77" /><F40/><W121/><G121/><T55/><D55/><U43/><E43/><V81/><F81/><W101/><G54/><T28/><D28/><U11/><E102/><V21/><AGARI ba="0,1" hai="13,16,21,120,122" m="24911,1135,43538" machi="21" ten="40,2700,0" yaku="11,1,54,1" doraHai="105,77" who="2" fromWho="2" sc="219,-7,239,-13,239,37,293,-7" /><INIT seed="2,0,0,4,1,130" ten="212,226,276,286" oya="2" hai0="77,0,114,96,60,9,106,126,121,119,127,73,14" hai1="122,75,53,134,104,102,11,98,103,12,33,31,8" hai2="17,6,92,94,115,108,58,133,76,93,113,72,128" hai3="38,78,43,63,90,74,79,105,25,88,65,44,87"/><V2/><F2/><W129/><G129/><T116/><D121/><U109/><E122/><V22/><F6/><W57/><G105/><T30/><D114/><U111/><E75/><V7/><F128/><W83/><G74/><T101/><D0/><U10/><E103/><V24/><F7/><W59/><G79/><T47/><D30/><U125/><E125/><N who="0" m="47625" /><D60/><U23/><E33/><V26/><F72/><W82/><G82/><N who="0" m="45359" /><D47/><U89/><E89/><V49/><F76/><W131/><G131/><T61/><D61/><U3/><E3/><V68/><F68/><W34/><REACH who="3" step="1"/><G59/><REACH who="3" ten="212,226,276,276" step="2"/><T69/><D69/><U132/><E111/><V124/><F108/><W62/><G62/><T45/><D45/><U48/><E109/><V70/><F70/><W29/><AGARI ba="0,1" hai="25,29,34,38,43,44,57,63,65,78,83,87,88,90" machi="29" ten="30,4000,0" yaku="1,1,0,1,54,1,53,0" doraHai="130" doraHaiUra="110" who="3" fromWho="3" sc="212,-10,226,-10,276,-20,276,50" /><INIT seed="3,0,0,3,0,2" ten="202,216,256,326" oya="3" hai0="85,46,28,131,59,42,112,21,107,86,78,71,55" hai1="53,45,102,11,119,26,50,34,87,68,79,40,77" hai2="93,111,134,61,117,16,30,110,32,48,133,56,132" hai3="95,69,57,58,67,109,33,76,54,84,23,97,31"/><W124/><G33/><T83/><D71/><U8/><E119/><V9/><F117/><W90/><G124/><T36/><D107/><U60/><E102/><V130/><F48/><W113/><G113/><T120/><D120/><U39/><E34/><V122/><F122/><W7/><G69/><T73/><D112/><U128/><E128/><V12/><F130/><W88/><G7/><T129/><D129/><U64/><E26/><N who="2" m="18519" /><F93/><W35/><G35/><T74/><D131/><U38/><E38/><V94/><F94/><W98/><G76/><T81/><D21/><U18/><E18/><V114/><F114/><W103/><G67/><AGARI ba="0,0" hai="9,12,16,56,61,67,110,111,132,133,134" m="18519" machi="67" ten="30,2000,0" yaku="20,1,54,1" doraHai="2" who="2" fromWho="3" sc="202,0,216,0,256,20,326,-20" owari="202,-29.8,216,-18.4,276,7.6,306,40.6" /></mjloggm>