<mjloggm ver="2.3"><GO type="225" lobby="0"/><UN n0="%E3%81%BF%E3%81%BF%E3%81%9A" n1="%70%68%65%6E%6F%6D%65" n2="%E9%A6%AC%E5%BC%95%E7%81%AB%33" n3="%E6%97%A5%E6%9B%9C%E6%97%A5%E3%82%88%E3%82%8A%E3%81%AE%E4%BD%BF%E8%80%85" dan="17,16,16,17" rate="2185.43,2170.94,2150.17,2194.65" sx="M,M,M,M"/><TAIKYOKU oya="0"/><INIT seed="0,0,0,3,0,43" ten="250,250,250,250" oya="0" hai0="54,97,1,121,32,131,123,98,38,127,27,68,50" hai1="13,95,47,15,90,37,113,65,74,133,11,122,106" hai2="128,87,17,34,118,83,103,52,40,126,93,56,18" hai3="33,75,109,112,62,24,22,114,115,81,72,53,88"/><T42/><D68/><U82/><E122/><V67/><F34/><W104/><G104/><T9/><D127/><U59/><E106/><V102/><F126/><W44/><G33/><T99/><D131/><U0/><E133/><V36/><F128/><W69/><G109/><T26/><D42/><N who="1" m="22991" /><E59/><V78/><F118/><W132/><G132/><T6/><D38/><U119/><E65/><V2/><F2/><W45/><G69/><T14/><D1/><U16/><E16/><V92/><F67/><W51/><G62/><T10/><D9/><U29/><E29/><V76/><F76/><W3/><G3/><T23/><D32/><U12/><E119/><V20/><F18/><W111/><G111/><T25/><REACH who="0" step="1"/><D23/><REACH who="0" ten="240,250,250,250" step="2"/><U120/><E0/><V8/><F8/><W64/><G115/><T71/><D71/><U135/><E11/><V28/><F40/><W60/><G114/><T105/><D105/><U86/><E113/><V80/><F36/><W125/><G112/><T19/><D19/><U117/><E135/><V35/><F35/><W48/><G125/><T5/><D5/><U30/><E117/><V116/><F116/><W94/><G22/><T21/><D21/><U108/><E108/><V61/><F28/><W107/><G107/><T49/><D49/><U84/><E30/><V39/><F39/><W134/><G134/><T46/><AGARI ba="0,1" hai="6,10,14,25,26,27,46,50,54,97,98,99,121,123" machi="46" ten="30,6000,0" yaku="1,1,0,1,52,1,53,0" doraHai="43" doraHaiUra="79" who="0" fromWho="0" sc="240,70,250,-20,250,-20,250,-20" /><INIT seed="0,1,0,0,5,23" ten="310,230,230,230" oya="0" hai0="120,109,77,10,60,14,32,38,74,1,53,116,5" hai1="63,115,98,12,48,57,127,119,122,100,40,112,133" hai2="75,107,6,0,11,105,124,13,49,71,106,78,17" hai3="55,89,97,90,56,85,9,125,50,30,28,130,39"/><T42/><D116/><U84/><E119/><V3/><F71/><W34/><G39/><T131/><D120/><U24/><E122/><V68/><F68/><W52/><G125/><T123/><D123/><U88/><E127/><V132/><F124/><W73/><G73/><T54/><D131/><U43/><E133/><V104/><N who="2" m="26624" /><DORA hai="37" /><V135/><F49/><W81/><G130/><T36/><D109/><U51/><E98/><V66/><F66/><W69/><G69/><T2/><D2/><U87/><E100/><V93/><F93/><N who="3" m="56495" /><G34/><T96/><D96/><U76/><E12/><V103/><F103/><W92/><G9/><T70/><D32/><U129/><E129/><V29/><F29/><N who="3" m="11371" /><G55/><T80/><D14/><U91/><E76/><V61/><F78/><W59/><G56/><T117/><D36/><U44/><E24/><V47/><F75/><W25/><G25/><T8/><D10/><U121/><E121/><V110/><F110/><W26/><G26/><T19/><D19/><U113/><E87/><V58/><F3/><W22/><G22/><T108/><D108/><U45/><E84/><V134/><F17/><W65/><G65/><AGARI ba="1,0" hai="40,43,44,45,48,51,57,63,65,88,91,112,113,115" machi="65" ten="40,8000,1" yaku="9,1,11,1,52,2,54,1" doraHai="23,37" who="1" fromWho="3" sc="310,0,230,83,230,0,230,-83" /><INIT seed="1,0,0,4,4,57" ten="310,313,230,147" oya="1" hai0="44,14,28,66,37,72,22,118,40,128,115,71,20" hai1="32,62,120,123,119,81,61,125,134,127,54,10,31" hai2="104,6,78,8,130,64,26,114,98,51,35,92,55" hai3="75,12,42,76,24,113,79,45,131,83,25,53,108"/><U41/><E119/><V18/><F130/><W15/><G113/><T93/><D118/><U88/><E41/><V103/><F114/><W13/><G131/><T74/><D115/><U48/><E134/><V1/><F64/><W96/><G108/><T70/><D128/><U27/><E10/><V69/><F69/><W52/><G79/><T124/><D124/><N who="1" m="47691" /><E81/><V17/><F78/><W29/><G96/><T34/><D71/><U38/><E38/><V7/><F7/><W59/><G29/><T30/><D34/><U132/><E88/><V94/><F35/><W111/><G111/><T2/><D2/><U116/><E132/><V91/><F26/><W63/><REACH who="3" step="1"/><G53/><REACH who="3" ten="310,313,230,137" step="2"/><T85/><D30/><U97/><E97/><V110/><F110/><W122/><G122/><N who="1" m="46634" /><E116/><V133/><F133/><W23/><G23/><T105/><D22/><U80/><E80/><V129/><F129/><W135/><G135/><T19/><D20/><U102/><E102/><V112/><F112/><W90/><G90/><T68/><D28/><U73/><E73/><V86/><F104/><W107/><G107/><T100/><D105/><U49/><E54/><V16/><F55/><W60/><G60/><AGARI ba="0,1" hai="27,31,32,48,49,60,61,62" m="46634,47691" machi="60" ten="30,11600,0" yaku="18,1,52,3" doraHai="57" who="1" fromWho="3" sc="310,0,313,126,230,0,137,-116" /><INIT seed="1,1,0,4,3,89" ten="310,439,230,21" oya="1" hai0="128,4,49,14,75,59,25,73,43,120,80,64,33" hai1="22,103,126,83,107,78,29,130,115,12,58,52,93" hai2="40,133,100,51,19,6,71,134,66,127,104,106,18" hai3="116,99,2,35,70,20,110,77,88,39,98,96,74"/><U34/><E115/><V86/><F127/><W117/><G35/><T79/><D128/><U67/><E107/><V23/><F6/><W111/><G39/><T42/><D120/><U135/><E135/><N who="2" m="51723" /><F86/><W76/><G70/><T114/><D114/><U3/><E3/><V124/><F124/><W41/><G2/><T54/><D75/><U10/><E34/><V7/><F7/><W28/><G41/><T123/><D123/><U84/><E67/><V36/><F36/><W56/><G56/><T68/><D68/><U97/><E130/><V24/><F100/><W72/><G20/><T45/><D33/><U17/><E126/><V131/><F19/><W8/><G8/><T57/><D25/><U5/><E29/><V16/><F18/><W129/><G28/><T94/><D4/><U38/><E38/><V82/><F82/><W11/><G11/><T48/><D14/><U1/><E1/><V50/><F131/><W0/><G0/><T108/><D108/><N who="3" m="41513" /><G129/><T37/><D64/><U112/><E112/><V85/><F85/><W109/><N who="3" m="41521" /><W9/><DORA hai="101" /><G9/><T69/><D69/><U125/><E125/><V55/><F40/><W62/><G62/><T118/><D42/><U65/><E22/><V121/><F121/><W47/><G47/><T15/><D15/><U91/><E5/><V105/><F55/><W21/><G21/><T90/><D59/><U53/><E103/><V122/><F122/><W87/><G74/><T81/><D37/><U27/><E27/><V92/><F92/><N who="3" m="54303" /><G72/><T13/><D43/><U30/><E30/><V32/><F32/><RYUUKYOKU ba="1,0" sc="310,-30,439,10,230,10,21,10" hai1="10,12,17,52,53,58,65,78,83,84,91,93,97" hai2="16,23,24,50,51,66,71,104,105,106" hai3="76,77,96,98,99,116,117" /><INIT seed="1,2,0,4,0,85" ten="280,449,240,31" oya="1" hai0="37,129,1,135,133,45,57,34,92,111,54,107,59" hai1="3,62,98,38,19,42,26,126,60,64,76,63,90" hai2="93,17,51,109,30,5,32,78,48,83,134,49,91" hai3="71,79,101,97,43,0,50,87,69,20,124,84,80"/><U81/><E3/><V75/><F134/><N who="0" m="51210" /><D107/><U121/><E121/><V61/><F109/><W70/><G0/><T12/><D1/><U53/><E126/><V23/><F5/><W14/><G124/><T44/><D34/><U68/><E38/><V56/><F30/><W132/><G132/><T35/><D35/><U106/><E42/><V7/><F7/><W110/><G110/><T104/><D104/><U65/><E53/><V39/><F39/><W46/><G87/><T88/><D111/><U27/><E19/><V8/><F32/><W11/><G20/><T94/><D129/><U24/><E68/><V120/><F8/><W73/><G73/><T103/><D12/><U82/><E106/><V127/><F120/><W15/><REACH who="3" step="1"/><G11/><REACH who="3" ten="280,449,240,21" step="2"/><T117/><D117/><U9/><E9/><V28/><F127/><W67/><G67/><T114/><D114/><U95/><E64/><V13/><F28/><W105/><AGARI ba="2,1" hai="14,15,43,46,50,69,70,71,79,80,84,97,101,105" machi="105" ten="30,2000,0" yaku="1,1,0,1,53,0" doraHai="85" doraHaiUra="4" who="3" fromWho="3" sc="280,-7,449,-12,240,-7,21,36" /><INIT seed="2,0,0,5,0,84" ten="273,437,233,57" oya="2" hai0="30,125,85,99,47,53,22,62,61,44,8,0,89" hai1="130,16,46,82,9,118,101,52,74,25,40,26,67" hai2="2,81,7,63,3,5,31,27,75,123,97,112,64" hai3="131,15,65,96,17,93,124,43,54,73,35,23,33"/><V21/><F112/><W102/><G124/><T109/><D125/><U105/><E118/><V36/><F36/><W80/><G131/><T116/><D109/><U79/><E67/><V59/><F123/><W12/><G43/><T121/><D121/><U106/><E52/><V92/><F75/><W77/><G65/><T13/><D116/><U98/><E106/><V78/><F81/><W4/><G4/><N who="2" m="1609" /><F78/><W57/><REACH who="3" step="1"/><G15/><REACH who="3" ten="273,437,233,47" step="2"/><T104/><D0/><U94/><E40/><V111/><F111/><W132/><G132/><T129/><D13/><U86/><E130/><V103/><AGARI ba="0,1" hai="2,3,21,27,31,59,63,64,92,97,103" m="1609" machi="103" ten="30,1500,0" yaku="25,1" doraHai="84" who="2" fromWho="2" sc="273,-5,437,-5,233,25,47,-5" /><INIT seed="2,1,0,2,3,19" ten="268,432,258,42" oya="2" hai0="123,68,30,115,49,120,42,83,107,61,2,96,26" hai1="118,56,53,109,116,101,29,25,117,0,112,133,28" hai2="3,93,62,13,37,87,90,50,35,51,102,108,45" hai3="66,94,79,92,5,125,60,27,55,72,113,114,22"/><V131/><F3/><W111/><G55/><T21/><D2/><U122/><E112/><N who="3" m="43114" /><G5/><T14/><D115/><U86/><E101/><V124/><F35/><W84/><G72/><T95/><D83/><U103/><E103/><V78/><F37/><W41/><G41/><T44/><D107/><U105/><E105/><V31/><F31/><N who="3" m="17911" /><G111/><T98/><D98/><U12/><E0/><V70/><F108/><W38/><G38/><T47/><D47/><U11/><E53/><V128/><F51/><W89/><G79/><T15/><D123/><U48/><E122/><V40/><F78/><W52/><G125/><T57/><D68/><U39/><E56/><V58/><F124/><W18/><G18/><T10/><D10/><U1/><E48/><V46/><F46/><W134/><G134/><T127/><D120/><U64/><E133/><V85/><F70/><N who="3" m="42311" /><G52/><N who="0" m="33959" /><D127/><U119/><E39/><V129/><F13/><W33/><G33/><T80/><D80/><AGARI ba="1,0" hai="80,84,89,92,94" m="42311,17911,43114" machi="80" ten="30,2000,0" yaku="11,1,52,1" doraHai="19" who="3" fromWho="0" sc="268,-23,432,0,258,0,42,23" /><INIT seed="3,0,0,5,3,71" ten="245,432,258,65" oya="3" hai0="97,24,131,59,63,34,9,0,53,106,103,16,55" hai1="30,43,134,67,113,1,22,31,82,123,121,13,110" hai2="29,85,41,12,48,49,20,6,47,26,119,44,78" hai3="101,11,80,98,70,3,14,91,18,58,54,81,114"/><W46/><G114/><T77/><D131/><U56/><E113/><V124/><F124/><W25/><G70/><T69/><D77/><U116/><E1/><V62/><F62/><W57/><G3/><T94/><D69/><U92/><E43/><V111/><F111/><W8/><G25/><T95/><D0/><U38/><E38/><V66/><F66/><W125/><G125/><T127/><D127/><U4/><E82/><N who="2" m="47319" /><F119/><W37/><G8/><T84/><D34/><U115/><E30/><V126/><F126/><W102/><G102/><T96/><D84/><U17/><E56/><N who="3" m="21610" /><G37/><T130/><D130/><U108/><E22/><V133/><F133/><W120/><G101/><N who="0" m="60567" /><D106/><U36/><E17/><V28/><F28/><W60/><G120/><T89/><D103/><U7/><E13/><V75/><F75/><W112/><G112/><T64/><D24/><U15/><E15/><AGARI ba="0,0" hai="9,15,16,53,55,59,63,64,89,95,97" m="60567" machi="15" ten="30,2000,0" yaku="8,1,54,1" doraHai="71" who="0" fromWho="1" sc="245,20,432,-20,258,0,65,0" owari="265,6.5,412,51.2,258,-14.2,65,-43.5" /></mjloggm>