<mjloggm ver="2.3"><GO type="225" lobby="0"/><UN n0="%E3%81%A4%E3%81%A3%E3%81%B1%E3%82%8A%E3%83%9D%E3%83%BC%E3%83%AB" n1="%E3%83%96%E3%83%83%E3%83%91%E3%82%AA%E3%83%96%E3%83%81%E3%82%AD%E3%83%B3" n2="%E8%B5%A4%E3%81%84%E8%9B%99%31%31" n3="%E3%83%B4%E3%83%A0%EF%BC%99%E3%81%A6" dan="17,16,16,16" rate="2171.32,2207.69,2106.58,2176.14" sx="M,M,M,M"/><TAIKYOKU oya="0"/><INIT seed="0,0,0,5,1,64" ten="250,250,250,250" oya="0" hai0="44,100,111,8,50,30,126,107,99,47,65,110,79" hai1="26,102,9,7,69,49,55,130,22,104,17,83,81" hai2="5,16,121,78,75,37,34,63,115,114,72,71,119" hai3="60,124,91,122,53,101,87,84,32,18,66,73,98"/><T48/><D126/><U15/><E130/><V133/><F121/><W10/><G122/><T70/><D79/><U67/><E104/><V103/><F133/><W0/><G73/><T14/><D30/><U36/><E36/><V89/><F37/><W24/><G124/><T19/><D48/><U123/><E123/><V39/><F39/><W12/><G0/><T112/><D112/><U77/><E102/><V109/><F5/><W68/><G53/><T105/><D107/><U97/><E97/><V61/><F34/><W38/><G38/><T51/><D51/><U56/><REACH who="1" step="1"/><E77/><REACH who="1" ten="250,240,250,250" step="2"/><V27/><F78/><W2/><G2/><T23/><D8/><U54/><E54/><V58/><F103/><W4/><G91/><T29/><D29/><U132/><E132/><V74/><F89/><W21/><REACH who="3" step="1"/><G32/><REACH who="3" ten="250,240,250,240" step="2"/><T96/><D100/><U80/><E80/><V108/><F115/><W113/><G113/><T13/><D105/><AGARI ba="0,2" hai="4,10,12,18,21,24,60,66,68,84,87,98,101,105" machi="105" ten="30,7700,0" yaku="1,1,7,1,52,1,53,1" doraHai="64" doraHaiUra="20" who="3" fromWho="0" sc="250,-77,240,0,250,0,240,97" /><INIT seed="1,0,0,4,4,6" ten="173,240,250,337" oya="1" hai0="83,2,12,131,31,91,92,69,28,130,124,121,52" hai1="0,116,68,117,7,97,107,75,98,132,108,126,36" hai2="43,25,77,129,42,9,50,35,80,49,18,76,58" hai3="14,13,125,72,66,61,127,109,56,90,128,37,122"/><U60/><RYUUKYOKU type="yao9" ba="0,0" sc="173,0,240,0,250,0,337,0" hai1="0,7,36,60,68,75,97,98,107,108,116,117,126,132" /><INIT seed="1,1,0,1,0,122" ten="173,240,250,337" oya="1" hai0="129,62,59,49,1,26,127,126,80,18,63,15,78" hai1="95,55,11,8,35,51,34,14,121,117,24,100,44" hai2="86,28,31,132,4,27,68,65,30,120,133,61,57" hai3="116,119,69,102,74,77,37,52,134,43,97,112,89"/><U115/><E121/><V40/><F120/><W48/><G112/><T25/><D1/><U82/><E117/><N who="3" m="45130" /><G134/><N who="2" m="51817" /><F4/><W88/><G69/><T66/><D129/><U79/><E115/><V20/><F40/><W56/><G37/><T0/><D0/><U72/><E24/><V73/><F73/><W42/><G77/><T53/><D63/><U91/><E100/><V47/><F47/><N who="3" m="25719" /><G43/><T39/><D39/><U33/><REACH who="1" step="1"/><E14/><REACH who="1" ten="173,230,250,337" step="2"/><V125/><F125/><N who="0" m="47626" /><D15/><U6/><E6/><V45/><F27/><W10/><G10/><T83/><D18/><U131/><E131/><V5/><F30/><W96/><G74/><N who="0" m="43095" /><D83/><U99/><AGARI ba="1,1" hai="8,11,33,34,35,44,51,55,72,79,82,91,95,99" machi="99" ten="30,3000,0" yaku="1,1,0,1,53,0" doraHai="122" doraHaiUra="21" who="1" fromWho="1" sc="173,-11,230,43,250,-11,337,-11" /><INIT seed="1,2,0,0,2,42" ten="162,273,239,326" oya="1" hai0="0,82,130,119,60,16,47,72,38,83,28,37,44" hai1="132,17,111,55,90,48,106,1,84,134,58,110,14" hai2="22,125,63,65,74,103,121,100,127,11,133,102,43" hai3="71,87,104,122,46,57,15,109,30,13,77,29,113"/><U128/><E1/><V67/><F121/><W41/><G71/><T69/><D0/><U96/><E128/><V108/><F108/><N who="1" m="41513" /><E96/><V107/><F74/><W114/><G104/><T34/><D119/><U78/><E78/><V94/><F107/><W91/><G77/><T98/><D130/><U26/><E26/><V36/><F94/><W118/><G109/><T52/><D98/><U101/><E101/><V61/><F133/><N who="1" m="51305" /><E106/><V135/><F135/><W62/><G122/><T20/><D28/><U95/><E14/><V12/><F12/><W31/><G118/><T86/><D34/><U68/><E68/><V49/><F103/><W32/><G32/><T92/><D69/><U112/><E17/><V54/><F102/><W6/><G6/><T40/><D72/><U9/><E9/><V18/><F11/><W115/><G13/><T124/><D124/><U7/><E7/><V45/><F100/><W53/><G15/><T51/><D38/><U123/><E123/><V76/><F18/><W10/><G10/><T80/><D60/><N who="2" m="23114" /><F76/><W116/><G116/><T129/><D129/><U93/><E95/><V105/><F105/><W97/><G97/><T89/><REACH who="0" step="1"/><D16/><REACH who="0" ten="152,273,239,326" step="2"/><U56/><E112/><V79/><F127/><W4/><G113/><T21/><AGARI ba="2,1" hai="20,21,37,40,44,47,51,52,80,82,83,86,89,92" machi="21" ten="30,12000,2" yaku="1,1,2,1,0,1,52,2,54,1,53,0" doraHai="42" doraHaiUra="33" who="0" fromWho="0" sc="152,136,273,-62,239,-32,326,-32" /><INIT seed="2,0,0,1,2,4" ten="288,211,207,294" oya="2" hai0="123,47,117,91,12,61,84,120,88,35,46,125,69" hai1="96,97,23,3,131,8,72,25,27,75,134,106,110" hai2="62,94,99,44,68,28,121,58,81,43,87,42,16" hai3="0,24,56,29,37,113,103,19,93,114,39,64,51"/><V53/><F121/><W10/><G103/><T127/><D35/><U133/><E110/><V95/><F28/><W36/><G93/><T11/><D117/><U49/><E131/><V118/><F118/><W73/><G73/><N who="1" m="28234" /><E106/><V130/><F130/><W77/><G77/><T59/><D69/><U48/><E3/><V71/><F43/><W33/><G64/><N who="0" m="38975" /><D123/><U126/><E126/><N who="0" m="48137" /><D120/><U5/><E97/><V82/><F71/><W132/><G132/><N who="1" m="50794" /><E96/><V40/><F68/><W50/><G56/><T14/><D14/><N who="1" m="5391" /><E27/><V31/><F99/><W26/><G26/><T100/><D100/><U122/><E122/><V119/><F119/><W18/><G0/><T6/><D91/><U38/><E38/><V22/><F42/><W76/><G76/><T85/><D84/><U78/><E78/><V20/><F87/><W60/><G36/><T116/><D116/><U67/><E67/><V30/><F40/><W9/><G24/><T52/><D52/><U124/><E124/><V17/><F44/><W92/><G92/><AGARI ba="0,0" hai="6,11,12,46,47,85,88,92" m="48137,38975" machi="92" ten="30,3900,0" yaku="18,1,52,1,54,1" doraHai="4" who="0" fromWho="3" sc="288,39,211,0,207,0,294,-39" /><INIT seed="3,0,0,5,3,71" ten="327,211,207,255" oya="3" hai0="113,10,108,49,95,30,23,117,98,74,82,22,115" hai1="91,89,77,40,61,11,9,17,80,107,96,47,25" hai2="122,103,33,41,79,35,135,14,54,125,16,88,1" hai3="29,18,68,12,56,70,130,118,90,110,100,36,99"/><W38/><G118/><T86/><D74/><U32/><E61/><V45/><F1/><W114/><G114/><N who="0" m="43531" /><D117/><U21/><E32/><V48/><F135/><W106/><G90/><N who="1" m="34314" /><E107/><V112/><F112/><W6/><G6/><T120/><D120/><U58/><E58/><V84/><F122/><W39/><G29/><T3/><D108/><U132/><E132/><V24/><F125/><W111/><G56/><T13/><D3/><U59/><E59/><N who="2" m="33223" /><F103/><W34/><G34/><T50/><D86/><N who="1" m="48399" /><E96/><V75/><F75/><W66/><G130/><T60/><D82/><U28/><E28/><V94/><F79/><W51/><G51/><AGARI ba="0,0" hai="9,11,17,21,25,40,47,51" m="48399,34314" machi="51" ten="30,1000,0" yaku="8,1" doraHai="71" who="1" fromWho="3" sc="327,0,211,10,207,0,255,-10" owari="327,42.7,221,-17.9,207,-29.3,245,4.5" /></mjloggm>