<mjloggm ver="2.3"><GO type="225" lobby="0"/><UN n0="%72%69%6F%75%63%68%61%6E" n1="%E3%81%A4%E3%81%A3%E3%81%B1%E3%82%8A%E3%83%9D%E3%83%BC%E3%83%AB" n2="%E6%A1%9C%E8%8A%B1%E9%96%83%E3%80%85" n3="%E3%81%BD%E3%81%A1%E3%81%9F%E3%81%93%E3%82%84" dan="16,17,17,17" rate="2125.35,2257.34,2199.77,2176.00" sx="M,M,M,M"/><TAIKYOKU oya="0"/><INIT seed="0,0,0,2,0,122" ten="250,250,250,250" oya="0" hai0="43,66,14,60,109,28,0,52,100,120,76,92,27" hai1="74,55,39,107,58,35,84,73,121,99,45,20,93" hai2="51,63,106,82,129,108,59,44,123,71,1,110,62" hai3="16,7,26,8,34,131,113,19,114,11,69,91,133"/><T41/><D109/><N who="2" m="42090" /><F129/><W6/><G69/><T5/><D0/><U83/><E121/><V77/><F123/><W103/><G103/><T21/><D76/><U95/><E35/><V101/><F1/><N who="3" m="79" /><G91/><T128/><D128/><U94/><E20/><V130/><F71/><W85/><G85/><T87/><D120/><U126/><E126/><V9/><F9/><W25/><G131/><T2/><D2/><U22/><E22/><V105/><F130/><W12/><G133/><T97/><D52/><U132/><E132/><V30/><F30/><N who="3" m="19791" /><G26/><T98/><D87/><U18/><E84/><N who="2" m="48207" /><F101/><W79/><G79/><T89/><D5/><U61/><E74/><V134/><F134/><W119/><G119/><T115/><D115/><AGARI ba="0,0" hai="7,11,12,16,19,113,114,115" m="19791,79" machi="115" ten="30,3900,0" yaku="34,2,54,1" doraHai="122" who="3" fromWho="0" sc="250,-39,250,0,250,0,250,39" /><INIT seed="1,0,0,2,4,59" ten="211,250,250,289" oya="1" hai0="60,22,34,53,43,83,101,19,99,135,5,129,16" hai1="93,80,109,72,79,38,52,13,119,116,106,123,88" hai2="67,47,63,36,74,26,111,62,46,107,102,87,10" hai3="17,95,104,31,55,41,18,24,51,69,70,82,12"/><U115/><E38/><V118/><F74/><W127/><G104/><T132/><D129/><U125/><E115/><V3/><F118/><W28/><G127/><T134/><D34/><U73/><E125/><V40/><F111/><W71/><G41/><T29/><D5/><U86/><E13/><V75/><F87/><W45/><G95/><T44/><D83/><U126/><E126/><V97/><F46/><W49/><G49/><N who="0" m="26783" /><D29/><U1/><E52/><V121/><F121/><W122/><G122/><T133/><N who="0" m="33792" /><DORA hai="98" /><T33/><D33/><U90/><E1/><V112/><F112/><W120/><G120/><T37/><D37/><U27/><E27/><V94/><F75/><N who="1" m="28745" /><E123/><V35/><F107/><W57/><G82/><T76/><D76/><U96/><E106/><V42/><F42/><W100/><G45/><T48/><D60/><U9/><E9/><V68/><F62/><W54/><G24/><T56/><D22/><U6/><E6/><V30/><F10/><W66/><G12/><T8/><D8/><U15/><E15/><V23/><REACH who="2" step="1"/><F3/><REACH who="2" ten="211,250,240,289" step="2"/><W128/><G28/><T114/><D114/><U25/><E109/><V110/><F110/><W11/><G31/><T32/><D32/><AGARI ba="0,1" hai="23,26,30,32,35,36,40,47,63,67,68,94,97,102" machi="32" ten="40,8000,1" yaku="1,1,52,2,53,1" doraHai="59,98" doraHaiUra="14,58" who="2" fromWho="0" sc="211,-80,250,0,240,90,289,0" /><INIT seed="2,0,0,0,0,37" ten="131,250,330,289" oya="2" hai0="42,4,80,83,134,11,101,29,47,99,76,67,90" hai1="34,71,106,22,52,65,33,96,63,48,105,13,15" hai2="59,28,93,60,23,108,113,127,103,14,75,104,98" hai3="46,17,18,77,97,117,110,27,30,62,128,122,116"/><V135/><F113/><W51/><G122/><T70/><D134/><U26/><E34/><V94/><F135/><W9/><G110/><T72/><D29/><U41/><E41/><V118/><F118/><W12/><G128/><T58/><D70/><U45/><E33/><V19/><F127/><W78/><G18/><T7/><D83/><U25/><E25/><V35/><F75/><W124/><G124/><T38/><D90/><U120/><E120/><V66/><REACH who="2" step="1"/><F108/><REACH who="2" ten="131,250,320,289" step="2"/><W123/><G123/><T3/><D4/><U131/><E131/><V111/><F111/><W115/><G115/><T50/><D50/><U39/><E39/><V89/><F89/><W79/><G62/><T10/><D10/><U92/><E105/><V24/><AGARI ba="0,1" hai="14,19,23,24,28,35,59,60,66,93,94,98,103,104" machi="24" ten="30,3000,0" yaku="1,1,0,1,53,0" doraHai="37" doraHaiUra="86" who="2" fromWho="2" sc="131,-10,250,-10,320,40,289,-10" /><INIT seed="2,1,0,2,0,31" ten="121,240,360,279" oya="2" hai0="118,36,28,90,70,1,99,96,93,48,106,100,55" hai1="121,4,19,18,103,72,74,94,10,124,81,27,13" hai2="128,42,35,84,29,46,132,58,75,113,32,135,109" hai3="34,45,117,80,60,38,2,105,133,20,76,104,26"/><V7/><F75/><N who="3" m="43039" /><G20/><T25/><D118/><U95/><E124/><V123/><F113/><W39/><G133/><N who="2" m="51273" /><F128/><W41/><G117/><T129/><D129/><U101/><E121/><V30/><F109/><W37/><G60/><T97/><D36/><N who="3" m="13929" /><G2/><T130/><D130/><U120/><E120/><V89/><F7/><W23/><G23/><T68/><D1/><U57/><E72/><V63/><F123/><W86/><G86/><T119/><D97/><U92/><E74/><V110/><F110/><W11/><G11/><T77/><D77/><U24/><E81/><N who="2" m="49295" /><F29/><AGARI ba="1,0" hai="26,29,34,39,41,45,104,105" m="13929,43039" machi="29" ten="30,3900,0" yaku="33,2,52,1" doraHai="31" who="3" fromWho="2" sc="121,0,240,0,360,-42,279,42" /><INIT seed="3,0,0,4,3,40" ten="121,240,318,321" oya="3" hai0="67,103,53,48,98,15,112,85,1,90,44,25,82" hai1="122,91,107,18,43,84,104,45,37,133,47,128,54" hai2="79,9,60,111,120,114,61,99,29,83,63,69,125" hai3="115,129,134,119,106,117,110,7,96,46,12,51,66"/><W31/><G115/><T116/><D116/><U124/><E122/><V81/><F114/><W126/><G66/><T71/><D112/><U41/><E133/><V0/><F120/><W39/><G39/><T132/><D132/><U72/><E72/><V113/><F113/><W13/><G134/><T4/><D1/><U100/><E100/><V10/><F69/><W101/><G129/><T28/><D71/><U16/><E54/><V30/><F111/><W70/><G70/><T26/><D67/><U62/><E62/><V73/><F125/><W19/><G126/><T17/><D4/><U86/><E124/><V121/><F121/><W23/><G31/><N who="2" m="11785" /><F73/><W89/><G89/><T64/><D28/><U2/><E91/><V56/><F0/><W52/><G110/><T33/><D33/><U20/><E2/><V76/><F56/><W123/><G123/><T22/><REACH who="0" step="1"/><D64/><REACH who="0" ten="111,240,318,321" step="2"/><U57/><E18/><V78/><F99/><W127/><G127/><T50/><D50/><U14/><E16/><V105/><F105/><W35/><G35/><T5/><D5/><U58/><E107/><V75/><F75/><W131/><G131/><T24/><D24/><U108/><E104/><V42/><F42/><W94/><G106/><T97/><D97/><U55/><E43/><V109/><F109/><W88/><G101/><T59/><D59/><U93/><E57/><V8/><AGARI ba="0,1" hai="8,9,10,60,61,63,76,78,79,81,83" m="11785" machi="8" ten="40,8000,1" yaku="29,2,28,2,8,1" doraHai="40" who="2" fromWho="2" sc="111,-20,240,-20,318,90,321,-40" owari="91,-40.9,220,-18.0,408,50.8,281,8.1" /></mjloggm>