<mjloggm ver="2.3"><GO type="225" lobby="0"/><UN n0="%E3%81%BD%E3%81%A1%E3%81%9F%E3%81%93%E3%82%84" n1="%E3%82%A4%E3%83%BC%E3%82%B1%E3%83%97%E3%83%A9" n2="%E3%83%96%E3%83%83%E3%83%91%E3%82%AA%E3%83%96%E3%83%81%E3%82%AD%E3%83%B3" n3="%E9%A6%AC%E5%BC%95%E7%81%AB%33" dan="17,16,17,16" rate="2200.97,2110.09,2213.27,2085.19" sx="M,M,M,M"/><TAIKYOKU oya="0"/><INIT seed="0,0,0,4,4,36" ten="250,250,250,250" oya="0" hai0="81,128,25,62,118,43,49,127,13,46,86,84,119" hai1="42,89,14,105,57,73,79,59,72,53,134,112,87" hai2="15,0,12,129,16,78,52,41,113,111,35,63,95" hai3="110,20,7,94,27,10,77,3,22,4,107,29,37"/><T69/><D128/><U114/><E105/><V132/><F113/><N who="1" m="43625" /><E134/><V19/><F0/><W125/><G107/><T66/><D127/><U56/><E42/><V40/><F35/><W96/><G125/><T34/><D13/><U70/><E70/><V98/><F111/><W71/><G71/><T54/><D86/><U85/><E14/><V106/><F78/><W68/><G68/><T23/><D34/><U74/><E79/><V82/><F82/><W18/><G110/><T121/><D54/><U117/><E117/><V115/><F106/><W26/><G37/><T38/><D38/><U1/><E1/><V135/><F129/><W67/><G67/><T124/><D121/><U101/><E101/><N who="2" m="60639" /><F115/><W131/><G131/><T39/><D39/><U65/><E65/><V24/><F24/><W88/><G77/><T61/><D61/><N who="1" m="35983" /><E87/><V83/><F135/><W93/><G93/><AGARI ba="0,0" hai="57,59,72,73,74,85,89,93" m="35983,43625" machi="93" ten="40,1300,0" yaku="11,1" doraHai="36" who="1" fromWho="3" sc="250,0,250,13,250,0,250,-13" /><INIT seed="1,0,0,4,2,72" ten="250,263,250,237" oya="1" hai0="133,63,74,93,124,134,57,99,64,103,46,110,0" hai1="80,31,42,90,37,22,15,44,41,54,67,34,105" hai2="130,86,23,114,19,59,104,131,9,91,1,24,12" hai3="61,111,5,43,126,52,39,30,101,51,123,85,75"/><U120/><E120/><V33/><F114/><W68/><G123/><T107/><D110/><U122/><E122/><V102/><F104/><W87/><G75/><T3/><D124/><U125/><E125/><V45/><F102/><W56/><G126/><T132/><D74/><U28/><E105/><V40/><F59/><W83/><G111/><T109/><D109/><U13/><E67/><V17/><F33/><W36/><G30/><T11/><D11/><U97/><E34/><V65/><F1/><W73/><G101/><T92/><D46/><U117/><E117/><V78/><F65/><N who="3" m="41007" /><G5/><T71/><D71/><U32/><E32/><V94/><REACH who="2" step="1"/><F78/><REACH who="2" ten="250,263,240,237" step="2"/><N who="3" m="44495" /><G39/><AGARI ba="0,1" hai="9,12,17,19,23,24,39,40,45,86,91,94,130,131" machi="39" ten="40,2600,0" yaku="1,1,53,1" doraHai="72" doraHaiUra="88" who="2" fromWho="3" sc="250,0,263,0,240,36,237,-26" /><INIT seed="2,0,0,1,0,106" ten="250,263,276,211" oya="2" hai0="65,22,101,67,62,19,37,95,119,39,73,108,97" hai1="55,68,135,6,133,86,18,58,120,33,72,121,112" hai2="90,134,23,70,114,36,3,105,124,75,116,115,50" hai3="88,96,1,122,85,107,14,8,28,12,29,103,104"/><V31/><RYUUKYOKU type="yao9" ba="0,0" sc="250,0,263,0,276,0,211,0" hai2="3,23,31,36,50,70,75,90,105,114,115,116,124,134" /><INIT seed="2,1,0,5,3,68" ten="250,263,276,211" oya="2" hai0="122,67,108,64,131,14,81,70,116,100,8,123,60" hai1="10,9,2,119,1,86,79,51,85,11,57,33,107" hai2="94,69,19,18,111,92,50,30,13,43,112,97,74" hai3="38,22,34,80,52,31,3,20,117,26,16,113,29"/><V99/><F112/><W102/><G117/><T66/><D116/><U115/><E119/><V44/><F74/><W28/><G3/><T91/><D108/><U55/><E115/><V110/><F69/><W109/><G113/><T58/><D131/><U87/><E33/><V61/><F61/><W27/><G109/><N who="2" m="41481" /><F30/><W106/><G38/><T0/><D0/><U65/><E107/><V63/><F63/><W47/><G80/><T101/><D70/><U88/><E79/><V73/><F73/><W53/><G47/><T23/><D23/><U12/><E65/><N who="0" m="25193" /><D123/><U130/><E130/><V49/><F49/><W105/><G31/><T35/><D35/><U5/><E2/><V54/><F43/><W42/><G42/><T120/><D120/><U135/><E135/><V103/><F13/><W40/><G40/><T75/><D75/><U125/><E125/><V89/><AGARI ba="1,0" hai="18,19,44,50,54,89,92,94,97,99,103" m="41481" machi="89" ten="30,3000,0" yaku="14,1,10,1" doraHai="68" who="2" fromWho="2" sc="250,-11,263,-11,276,33,211,-11" /><INIT seed="2,2,0,3,2,57" ten="239,252,309,200" oya="2" hai0="52,78,40,66,82,75,106,108,77,41,81,54,46" hai1="35,92,90,26,27,128,69,53,83,86,47,107,101" hai2="2,111,19,18,24,104,129,74,98,100,39,42,62" hai3="99,8,33,67,3,120,124,28,109,122,110,65,29"/><V68/><F74/><W94/><G3/><T102/><D108/><N who="3" m="41577" /><G8/><T13/><D66/><N who="3" m="25097" /><G99/><T132/><D132/><U73/><E69/><V31/><F111/><W123/><G94/><T58/><D106/><U38/><E128/><V50/><F2/><W61/><G124/><T114/><D102/><U97/><E35/><N who="2" m="20967" /><F39/><W117/><G117/><T113/><D13/><U64/><E64/><N who="2" m="40983" /><F129/><W44/><G44/><AGARI ba="2,0" hai="18,19,42,44,50,98,100,104" m="40983,20967" machi="44" ten="30,2900,0" yaku="25,1,52,1" doraHai="57" who="2" fromWho="3" sc="239,0,252,0,309,35,200,-35" /><INIT seed="2,3,0,2,5,29" ten="239,252,344,165" oya="2" hai0="67,6,20,85,66,78,63,64,8,130,13,117,55" hai1="90,14,7,33,30,123,46,102,19,0,34,49,40" hai2="113,51,1,12,88,68,25,58,32,2,71,44,9" hai3="5,43,54,119,57,105,127,23,41,36,16,125,45"/><V109/><F113/><W132/><G119/><T26/><D117/><U98/><E123/><V95/><F58/><W75/><G132/><T87/><D130/><U11/><E90/><V86/><F109/><W121/><G121/><T129/><D129/><U124/><E124/><V50/><F71/><W10/><G105/><T18/><D78/><U77/><E77/><V3/><F68/><W37/><G75/><T24/><D24/><U47/><E47/><V92/><F92/><W70/><G70/><T42/><D42/><U122/><E30/><V84/><F84/><N who="0" m="32330" /><D55/><U83/><E83/><V73/><F73/><W106/><G106/><T60/><AGARI ba="3,0" hai="6,8,13,18,20,26,60,63,64,66,67" m="32330" machi="60" ten="30,1100,0" yaku="8,1" doraHai="29" who="0" fromWho="0" sc="239,20,252,-6,344,-8,165,-6" /><INIT seed="3,0,0,2,1,103" ten="259,246,336,159" oya="3" hai0="76,14,92,30,109,0,130,59,113,107,131,83,119" hai1="134,42,118,19,35,49,58,127,77,13,22,54,115" hai2="95,88,93,25,27,33,66,71,125,47,70,97,90" hai3="101,98,26,116,16,105,114,11,84,60,63,111,82"/><W91/><G114/><T80/><D0/><U69/><E115/><V38/><F125/><W122/><G122/><T48/><D113/><U73/><E35/><V28/><F66/><W21/><G116/><T17/><D119/><U62/><E118/><V126/><F126/><W72/><G111/><T53/><D109/><U64/><E127/><V18/><F38/><W9/><REACH who="3" step="1"/><G72/><REACH who="3" ten="259,246,336,149" step="2"/><T3/><D131/><U128/><E128/><V12/><F47/><W78/><G78/><T10/><D76/><U55/><E134/><V104/><F27/><W39/><G39/><T96/><D130/><U79/><E73/><V120/><F120/><W34/><G34/><T29/><D3/><U5/><E42/><V32/><F32/><W65/><G65/><T57/><D107/><U37/><E37/><V7/><F104/><W110/><G110/><T56/><D30/><U89/><E77/><V23/><F7/><W129/><G129/><T43/><D29/><U108/><E79/><V100/><F90/><W94/><G94/><T75/><D75/><U132/><E108/><V68/><F68/><W46/><G46/><N who="0" m="27799" /><D43/><U124/><E132/><V41/><F41/><W87/><G87/><AGARI ba="0,1" hai="12,18,23,25,28,33,70,71,87,88,93,95,97,100" machi="87" ten="30,2000,0" yaku="7,1,54,1" doraHai="103" who="2" fromWho="3" sc="259,0,246,0,336,30,149,-20" owari="259,5.9,246,-15.4,366,46.6,129,-37.1" /></mjloggm>