<mjloggm ver="2.3"><GO type="225" lobby="0"/><UN n0="%33%74%72%65%65" n1="%E3%81%BF%E3%81%BF%E3%81%9A" n2="%70%68%65%6E%6F%6D%65" n3="%E6%98%93%E5%88%A9%E8%96%A9%E4%BC%AF" dan="16,17,16,17" rate="2109.14,2197.31,2159.24,2137.32" sx="F,M,M,F"/><TAIKYOKU oya="0"/><INIT seed="0,0,0,3,5,113" ten="250,250,250,250" oya="0" hai0="48,36,37,2,11,87,32,133,83,77,116,115,108" hai1="126,19,70,99,21,89,33,46,55,56,10,67,0" hai2="74,98,112,81,50,59,78,75,43,71,69,134,72" hai3="34,61,41,51,93,73,40,44,38,23,123,85,58"/><T29/><D115/><U122/><E122/><V13/><F112/><W14/><G73/><T117/><D133/><U9/><E33/><V84/><F134/><W80/><G34/><T8/><D48/><U16/><E126/><V92/><F13/><W109/><G109/><T132/><D132/><U22/><E70/><V65/><F65/><W31/><G123/><T100/><D100/><U30/><E30/><V27/><F27/><W68/><G68/><T24/><D108/><U107/><E0/><V82/><F81/><W101/><G38/><N who="0" m="14955" /><D87/><U62/><E107/><V131/><F131/><W18/><G31/><T120/><D11/><U26/><E46/><V96/><F96/><W57/><G41/><T118/><D120/><U66/><E9/><V91/><REACH who="2" step="1"/><F59/><REACH who="2" ten="250,250,240,250" step="2"/><W4/><G4/><N who="0" m="1047" /><D118/><U97/><E10/><V111/><F111/><W1/><G1/><T12/><D12/><N who="1" m="9351" /><E97/><V105/><F105/><W94/><G101/><T130/><D130/><U124/><E124/><V42/><F42/><W63/><G58/><T88/><D117/><U64/><E66/><V119/><F119/><W20/><G57/><T39/><D116/><U6/><E6/><V3/><F3/><W86/><G80/><T79/><D24/><U5/><E5/><V35/><F35/><W103/><G103/><T128/><D128/><U106/><E106/><V15/><F15/><W129/><G129/><T45/><D32/><U90/><E99/><V114/><F114/><W60/><G23/><T125/><D125/><U135/><E135/><V110/><F110/><W17/><G17/><T121/><D121/><RYUUKYOKU ba="0,1" sc="250,-30,250,10,240,10,250,10" hai1="19,22,26,55,56,62,64,67,89,90" hai2="43,50,69,71,72,74,75,78,82,84,91,92,98" hai3="14,18,20,40,44,51,60,61,63,85,86,93,94" /><INIT seed="1,1,1,0,5,91" ten="220,260,250,260" oya="1" hai0="97,128,72,22,101,83,50,63,26,118,14,92,35" hai1="21,11,124,40,100,6,134,1,135,108,85,48,3" hai2="90,93,29,5,115,70,42,49,125,15,65,122,43" hai3="94,57,89,129,38,88,55,123,54,10,34,79,95"/><U33/><E33/><V130/><F122/><W75/><G123/><T12/><D118/><U86/><E124/><V77/><F125/><W0/><G38/><T51/><D128/><U126/><E126/><V132/><F130/><W109/><G34/><T28/><D63/><U39/><E39/><V99/><F132/><N who="1" m="50729" /><E108/><V62/><F115/><W121/><G129/><T53/><D50/><U13/><E100/><V64/><F64/><W30/><G30/><T73/><D35/><U17/><E1/><V56/><F77/><W25/><G109/><T113/><D113/><U119/><E119/><V107/><F107/><W78/><G25/><T60/><D60/><U61/><E61/><V112/><F29/><W44/><G75/><T103/><D103/><U24/><E3/><V20/><F112/><W114/><G114/><T76/><REACH who="0" step="1"/><D73/><REACH who="0" ten="210,260,250,260" step="2"/><U23/><E48/><V87/><F49/><N who="3" m="28967" /><G121/><T117/><D117/><U127/><E127/><V67/><F65/><W8/><G0/><T59/><AGARI ba="1,2" hai="12,14,22,26,28,51,53,59,72,76,83,92,97,101" machi="59" ten="20,8000,1" yaku="1,1,0,1,7,1,52,1,53,1" doraHai="91" doraHaiUra="74" who="0" fromWho="0" sc="210,103,260,-41,250,-21,260,-21" /><INIT seed="2,0,0,4,1,103" ten="313,219,229,239" oya="2" hai0="73,51,3,88,20,39,61,53,40,127,118,35,79" hai1="121,18,57,90,58,6,48,78,36,83,104,113,44" hai2="75,27,13,32,54,129,15,2,0,49,115,62,63" hai3="4,50,122,67,72,112,30,23,135,130,56,26,21"/><V12/><F115/><W93/><G122/><T92/><D35/><U5/><E113/><V96/><F75/><W42/><G112/><T77/><D127/><U52/><E121/><V119/><F119/><W114/><G114/><T31/><D118/><U111/><E111/><V33/><F129/><W16/><G72/><T34/><D73/><U134/><E134/><V124/><F124/><W66/><G135/><T11/><D34/><U74/><E104/><V69/><F96/><W85/><G4/><T38/><D38/><U98/><E18/><V84/><F84/><W99/><G85/><T100/><D100/><U41/><REACH who="1" step="1"/><E58/><REACH who="1" ten="313,209,229,239" step="2"/><V76/><F69/><W19/><G130/><T37/><D31/><U28/><E28/><V87/><F27/><W128/><G128/><T120/><D120/><U109/><E109/><V65/><F33/><W68/><G68/><T117/><D117/><U60/><E60/><V1/><F32/><W17/><G23/><T126/><D61/><U71/><E71/><V43/><F65/><W8/><G8/><T97/><D20/><U107/><E107/><V10/><F62/><W89/><G56/><T45/><D126/><U102/><E102/><V24/><F63/><W91/><G67/><T132/><D132/><U105/><E105/><V55/><F24/><W25/><G66/><T9/><D9/><U64/><E64/><V47/><REACH who="2" step="1"/><F10/><REACH who="2" ten="313,209,219,239" step="2"/><W82/><G26/><T133/><D133/><U125/><E125/><V101/><F101/><W46/><G30/><T108/><D11/><U110/><E110/><V81/><AGARI ba="0,2" hai="0,1,2,12,13,15,43,47,49,54,55,76,81,87" machi="81" ten="40,7800,0" yaku="1,1,0,1,53,1" doraHai="103" doraHaiUra="80" who="2" fromWho="2" sc="313,-26,209,-26,219,98,239,-26" /><INIT seed="2,1,0,1,1,102" ten="287,183,317,213" oya="2" hai0="45,132,115,15,76,55,96,23,34,118,119,99,20" hai1="11,27,83,53,81,67,46,71,48,61,29,77,103" hai2="91,120,92,121,80,17,31,25,107,7,78,129,32" hai3="86,123,39,22,28,33,18,68,62,58,63,50,70"/><V109/><F129/><W56/><G39/><T95/><D115/><U117/><E117/><V5/><F109/><W100/><G123/><T0/><D0/><U64/><E64/><V16/><F107/><W85/><G33/><T75/><D34/><U127/><E127/><V128/><F128/><W114/><G28/><T97/><D95/><U43/><E11/><V1/><F121/><W54/><G100/><T93/><D93/><U87/><E103/><V104/><F104/><W12/><G114/><T98/><D98/><U13/><E13/><V4/><F1/><W122/><G122/><T14/><D76/><U111/><E111/><V108/><F108/><W44/><G70/><T60/><D75/><U9/><E9/><V105/><F105/><W133/><G68/><T51/><D60/><U41/><REACH who="1" step="1"/><E83/><REACH who="1" ten="287,173,317,213" step="2"/><V36/><F120/><W59/><G133/><T130/><D132/><U10/><E10/><V82/><F80/><W2/><G2/><T84/><D119/><U79/><E79/><V112/><F112/><W126/><G126/><T35/><D14/><U113/><E113/><V73/><REACH who="2" step="1"/><F36/><REACH who="2" ten="287,173,307,213" step="2"/><W42/><G63/><T19/><D118/><U8/><E8/><V30/><F30/><W6/><G6/><T37/><D37/><U116/><E116/><V49/><F49/><W38/><REACH who="3" step="1"/><G62/><REACH who="3" ten="287,173,307,203" step="2"/><T72/><D130/><U88/><E88/><V125/><F125/><W106/><G106/><T26/><D51/><U65/><E65/><V135/><F135/><W69/><G69/><T3/><D3/><U52/><E52/><V89/><F89/><W124/><G124/><RYUUKYOKU ba="1,3" sc="287,-30,173,10,307,10,203,10" hai1="27,29,41,43,46,48,53,61,67,71,77,81,87" hai2="4,5,7,16,17,25,31,32,73,78,82,91,92" hai3="12,18,22,38,42,44,50,54,56,58,59,85,86" /><INIT seed="2,2,3,4,3,4" ten="257,183,317,213" oya="2" hai0="63,95,19,76,114,104,55,90,129,116,84,26,117" hai1="11,69,20,74,132,61,38,85,7,14,98,121,39" hai2="60,110,67,97,64,50,36,57,86,113,130,119,23" hai3="54,8,18,115,70,59,101,80,78,49,42,45,127"/><V46/><F113/><W35/><G35/><T108/><D114/><U91/><E74/><V92/><F119/><N who="0" m="45642" /><D108/><U51/><E132/><V112/><F112/><W68/><G127/><T33/><D129/><U52/><E121/><V24/><F130/><W100/><G115/><T0/><D104/><U41/><E41/><V25/><F110/><W106/><G106/><T122/><D122/><U22/><E98/><V93/><F36/><W134/><G134/><T103/><D103/><U9/><E69/><V6/><F6/><W107/><G107/><T1/><D76/><U31/><E61/><V32/><F67/><W65/><G65/><T21/><D33/><U47/><E11/><V123/><F32/><W82/><G70/><T58/><AGARI ba="2,3" hai="0,1,19,21,26,55,58,63,84,90,95" m="45642" machi="58" ten="30,1100,0" yaku="12,1" doraHai="4" who="0" fromWho="0" sc="257,47,183,-5,317,-7,213,-5" /><INIT seed="3,0,0,2,3,85" ten="304,178,310,208" oya="3" hai0="0,2,88,120,84,43,26,21,44,131,113,60,45" hai1="37,97,25,34,79,119,134,110,114,74,109,127,133" hai2="46,96,89,35,83,39,77,135,23,6,104,86,17" hai3="90,5,81,13,132,32,53,68,130,91,40,19,49"/><W55/><G68/><T121/><D131/><U94/><E37/><V62/><F135/><N who="1" m="51721" /><E34/><V72/><F35/><W125/><G132/><T7/><D113/><U11/><E25/><V128/><F6/><W4/><G32/><T20/><D60/><U99/><E11/><V18/><F62/><W107/><G107/><T118/><D118/><U92/><E114/><V95/><F128/><W87/><G125/><T80/><D21/><U15/><E15/><V82/><F104/><W24/><G24/><T14/><D14/><U1/><E1/><V41/><F23/><W111/><G111/><N who="1" m="42506" /><E127/><V33/><F33/><W101/><G101/><AGARI ba="0,0" hai="17,18,39,41,46,72,77,82,83,86,89,95,96,101" machi="101" ten="30,2000,0" yaku="7,1,52,1" doraHai="85" who="2" fromWho="3" sc="304,0,178,0,310,20,208,-20" owari="304,10.4,178,-32.2,330,43.0,188,-21.2" /></mjloggm>