<mjloggm ver="2.3"><GO type="225" lobby="0"/><UN n0="%E3%81%8B%E3%82%8F%E3%81%A1%E3%82%83%E3%82%93%35%38" n1="%E3%81%93%E3%81%9F%E3%82%8D%E3%81%86%E3%81%8F%E3%82%93" n2="%E7%99%BD%E5%80%89%E5%AF%9B%E4%B9%8B" n3="%E3%81%95%E3%81%8D%E3%81%9F%E3%81%BE%E6%9E%97%E6%AA%8E" dan="16,16,16,16" rate="2142.31,2063.70,2133.94,2124.75" sx="M,M,M,M"/><TAIKYOKU oya="0"/><INIT seed="0,0,0,0,0,78" ten="250,250,250,250" oya="0" hai0="118,127,66,0,114,13,30,93,15,113,6,77,96" hai1="37,130,46,40,65,73,62,94,91,23,100,123,18" hai2="124,102,76,61,27,131,26,128,20,133,54,19,97" hai3="34,29,86,16,111,35,32,3,87,21,116,36,8"/><T63/><D118/><U119/><E130/><N who="2" m="49707" /><F76/><W88/><G36/><T117/><D117/><U72/><E100/><V57/><F124/><W125/><G116/><T85/><D127/><U79/><E123/><V41/><F41/><W103/><G125/><T95/><D0/><U33/><E33/><V104/><F133/><W50/><G103/><T7/><D30/><U134/><E134/><V52/><F27/><W109/><G86/><T31/><D31/><U110/><E110/><N who="3" m="41994" /><G50/><T38/><D38/><U44/><E44/><V129/><N who="2" m="49715" /><V42/><DORA hai="47" /><F42/><W25/><G3/><T45/><D45/><U60/><E60/><V81/><F81/><N who="3" m="49263" /><G8/><T121/><D121/><U24/><E79/><V51/><F54/><W58/><G58/><T69/><D77/><U74/><E119/><V10/><F10/><W92/><G92/><T64/><D63/><AGARI ba="0,0" hai="19,20,26,51,52,57,61,63,97,102,104" m="49715" machi="63" ten="40,5200,0" yaku="19,1,52,1,54,1" doraHai="78,47" who="2" fromWho="0" sc="250,-52,250,0,250,52,250,0" /><INIT seed="1,0,0,4,0,70" ten="198,250,302,250" oya="1" hai0="65,16,106,75,69,45,71,14,128,105,96,98,49" hai1="107,120,11,36,58,21,115,31,61,51,109,47,59" hai2="41,43,15,91,92,63,40,42,116,111,97,46,132" hai3="134,28,114,121,66,99,57,83,24,86,26,131,55"/><U117/><E117/><V110/><F132/><W74/><G114/><T19/><D75/><U25/><E115/><V18/><F116/><W0/><G121/><T94/><D128/><U103/><E120/><V123/><F63/><W8/><G134/><T3/><D3/><U1/><E109/><N who="2" m="41483" /><F123/><W9/><G74/><T2/><D2/><U64/><E107/><V27/><F27/><W135/><G135/><T93/><D105/><U10/><E103/><V90/><F43/><W130/><G66/><T84/><D106/><U20/><E1/><V17/><F91/><W7/><G99/><T29/><D29/><U124/><E124/><V56/><F56/><W37/><G26/><T101/><D84/><U127/><E127/><V125/><F18/><W79/><G24/><T6/><D65/><U76/><E76/><V52/><F52/><W85/><G55/><T50/><D6/><U53/><REACH who="1" step="1"/><E21/><REACH who="1" ten="198,240,302,250" step="2"/><N who="2" m="11455" /><F125/><W34/><G131/><T122/><D122/><U33/><E33/><V126/><F126/><W23/><G34/><T113/><D113/><U5/><E5/><V112/><F112/><W72/><G7/><T67/><D101/><U4/><E4/><V48/><AGARI ba="0,1" hai="40,41,42,46,48,90,92,97" m="11455,41483" machi="48" ten="30,1100,0" yaku="14,1" doraHai="70" who="2" fromWho="2" sc="198,-3,240,-5,302,21,250,-3" /><INIT seed="2,0,0,0,1,117" ten="195,235,323,247" oya="2" hai0="39,122,6,21,9,76,36,72,53,57,43,5,119" hai1="8,67,107,96,118,55,120,62,135,14,100,105,85" hai2="51,28,20,15,12,80,124,10,123,73,77,58,97" hai3="59,84,65,18,109,2,88,66,60,41,98,25,24"/><V90/><F124/><W108/><G2/><T46/><D119/><U115/><E118/><V45/><F123/><W34/><G41/><T42/><D21/><U81/><E115/><V125/><F125/><W82/><G34/><T54/><D76/><U91/><E135/><V56/><F15/><W112/><G112/><T92/><D92/><U70/><E55/><N who="0" m="21001" /><D9/><U19/><REACH who="1" step="1"/><E105/><REACH who="1" ten="195,225,323,247" step="2"/><V99/><F45/><W40/><G40/><N who="0" m="15403" /><D72/><U95/><E95/><V129/><F73/><W104/><G104/><T11/><D46/><U75/><E75/><V106/><F106/><W116/><G116/><T29/><D11/><U101/><E101/><V128/><F10/><W4/><G82/><T110/><D110/><U30/><E30/><V87/><F80/><W86/><G109/><T113/><D29/><U31/><E31/><V27/><F28/><W111/><G111/><T23/><D113/><U3/><E3/><V71/><F129/><W49/><G108/><T35/><D23/><U79/><E79/><V69/><F20/><W32/><G32/><T94/><D94/><U74/><E74/><V16/><F77/><W13/><G88/><T130/><D35/><U61/><E61/><V78/><F90/><W50/><G60/><T132/><D130/><U127/><E127/><V64/><F128/><W0/><G0/><T22/><D22/><U33/><E33/><V102/><F78/><W37/><G13/><T103/><D103/><U1/><E1/><V133/><F102/><W47/><G25/><T7/><D132/><U52/><E52/><V114/><F133/><W63/><G24/><RYUUKYOKU ba="0,1" sc="195,-10,225,30,323,-10,247,-10" hai1="8,14,19,62,67,70,81,85,91,96,100,107,120" /><INIT seed="3,1,1,4,5,92" ten="185,255,313,237" oya="3" hai0="112,115,75,53,38,62,69,50,56,59,40,58,123" hai1="106,100,102,105,85,10,129,117,64,3,7,71,128" hai2="28,48,29,4,96,116,72,31,122,13,118,32,42" hai3="80,131,8,47,49,93,110,30,23,111,14,127,55"/><W88/><G127/><T114/><D75/><U73/><E117/><V83/><F122/><W74/><G131/><N who="1" m="50250" /><E85/><V37/><F32/><W63/><G63/><T39/><D123/><U24/><E24/><V120/><F120/><W101/><G101/><N who="1" m="39018" /><E73/><V135/><F72/><W91/><G30/><T54/><D69/><U52/><E52/><N who="0" m="20073" /><D62/><AGARI ba="1,1" hai="3,7,10,62,64,71,105,106" m="39018,50250" machi="62" ten="30,1000,0" yaku="19,1" doraHai="92" who="1" fromWho="0" sc="185,-13,255,23,313,0,237,0" owari="172,-32.8,278,7.8,313,41.3,237,-16.3" /></mjloggm>