<mjloggm ver="2.3"><GO type="225" lobby="0"/><UN n0="%E6%B8%A9%E2%98%85%E6%83%85%E2%98%85%E6%8E%AA%E2%98%85%E7%BD%AE" n1="%E7%9A%AE%E3%80%85" n2="%E6%98%93%E5%88%A9%E8%96%A9%E4%BC%AF" n3="%E3%81%AF%E3%82%88%E3%81%8A%E3%81%98%E3%81%95%E3%82%93" dan="17,16,16,17" rate="2181.00,2076.00,2165.20,2145.16" sx="M,M,F,M"/><TAIKYOKU oya="0"/><INIT seed="0,0,0,2,3,79" ten="250,250,250,250" oya="0" hai0="18,78,20,58,14,5,55,0,98,91,84,120,22" hai1="3,50,35,115,89,27,41,133,31,71,94,60,51" hai2="109,65,21,93,99,54,82,127,126,68,15,87,2" hai3="44,62,7,97,63,64,25,114,59,16,74,52,85"/><T72/><D120/><U69/><E133/><V43/><F2/><W111/><G74/><T53/><D0/><U102/><E3/><V19/><F43/><W81/><G111/><T119/><D119/><U56/><E115/><V37/><F37/><W130/><G130/><T110/><D110/><U38/><E102/><V48/><F109/><W104/><G114/><T13/><D72/><U96/><E38/><V135/><F68/><W36/><G7/><T77/><D98/><U123/><E123/><V34/><F34/><W76/><G36/><T26/><D55/><U112/><E112/><V29/><F29/><W107/><G97/><T12/><D5/><U121/><E121/><V125/><F65/><W46/><G104/><T33/><D33/><U66/><REACH who="1" step="1"/><E51/><REACH who="1" ten="250,240,250,250" step="2"/><V8/><F135/><W6/><G107/><T17/><D13/><U30/><E30/><V61/><F48/><W45/><G6/><T40/><D26/><U83/><E83/><V1/><F1/><W24/><REACH who="3" step="1"/><G16/><REACH who="3" ten="250,240,250,240" step="2"/><T10/><D18/><U57/><E57/><AGARI ba="0,2" hai="24,25,44,45,46,52,57,59,62,63,64,76,81,85" machi="57" ten="40,8000,1" yaku="1,1,2,1,8,1,52,1,54,1,53,0" doraHai="79" doraHaiUra="103" who="3" fromWho="1" sc="250,0,240,-80,250,0,240,100" /><INIT seed="1,0,0,1,5,49" ten="250,160,250,340" oya="1" hai0="95,45,73,107,38,10,69,128,108,65,118,98,72" hai1="78,70,39,18,56,104,103,112,106,115,84,24,28" hai2="57,105,23,54,46,94,114,0,58,5,33,41,88" hai3="61,14,135,121,111,20,126,19,86,16,90,11,119"/><U133/><E70/><V53/><F33/><W109/><G121/><T91/><D118/><U74/><E39/><V82/><F105/><N who="1" m="40553" /><E56/><V97/><F114/><N who="1" m="43561" /><E18/><V64/><F64/><W92/><G119/><T113/><D65/><U60/><E60/><V52/><F82/><W7/><G126/><T93/><D69/><U21/><E21/><V6/><F23/><W32/><G32/><T35/><D35/><U120/><E24/><V76/><F76/><W43/><G135/><T3/><D45/><U80/><E28/><V4/><REACH who="2" step="1"/><F0/><REACH who="2" ten="250,160,240,340" step="2"/><W81/><G81/><T99/><D3/><U26/><E26/><V44/><F44/><W37/><G20/><T50/><D113/><U116/><E116/><V30/><F30/><W40/><G109/><T36/><D108/><U130/><E120/><V48/><AGARI ba="0,1" hai="4,5,6,41,46,48,52,53,54,57,58,88,94,97" machi="48" ten="30,16000,3" yaku="1,1,0,1,8,1,52,3,54,2,53,1" doraHai="49" doraHaiUra="85" who="2" fromWho="2" sc="250,-40,160,-80,240,170,340,-40" /><INIT seed="2,0,0,5,3,26" ten="210,80,410,300" oya="2" hai0="38,17,111,57,3,34,47,127,59,100,69,120,92" hai1="96,65,58,126,85,104,77,44,46,50,12,135,80" hai2="52,54,132,75,6,108,9,76,40,121,13,11,68" hai3="24,32,53,84,105,94,4,71,95,49,78,7,63"/><V66/><F121/><W20/><G105/><T107/><D120/><U125/><E135/><V60/><F132/><W2/><G32/><T117/><D107/><U0/><E0/><V114/><F114/><W22/><G71/><T130/><D69/><U87/><E87/><V14/><F108/><W51/><G2/><T27/><D3/><U8/><E96/><V128/><F128/><W90/><G78/><T91/><D100/><U82/><E82/><V86/><F75/><W42/><G94/><T109/><D117/><U23/><E104/><V19/><REACH who="2" step="1"/><F40/><REACH who="2" ten="210,80,400,300" step="2"/><W28/><G42/><T62/><D130/><U35/><E35/><V72/><F72/><W115/><G115/><T25/><D34/><U61/><E23/><V64/><F64/><W134/><G134/><T33/><D33/><U29/><E29/><V74/><F74/><W97/><G22/><T41/><D41/><U21/><E21/><V70/><F70/><W36/><G20/><T101/><D111/><U102/><E102/><V15/><F15/><W93/><G28/><T98/><D101/><U133/><E133/><V88/><F88/><W119/><G90/><T67/><D91/><U106/><E106/><V113/><F113/><W83/><G119/><T118/><D118/><U18/><REACH who="1" step="1"/><E50/><REACH who="1" ten="210,70,400,300" step="2"/><V56/><F56/><W124/><G51/><T55/><D59/><U5/><E5/><V39/><F39/><W89/><G36/><T1/><D38/><U81/><E81/><AGARI ba="0,2" hai="6,9,11,13,14,19,52,54,60,66,68,76,81,86" machi="81" ten="40,3900,0" yaku="1,1,54,1,53,0" doraHai="26" doraHaiUra="30" who="2" fromWho="1" sc="210,0,70,-39,400,59,300,0" /><INIT seed="2,1,0,4,3,71" ten="210,31,459,300" oya="2" hai0="121,53,55,118,46,21,126,60,124,48,42,125,69" hai1="72,120,132,79,92,14,9,110,24,106,8,6,27" hai2="51,128,80,77,26,83,37,22,28,68,98,64,84" hai3="130,104,45,47,34,135,58,61,119,43,33,134,52"/><V96/><F37/><W109/><G119/><T115/><D21/><U114/><E106/><V54/><F128/><W97/><G130/><T127/><N who="0" m="31744" /><DORA hai="81" /><T88/><D88/><U20/><E92/><V57/><F68/><W30/><G109/><T38/><D118/><U0/><E79/><V59/><F83/><W111/><G111/><T32/><D32/><U133/><E72/><V107/><F107/><W1/><G1/><T78/><D78/><U85/><E85/><V102/><F102/><W29/><G34/><T17/><D17/><U100/><E100/><V25/><F25/><W90/><G47/><T19/><D19/><U15/><E110/><V3/><F3/><W73/><G73/><T75/><D75/><U93/><E93/><V131/><F131/><W86/><G97/><T129/><D129/><U74/><E74/><V18/><F18/><W108/><G104/><T36/><D121/><U70/><E70/><V117/><F117/><W76/><G76/><T56/><D115/><U11/><E114/><V94/><F94/><N who="3" m="54615" /><G33/><T12/><D12/><N who="1" m="4651" /><E120/><V67/><F98/><W35/><G35/><T112/><D112/><U4/><E0/><V31/><F31/><W65/><G65/><N who="2" m="25161" /><F96/><W40/><G108/><T116/><D116/><U66/><E66/><V16/><F28/><N who="3" m="10859" /><G45/><AGARI ba="1,0" hai="16,22,26,45,51,54,57,59,77,80,84" m="25161" machi="45" ten="30,5800,0" yaku="8,1,52,1,54,1" doraHai="71,81" who="2" fromWho="3" sc="210,0,31,0,459,61,300,-61" /><INIT seed="2,2,0,5,4,37" ten="210,31,520,239" oya="2" hai0="126,14,116,45,93,29,63,133,94,85,92,51,62" hai1="49,88,18,58,42,95,87,12,134,50,114,109,35" hai2="131,100,120,96,78,80,57,75,124,0,119,65,21" hai3="67,106,48,115,1,47,73,23,128,90,41,104,27"/><V111/><F119/><W103/><G1/><T76/><D133/><U71/><E35/><V16/><F0/><W5/><G5/><T55/><D126/><U32/><E32/><V70/><F120/><W112/><G73/><T79/><D116/><U11/><E114/><N who="3" m="43562" /><G128/><T52/><D29/><U86/><E71/><V19/><F70/><W97/><G67/><T69/><D69/><U132/><E109/><V7/><F131/><W4/><G4/><T60/><D14/><U30/><E30/><V26/><F124/><W8/><G8/><T39/><D39/><U72/><E72/><V99/><F111/><W108/><G108/><T15/><D15/><U43/><E86/><V89/><F7/><W123/><G90/><T91/><REACH who="0" step="1"/><D55/><REACH who="0" ten="200,31,520,239" step="2"/><N who="1" m="32111" /><E50/><V121/><F121/><W10/><G123/><T40/><D40/><N who="1" m="15403" /><E134/><V36/><F36/><W28/><G10/><T129/><D129/><U110/><E132/><V34/><F34/><W24/><G24/><T53/><D53/><U125/><E110/><V46/><F26/><W44/><G44/><T3/><D3/><U84/><E125/><V74/><F46/><W82/><G82/><AGARI ba="2,1" hai="45,51,52,60,62,63,76,79,82,85,91,92,93,94" machi="82" ten="40,5200,0" yaku="1,1,8,1,54,1,53,0" doraHai="37" doraHaiUra="68" who="0" fromWho="3" sc="200,68,31,0,520,0,239,-58" /><INIT seed="3,0,0,3,1,15" ten="268,31,520,181" oya="3" hai0="31,103,25,84,18,83,14,26,53,127,57,38,29" hai1="21,134,124,11,36,20,129,113,89,99,116,41,91" hai2="88,93,7,121,128,39,34,6,43,92,110,117,19" hai3="131,118,35,96,59,95,126,54,27,108,112,68,98"/><W4/><G118/><T115/><D38/><U0/><E113/><V130/><F34/><W82/><G112/><T52/><D103/><U111/><E116/><V76/><F110/><W63/><G108/><T79/><D127/><U56/><E111/><V114/><F114/><W73/><G126/><T86/><D86/><U24/><E124/><V8/><F76/><W102/><G131/><T23/><D115/><U5/><E129/><V2/><F7/><W32/><G4/><T77/><D77/><U132/><E56/><V125/><F117/><W64/><G27/><N who="0" m="10251" /><D52/><U50/><E36/><V123/><F125/><W16/><G82/><T49/><AGARI ba="0,0" hai="14,18,23,29,31,49,53,57,79,83,84" m="10251" machi="49" ten="30,2000,0" yaku="8,1,52,1" doraHai="15" who="0" fromWho="0" sc="268,20,31,-5,520,-5,181,-10" owari="288,8.8,26,-47.4,515,61.5,171,-22.9" /></mjloggm>