<mjloggm ver="2.3"><GO type="225" lobby="0"/><UN n0="%E5%85%83%E3%82%AB%E3%83%8E%E7%B3%BB%E3%83%92%E3%83%AD%E3%82%A4%E3%83%B3" n1="%E3%83%81%E3%83%A7%E3%83%99%E3%83%83%E3%82%AF" n2="%E3%83%96%E3%83%83%E3%83%91%E3%82%AA%E3%83%96%E3%83%81%E3%82%AD%E3%83%B3" n3="%E8%81%B7%E6%A5%AD%E3%80%81%E9%A2%A8%32" dan="16,16,16,16" rate="2166.35,2084.90,2193.89,2139.66" sx="M,M,M,M"/><TAIKYOKU oya="0"/><INIT seed="0,0,0,5,1,76" ten="250,250,250,250" oya="0" hai0="9,113,75,111,11,30,14,118,32,12,64,123,124" hai1="18,10,47,27,101,122,68,100,28,82,69,90,94" hai2="93,87,48,73,8,85,40,91,61,84,25,13,6" hai3="50,89,53,7,133,4,65,17,33,127,51,81,31"/><T55/><D75/><U20/><E122/><V43/><F73/><W132/><G127/><T63/><D55/><U16/><E69/><V19/><F61/><W0/><G65/><T98/><D123/><U29/><E68/><V41/><REACH who="2" step="1"/><F48/><REACH who="2" ten="250,250,240,250" step="2"/><W108/><G51/><T5/><D63/><U88/><E47/><V22/><AGARI ba="0,1" hai="6,8,13,19,22,25,40,41,43,84,85,87,91,93" machi="22" ten="30,7900,0" yaku="1,1,2,1,0,1,8,1,53,0" doraHai="76" doraHaiUra="58" who="2" fromWho="2" sc="250,-39,250,-20,240,89,250,-20" /><INIT seed="1,0,0,5,1,38" ten="211,230,329,230" oya="1" hai0="24,87,97,127,109,122,61,29,62,47,67,75,25" hai1="52,114,85,134,39,78,8,64,103,76,108,107,13" hai2="128,11,21,105,90,81,31,110,26,5,27,120,30" hai3="65,91,77,19,36,43,116,72,57,70,118,37,99"/><U12/><E114/><V124/><F105/><W84/><G99/><T34/><D75/><U80/><E39/><N who="3" m="14922" /><G19/><T111/><D127/><U79/><E64/><V130/><F90/><W14/><G14/><T69/><D122/><U58/><E134/><V131/><F81/><N who="3" m="45223" /><G70/><T44/><D87/><U1/><E108/><N who="0" m="41545" /><D61/><U121/><E107/><V16/><F110/><W92/><G65/><T95/><D24/><U102/><E121/><V33/><F120/><W89/><G57/><T71/><D71/><U18/><E1/><N who="2" m="431" /><F124/><W100/><G43/><T98/><D98/><U63/><REACH who="1" step="1"/><E12/><REACH who="1" ten="211,220,329,230" step="2"/><V66/><F66/><W132/><G132/><T83/><D83/><U32/><E32/><N who="2" m="20567" /><F131/><W45/><G116/><T2/><D2/><U22/><E22/><V94/><F94/><W6/><G92/><T56/><D69/><U20/><E20/><V73/><F73/><W15/><G118/><T125/><D125/><U126/><E126/><V4/><F4/><W0/><G6/><T48/><D48/><U46/><E46/><V101/><F101/><AGARI ba="0,1" hai="25,29,34,44,47,56,62,67,95,97,101" m="41545" machi="101" ten="30,1000,0" yaku="14,1" doraHai="38" who="0" fromWho="2" sc="211,20,220,0,329,-10,230,0" /><AGARI ba="0,0" hai="8,13,18,52,58,63,76,78,79,80,85,101,102,103" machi="101" ten="40,7700,0" yaku="1,1,8,1,54,1,53,0" doraHai="38" doraHaiUra="17" who="1" fromWho="2" sc="231,0,220,77,319,-77,230,0" /><INIT seed="1,1,0,1,1,77" ten="231,297,242,230" oya="1" hai0="10,30,45,21,0,116,78,3,69,90,118,123,61" hai1="98,133,103,81,117,1,18,23,119,9,82,32,91" hai2="64,113,106,111,109,7,85,63,38,42,130,88,35" hai3="46,26,59,94,83,50,56,58,70,2,105,60,71"/><U124/><E32/><V37/><F35/><W29/><G105/><T128/><D78/><U86/><E133/><V62/><F130/><W52/><G2/><T125/><D128/><U57/><E124/><V95/><F113/><W27/><G94/><T36/><D125/><U76/><E1/><V79/><F106/><W101/><G101/><T51/><D36/><U17/><E9/><V49/><F7/><W41/><G27/><T107/><D107/><U13/><E17/><V127/><F127/><W34/><G83/><T135/><D135/><U102/><E57/><V48/><F63/><W31/><G31/><T11/><D61/><U80/><E80/><V53/><F79/><W131/><G131/><T19/><D69/><U114/><E114/><V134/><F49/><W68/><AGARI ba="1,0" hai="26,29,34,41,46,50,52,56,58,59,60,68,70,71" machi="68" ten="30,2000,0" yaku="0,1,54,1" doraHai="77" who="3" fromWho="3" sc="231,-6,297,-11,242,-6,230,23" /><INIT seed="2,0,0,1,1,10" ten="225,286,236,253" oya="2" hai0="30,133,80,69,25,103,26,114,87,35,21,17,12" hai1="75,110,105,90,130,41,89,28,102,111,20,53,40" hai2="38,39,96,135,14,48,6,123,100,49,119,29,27" hai3="104,65,109,63,23,51,32,43,128,74,115,106,118"/><V34/><F119/><W2/><G32/><T64/><D114/><U121/><E75/><V11/><F123/><W95/><G118/><T8/><D133/><U67/><E67/><V78/><F135/><W62/><G2/><T101/><D64/><U1/><E1/><V68/><F68/><W50/><G74/><T127/><D127/><U4/><E4/><V61/><F61/><W36/><G23/><T60/><D60/><U13/><E130/><V129/><F129/><W117/><G95/><T57/><D57/><U71/><E71/><V81/><F38/><W93/><G93/><T88/><REACH who="0" step="1"/><D69/><REACH who="0" ten="215,286,236,253" step="2"/><U19/><E121/><V112/><F112/><W46/><G115/><T5/><AGARI ba="0,1" hai="5,8,12,17,21,25,26,30,35,80,87,88,101,103" machi="5" ten="20,12000,2" yaku="1,1,2,1,0,1,7,1,52,1,54,1,53,0" doraHai="10" doraHaiUra="116" who="0" fromWho="0" sc="215,130,286,-30,236,-60,253,-30" /><INIT seed="3,0,0,5,1,94" ten="345,256,176,223" oya="3" hai0="15,83,124,134,20,35,100,39,115,130,122,52,98" hai1="111,43,29,112,114,62,89,59,51,17,45,127,86" hai2="81,73,110,27,101,92,129,21,48,24,70,66,95" hai3="13,116,68,99,57,38,5,16,90,46,19,44,55"/><W78/><G116/><T30/><D39/><U26/><E111/><V42/><F110/><W50/><G68/><T97/><D122/><U18/><E127/><V11/><F129/><W133/><G133/><T108/><D35/><U28/><E114/><V49/><F70/><W128/><G128/><T120/><D120/><U56/><E56/><V132/><F132/><W119/><G119/><T34/><D34/><U47/><E47/><N who="3" m="17962" /><G38/><T4/><D20/><N who="1" m="15431" /><E29/><V40/><F81/><W65/><G78/><T77/><D15/><U75/><E75/><V87/><F21/><N who="3" m="11407" /><G65/><T37/><D83/><N who="1" m="49375" /><E112/><V76/><F49/><W25/><G5/><T96/><D4/><U64/><AGARI ba="0,0" hai="17,18,43,45,51,59,62,64" m="49375,15431" machi="64" ten="30,1100,0" yaku="8,1" doraHai="94" who="1" fromWho="1" sc="345,-3,256,11,176,-3,223,-5" owari="342,44.2,267,6.7,173,-32.7,218,-18.2" /></mjloggm>