<mjloggm ver="2.3"><GO type="225" lobby="0"/><UN n0="%E7%99%BD%E5%80%89%E5%AF%9B%E4%B9%8B" n1="%E9%B3%B4%E8%8C%B6" n2="%E3%81%BE%E3%81%A8%E3%81%9F" n3="%E3%83%96%E3%83%83%E3%83%91%E3%82%AA%E3%83%96%E3%83%81%E3%82%AD%E3%83%B3" dan="16,16,16,16" rate="2178.89,2109.37,2102.84,2168.38" sx="M,M,M,M"/><TAIKYOKU oya="0"/><INIT seed="0,0,0,3,3,60" ten="250,250,250,250" oya="0" hai0="26,13,113,58,27,117,28,8,134,56,6,110,0" hai1="44,11,10,50,83,111,123,62,133,129,128,34,38" hai2="48,120,69,91,109,32,135,30,71,94,121,9,72" hai3="119,82,43,104,96,64,33,53,67,70,122,29,36"/><T92/><D113/><U102/><E123/><V79/><F109/><W45/><G119/><T47/><D117/><U88/><E111/><V126/><F126/><W100/><G122/><T124/><D110/><U24/><E38/><V74/><F135/><W20/><G70/><T75/><D75/><U31/><E102/><V103/><F103/><W18/><G53/><T61/><D134/><U41/><E133/><V131/><F131/><N who="1" m="50249" /><E62/><V80/><F74/><W112/><G112/><T12/><D124/><U76/><E88/><V17/><F69/><W35/><G82/><T68/><D68/><U23/><E34/><V3/><F71/><W130/><G130/><T78/><D78/><U25/><E25/><V127/><F32/><W115/><G115/><T85/><D27/><U132/><E132/><V15/><F127/><W59/><G59/><T97/><D58/><U73/><AGARI ba="0,0" hai="10,11,23,24,31,41,44,50,73,76,83" m="50249" machi="73" ten="30,1100,0" yaku="19,1" doraHai="60" who="1" fromWho="1" sc="250,-5,250,11,250,-3,250,-3" /><INIT seed="1,0,0,2,3,65" ten="245,261,247,247" oya="1" hai0="100,27,9,97,58,68,47,1,64,85,102,105,77" hai1="78,10,41,20,89,8,122,26,94,111,90,133,38" hai2="55,108,91,5,121,93,25,28,36,71,73,17,99" hai3="31,49,42,57,14,16,118,125,134,116,23,113,103"/><U76/><E122/><V59/><F121/><W35/><G113/><T67/><D100/><U53/><E38/><V72/><F36/><W52/><G125/><T95/><D27/><U110/><E41/><V2/><F108/><N who="1" m="41513" /><E53/><V19/><F71/><W0/><G134/><T3/><D47/><U63/><E63/><V15/><F5/><W39/><G0/><T37/><D37/><U48/><E48/><V62/><F2/><W75/><G75/><T79/><D58/><U45/><E45/><V101/><F101/><W50/><G39/><T18/><D67/><U117/><E117/><N who="3" m="45162" /><G103/><T21/><D3/><U128/><E90/><V130/><F130/><W115/><G115/><T7/><D64/><U46/><E46/><V87/><F87/><W112/><G112/><T11/><D68/><U107/><E107/><V66/><F66/><W106/><G106/><T104/><D104/><U70/><E70/><V127/><F127/><W6/><G42/><T32/><D105/><U24/><E133/><V34/><F19/><W51/><G6/><T132/><D132/><U69/><E26/><AGARI ba="0,0" hai="14,16,23,26,31,35,49,50,51,52,57" m="45162" machi="26" ten="30,3900,0" yaku="12,1,54,2" doraHai="65" who="3" fromWho="1" sc="245,0,261,-39,247,0,247,39" /><INIT seed="2,0,0,4,2,106" ten="245,222,247,286" oya="2" hai0="17,66,18,27,5,24,0,85,78,58,63,33,35" hai1="91,104,61,99,126,49,86,115,30,20,51,64,131" hai2="23,116,68,16,97,9,54,34,121,76,117,77,110" hai3="46,88,90,59,96,128,119,44,122,29,134,11,1"/><V84/><F121/><W50/><G119/><T74/><D85/><U41/><E115/><V31/><F68/><W47/><G122/><T6/><D0/><U98/><E126/><V124/><F124/><W87/><G128/><T14/><D35/><U3/><E3/><V22/><F34/><W72/><G134/><T130/><D130/><U26/><E131/><V132/><F132/><W73/><G29/><T62/><D62/><U13/><E13/><V15/><F110/><W19/><G96/><T82/><D33/><U89/><E41/><V102/><F116/><W75/><G87/><T108/><D108/><U95/><E99/><V43/><F43/><W56/><G19/><T48/><D48/><U57/><REACH who="1" step="1"/><E104/><REACH who="1" ten="245,212,247,286" step="2"/><V39/><F97/><W133/><G133/><T94/><D14/><U103/><E103/><V28/><F102/><W36/><G36/><T4/><D27/><U67/><E67/><V118/><F39/><W8/><G1/><T12/><D24/><U37/><E37/><V109/><F109/><W93/><G50/><T60/><D12/><U10/><E10/><N who="3" m="3626" /><G93/><AGARI ba="0,1" hai="20,26,30,49,51,57,61,64,86,89,91,93,95,98" machi="93" ten="30,3900,0" yaku="1,1,7,1,8,1,53,0" doraHai="106" doraHaiUra="32" who="1" fromWho="3" sc="245,0,212,49,247,0,286,-39" /><INIT seed="3,0,0,1,1,89" ten="245,261,247,247" oya="3" hai0="87,104,99,11,29,4,80,65,31,77,43,40,105" hai1="53,86,67,70,55,62,102,63,9,115,51,133,60" hai2="22,59,123,132,81,10,21,73,120,117,68,32,19" hai3="126,94,46,45,1,108,112,64,113,96,26,128,15"/><W121/><G1/><T17/><D17/><U50/><E115/><V83/><F68/><W131/><G121/><T122/><D122/><U33/><E33/><V61/><F32/><W56/><G126/><T37/><D65/><N who="1" m="41255" /><E86/><V24/><F73/><W38/><G26/><T44/><D43/><U111/><E9/><V35/><F35/><W74/><G74/><T85/><D85/><U36/><E102/><V7/><F132/><W114/><G38/><T18/><D18/><U135/><E36/><V100/><F117/><W23/><G108/><T76/><D76/><U110/><E55/><V72/><F100/><N who="3" m="60439" /><G23/><T79/><D79/><U48/><E53/><V78/><F120/><W52/><G15/><T92/><D105/><U28/><E28/><V41/><F22/><W57/><G57/><T91/><REACH who="0" step="1"/><D104/><REACH who="0" ten="235,261,247,247" step="2"/><U12/><E111/><V124/><F123/><W47/><G64/><T39/><D39/><U130/><E110/><V95/><F78/><W71/><G71/><T42/><D42/><U125/><E67/><V98/><F41/><W97/><G97/><T69/><D69/><U25/><E125/><V106/><F98/><W84/><G84/><T6/><D6/><U0/><E135/><V88/><F106/><W93/><G93/><T30/><D30/><U103/><E133/><V8/><F7/><W13/><G13/><AGARI ba="0,1" hai="4,11,13,29,31,37,40,44,77,80,87,91,92,99" machi="13" ten="30,7700,0" yaku="1,1,7,1,52,1,53,1" doraHai="89" doraHaiUra="3" who="0" fromWho="3" sc="235,87,261,0,247,0,247,-77" owari="322,42.2,261,6.1,247,-15.3,170,-33.0" /></mjloggm>