<mjloggm ver="2.3"><GO type="225" lobby="0"/><UN n0="%E3%83%B4%E3%83%A0%EF%BC%99%E3%81%A6" n1="%EF%BC%AE%EF%BC%A1%EF%BC%AF%33%33%39" n2="%E3%83%96%E3%83%83%E3%83%91%E3%82%AA%E3%83%96%E3%83%81%E3%82%AD%E3%83%B3" n3="%E3%82%A4%E3%83%BC%E3%82%B1%E3%83%97%E3%83%A9" dan="16,16,16,16" rate="2189.67,2104.38,2172.56,2201.26" sx="M,M,M,M"/><TAIKYOKU oya="0"/><INIT seed="0,0,0,5,0,81" ten="250,250,250,250" oya="0" hai0="74,59,29,72,96,8,71,46,56,28,17,32,10" hai1="22,113,70,104,133,48,43,135,58,97,42,37,16" hai2="105,86,54,122,15,107,13,1,117,2,61,57,40" hai3="126,63,9,94,130,111,21,66,6,77,108,19,39"/><T93/><D71/><U41/><E70/><V0/><F122/><W88/><G39/><T27/><D46/><U82/><E113/><V91/><F117/><W25/><G77/><T90/><D28/><U129/><E37/><V30/><F40/><W14/><G130/><T3/><D3/><U121/><E121/><V115/><F115/><W18/><G126/><T38/><D38/><U60/><E129/><V64/><F30/><W50/><G50/><T124/><D124/><U89/><E48/><V47/><F47/><W67/><G6/><T80/><D80/><U45/><E45/><V44/><F64/><W75/><G75/><T55/><D56/><U26/><E104/><V62/><F62/><W112/><G112/><T98/><D98/><U120/><E120/><V118/><F118/><W103/><G103/><T5/><D17/><U106/><E106/><V79/><F79/><W131/><G131/><T123/><D10/><U68/><E68/><V109/><F109/><N who="3" m="42059" /><G63/><T83/><D123/><U35/><E35/><V33/><F33/><W101/><G101/><T85/><D5/><U7/><E7/><V127/><F127/><W132/><G132/><T24/><D72/><U99/><E135/><V34/><F34/><W92/><G92/><T102/><D74/><U116/><E133/><V100/><F44/><W65/><G65/><T69/><D69/><U11/><E116/><V31/><F105/><W114/><G114/><T51/><D8/><U52/><E11/><V20/><F107/><W36/><G36/><T12/><D12/><U87/><AGARI ba="0,0" hai="16,22,26,41,42,43,52,58,60,82,87,89,97,99" machi="87" ten="30,8000,1" yaku="0,1,8,1,52,1,54,2" doraHai="81" who="1" fromWho="1" sc="250,-40,250,80,250,-20,250,-20" /><INIT seed="1,0,0,1,4,117" ten="210,330,230,230" oya="1" hai0="102,27,38,125,40,8,44,1,110,0,35,33,82" hai1="98,23,21,131,52,70,60,48,51,97,69,94,49" hai2="24,12,112,20,29,74,89,36,3,59,65,45,66" hai3="77,119,46,108,76,87,91,54,114,10,126,9,73"/><U84/><E131/><V25/><F3/><N who="0" m="1098" /><D8/><U121/><E121/><V28/><F74/><W37/><G114/><T42/><D102/><U19/><E69/><V123/><F112/><W85/><G119/><T18/><D18/><U130/><E130/><V56/><F12/><W88/><G73/><T61/><D61/><U67/><E21/><V5/><F5/><W113/><G113/><T105/><D82/><U58/><E84/><V111/><F111/><W64/><G64/><T78/><D78/><U101/><REACH who="1" step="1"/><E97/><REACH who="1" ten="210,320,230,230" step="2"/><V75/><F20/><W6/><G87/><T104/><D110/><U15/><AGARI ba="0,1" hai="15,19,23,48,49,51,52,58,60,67,70,94,98,101" machi="15" ten="20,18000,2" yaku="1,1,2,1,0,1,7,1,54,1,53,1" doraHai="117" doraHaiUra="95" who="1" fromWho="1" sc="210,-60,320,190,230,-60,230,-60" /><INIT seed="1,1,0,1,3,61" ten="150,510,170,170" oya="1" hai0="104,129,31,123,24,71,121,95,76,20,45,92,122" hai1="116,124,88,60,90,100,47,14,78,34,94,125,15" hai2="46,52,13,87,51,99,66,73,106,3,109,49,91" hai3="9,50,35,54,65,93,118,111,17,37,79,103,16"/><U67/><E34/><V133/><F109/><W96/><G37/><T1/><D104/><U43/><E78/><V86/><F133/><W4/><G35/><T75/><D1/><U27/><E27/><V44/><F3/><W28/><G28/><T29/><D129/><U7/><E100/><V11/><F73/><W72/><G111/><T107/><D107/><U33/><E33/><V5/><F106/><W41/><G41/><T132/><D132/><U110/><E110/><V25/><F25/><W0/><G118/><T130/><D130/><U119/><E119/><V38/><F38/><W131/><G131/><T56/><D71/><U58/><E116/><V85/><F99/><W69/><G69/><T74/><D31/><U81/><E81/><V12/><F12/><W134/><G65/><T32/><D32/><U40/><E40/><V22/><F22/><W135/><G135/><T126/><D126/><N who="1" m="48747" /><E7/><V112/><F112/><W105/><G105/><T19/><D29/><U62/><E62/><V77/><F77/><W39/><G39/><T115/><D115/><U98/><E90/><V48/><F48/><AGARI ba="1,0" hai="14,15,43,47,48,58,60,67,88,94,98" m="48747" machi="48" ten="30,5800,0" yaku="18,1,52,1,54,1" doraHai="61" who="1" fromWho="2" sc="150,0,510,61,170,-61,170,0" /><INIT seed="1,2,0,1,1,2" ten="150,571,109,170" oya="1" hai0="115,124,121,31,73,116,56,8,41,94,101,74,67" hai1="128,81,37,125,123,76,114,86,63,91,15,112,87" hai2="65,0,57,6,113,90,49,89,35,102,22,21,133" hai3="5,104,97,32,103,111,60,14,93,26,45,58,46"/><U69/><E37/><V127/><F35/><W122/><G122/><T9/><D115/><U129/><E63/><N who="2" m="38127" /><F0/><W51/><G104/><T33/><D116/><U7/><E69/><V16/><F133/><W10/><G111/><T77/><D41/><U134/><E123/><V47/><F127/><W92/><G92/><T19/><D121/><U99/><E134/><V34/><F34/><W71/><G71/><T131/><D31/><U50/><E50/><V130/><F130/><N who="1" m="50281" /><E125/><V72/><F72/><W61/><G26/><T105/><D105/><U75/><E99/><V120/><F120/><W62/><G32/><T68/><D33/><U59/><E59/><V83/><F113/><N who="1" m="43625" /><E91/><N who="2" m="34827" /><F102/><W40/><REACH who="3" step="1"/><G46/><REACH who="3" ten="150,571,109,160" step="2"/><T88/><D68/><U4/><E15/><N who="2" m="9375" /><F83/><W12/><G12/><T126/><D124/><U36/><E36/><V29/><F29/><W84/><G84/><AGARI ba="2,1" hai="4,7,75,76,81,84,86,87" m="43625,50281" machi="84" ten="30,5800,0" yaku="19,1,52,2" doraHai="2" who="1" fromWho="3" sc="150,0,571,74,109,0,160,-64" /><INIT seed="1,3,0,5,3,28" ten="150,645,109,96" oya="1" hai0="116,103,29,128,89,9,71,106,76,11,66,5,63" hai1="12,43,24,58,93,68,2,107,1,48,111,34,110" hai2="124,126,41,101,59,112,35,37,73,18,75,114,65" hai3="122,40,80,54,79,90,99,19,10,57,60,82,113"/><U53/><E107/><V121/><F101/><W27/><G122/><T44/><D116/><U56/><E68/><V3/><F121/><W39/><G113/><N who="2" m="43625" /><F3/><W102/><G39/><T4/><D76/><U127/><E43/><V14/><F37/><W83/><G40/><T20/><D128/><U129/><E129/><V38/><F38/><W31/><G90/><T7/><D44/><U69/><E69/><V100/><F41/><W118/><G118/><T84/><D29/><N who="1" m="19751" /><E12/><V25/><F100/><W91/><G91/><T36/><D36/><U62/><E93/><V123/><F123/><W51/><G51/><T94/><D20/><U55/><E127/><N who="2" m="48683" /><F25/><W86/><G19/><T95/><D106/><U70/><E70/><V21/><F35/><W132/><G10/><T42/><D42/><U33/><E33/><V133/><F133/><W45/><G45/><T6/><N who="0" m="1024" /><DORA hai="108" /><T17/><D103/><U119/><E119/><V72/><F59/><W131/><G131/><T13/><D71/><U77/><E77/><V92/><F92/><N who="3" m="58727" /><G132/><T96/><D94/><U85/><E2/><V8/><F8/><W109/><G109/><T61/><D9/><U78/><E1/><V104/><F104/><W64/><G27/><T125/><D125/><U47/><E58/><V50/><F50/><N who="3" m="30935" /><G31/><T117/><D117/><U98/><E111/><V87/><F87/><W23/><G23/><T30/><D30/><U67/><E110/><V74/><N who="2" m="18432" /><DORA hai="22" /><V134/><F134/><W15/><G15/><T120/><D120/><U32/><E32/><V97/><F97/><W130/><G130/><RYUUKYOKU ba="3,0" sc="150,-15,645,-15,109,15,96,15" hai2="14,18,21,65" hai3="60,64,79,80,82,83,86" /><INIT seed="2,4,0,4,3,38" ten="135,630,124,111" oya="2" hai0="18,118,92,37,6,100,58,82,17,72,130,64,15" hai1="4,61,70,12,35,22,73,67,16,45,84,98,107" hai2="55,24,77,90,129,46,85,42,54,103,94,134,111" hai3="78,126,34,3,26,93,13,76,115,56,63,19,123"/><V43/><F129/><W59/><G123/><T91/><D37/><U31/><E73/><V110/><F134/><W121/><G121/><T20/><D130/><U124/><E124/><V7/><F7/><W36/><G3/><T65/><D118/><U108/><E108/><N who="2" m="41515" /><F77/><N who="3" m="29803" /><G34/><T48/><D72/><U33/><E4/><V105/><F24/><W68/><G68/><T71/><D71/><U5/><E5/><V53/><F46/><W116/><G36/><T41/><D100/><U79/><E45/><V104/><F104/><W128/><G116/><T1/><D1/><U14/><E14/><V27/><F27/><W114/><G26/><T81/><D6/><U51/><E31/><V8/><F8/><N who="3" m="6567" /><G128/><T57/><D18/><U122/><E122/><V106/><F106/><W74/><G74/><T21/><D17/><U117/><E117/><V133/><F133/><W66/><G126/><T49/><D15/><U30/><E30/><V32/><F32/><W88/><G63/><T29/><D29/><U23/><E23/><V11/><F11/><W132/><G66/><T119/><D119/><U62/><E62/><V28/><F28/><W102/><G102/><T112/><D64/><U125/><E125/><V52/><N who="2" m="13312" /><DORA hai="86" /><V99/><AGARI ba="4,0" hai="42,43,85,90,94,99,103,105" m="13312,41515" machi="99" ten="50,18000,2" yaku="4,1,14,1,10,1,52,3,54,1" doraHai="38,86" who="2" fromWho="2" sc="135,-64,630,-64,124,192,111,-64" /><INIT seed="2,5,0,5,0,125" ten="71,566,316,47" oya="2" hai0="84,97,28,67,52,130,9,36,111,60,16,35,92" hai1="31,41,132,117,13,3,124,33,15,76,74,62,8" hai2="105,68,2,64,128,96,46,83,69,26,42,4,48" hai3="53,12,80,0,86,37,30,6,116,113,104,109,1"/><V49/><F26/><W63/><G116/><T65/><D36/><U135/><E117/><V34/><F34/><W99/><G37/><T108/><D84/><U94/><E41/><V18/><F18/><W110/><G30/><T47/><D130/><U5/><E76/><V88/><F128/><W29/><G29/><T112/><D112/><U22/><E74/><V7/><F105/><W102/><G113/><T11/><D28/><U44/><E44/><V75/><F75/><W71/><G12/><N who="0" m="7183" /><D11/><U24/><E62/><V89/><F2/><W17/><G17/><T27/><D27/><N who="1" m="18687" /><E94/><N who="2" m="56391" /><F68/><W123/><G123/><T45/><D35/><U72/><E72/><V85/><F69/><W51/><G6/><N who="2" m="2089" /><F49/><W57/><G63/><T82/><D82/><U61/><E61/><V78/><F78/><N who="3" m="46359" /><G71/><T20/><D60/><U129/><E129/><V40/><F40/><W23/><G23/><T131/><D20/><U121/><E121/><V103/><F103/><W114/><G114/><T115/><D131/><U79/><E79/><V77/><F77/><W127/><G127/><T87/><D115/><U58/><E124/><V90/><F89/><W91/><G91/><T25/><D25/><U81/><E24/><V10/><F10/><W14/><G14/><T43/><D43/><U55/><E15/><V101/><F101/><W134/><G134/><T93/><D67/><AGARI ba="5,0" hai="42,46,48,64,67,83,85,90" m="2089,56391" machi="67" ten="30,2900,0" yaku="8,1,54,1" doraHai="125" who="2" fromWho="0" sc="71,-44,566,0,316,44,47,0" /><INIT seed="2,6,0,2,4,96" ten="27,566,360,47" oya="2" hai0="14,107,74,91,109,97,21,87,36,88,114,124,78" hai1="118,90,119,7,5,57,111,65,30,121,104,86,34" hai2="24,106,125,11,55,29,117,47,101,60,129,113,53" hai3="108,95,40,9,25,112,35,79,54,85,122,82,61"/><V120/><F113/><W72/><G122/><T45/><D114/><U28/><E104/><V2/><F117/><W71/><G112/><T127/><D109/><U41/><E41/><V83/><F120/><W37/><G108/><T66/><D66/><U63/><E121/><V123/><F123/><W4/><G40/><N who="0" m="22663" /><D14/><U48/><E111/><V50/><F129/><W67/><G37/><T1/><D1/><U81/><E118/><V68/><F125/><N who="0" m="48202" /><D21/><U110/><E110/><V58/><F68/><W93/><G54/><T13/><D13/><U73/><E73/><V18/><F106/><W64/><G64/><T6/><D6/><N who="1" m="2059" /><E34/><V115/><F115/><W20/><G72/><T8/><D8/><U19/><E119/><V126/><F126/><W38/><G38/><T98/><D74/><U16/><E48/><V134/><F134/><W128/><G35/><T132/><D132/><U43/><E43/><V22/><F2/><W0/><G128/><T69/><D69/><U76/><E76/><V31/><F83/><W89/><G79/><T75/><D75/><U80/><E80/><V17/><F11/><W84/><G84/><T135/><D135/><U44/><E44/><V133/><F133/><W62/><G62/><T105/><D105/><U10/><E10/><V102/><REACH who="2" step="1"/><F29/><AGARI ba="6,0" hai="0,4,9,20,25,29,61,67,71,82,85,89,93,95" machi="29" ten="30,1000,0" yaku="7,1" doraHai="96" who="3" fromWho="2" sc="27,0,566,0,360,-28,47,28" /><AGARI ba="6,0" hai="16,19,28,29,30,57,63,65,81,86,90" m="2059" machi="29" ten="30,2000,0" yaku="8,1,54,1" doraHai="96" who="1" fromWho="2" sc="27,0,566,20,332,-20,75,0" /><INIT seed="3,0,0,5,1,57" ten="27,586,312,75" oya="3" hai0="135,63,39,76,11,132,8,109,42,84,119,87,37" hai1="100,99,53,31,64,3,123,6,116,51,118,97,71" hai2="29,21,108,50,89,72,32,7,112,69,41,65,91" hai3="95,113,101,35,85,94,43,93,128,73,19,52,133"/><W38/><G113/><T75/><D75/><U105/><E123/><V126/><F112/><W67/><G35/><T122/><D122/><U66/><E31/><V74/><F108/><W27/><G73/><T77/><D109/><U81/><E71/><V4/><F32/><W13/><G38/><T125/><D125/><U86/><E99/><V36/><F126/><W115/><G43/><T70/><D70/><U80/><E6/><V98/><F36/><W48/><G115/><T124/><D124/><U129/><E3/><V10/><F69/><W114/><G114/><T33/><D33/><U62/><E129/><V14/><F65/><N who="1" m="25193" /><E62/><V2/><F2/><W110/><G27/><T49/><D49/><U88/><E81/><V9/><F98/><W28/><G28/><T24/><D42/><U40/><E40/><V25/><F72/><W30/><G13/><T82/><D82/><U56/><E97/><V59/><F74/><W58/><G58/><T90/><D90/><N who="2" m="34314" /><F59/><W1/><G48/><T96/><D96/><U83/><E83/><V34/><F34/><W61/><G93/><T104/><D104/><U54/><E54/><V121/><F121/><W20/><G95/><T60/><REACH who="0" step="1"/><D24/><REACH who="0" ten="17,586,312,75" step="2"/><U131/><E105/><V47/><F10/><W127/><G127/><T102/><D102/><U22/><E100/><V18/><AGARI ba="0,1" hai="4,7,9,14,18,21,25,29,41,47,50" m="34314" machi="18" ten="30,1100,0" yaku="8,1" doraHai="57" who="2" fromWho="2" sc="17,-3,586,-3,312,21,75,-5" owari="14,-48.6,583,68.3,333,13.3,70,-33.0" /></mjloggm>