<mjloggm ver="2.3"><GO type="225" lobby="0"/><UN n0="%E5%8D%A0%E3%81%84%E5%B8%AB%E8%A3%8F%E3%81%AA%E3%81%84%E3%81%97" n1="%4C%C3%97%57%C3%97%4C" n2="%E3%81%A4%E3%81%A3%E3%81%B1%E3%82%8A%E3%83%9D%E3%83%BC%E3%83%AB" n3="%E6%A1%9C%E8%8A%B1%E9%96%83%E3%80%85" dan="17,17,17,16" rate="2227.95,2180.53,2160.82,2117.63" sx="M,M,M,M"/><TAIKYOKU oya="0"/><INIT seed="0,0,0,3,2,69" ten="250,250,250,250" oya="0" hai0="129,54,127,67,51,125,65,37,18,78,70,101,83" hai1="10,62,49,2,25,106,120,118,117,81,71,89,29" hai2="15,87,111,126,96,86,5,4,114,0,72,121,133" hai3="100,63,104,28,1,6,68,46,113,134,55,12,123"/><T98/><D129/><U35/><E120/><V135/><F121/><W17/><G113/><T112/><D112/><U8/><E49/><V108/><F114/><W80/><G123/><T110/><D18/><U19/><E89/><V7/><F72/><W27/><G134/><N who="2" m="51209" /><F126/><N who="0" m="48138" /><D70/><U20/><E81/><V30/><F30/><W77/><G1/><T92/><D110/><N who="2" m="42026" /><F0/><W38/><G6/><T102/><D102/><U73/><E73/><V36/><F36/><W130/><G130/><T105/><D105/><U45/><E106/><V32/><F32/><W66/><G38/><T64/><D37/><U79/><E2/><V58/><F96/><W48/><G28/><T56/><D65/><U60/><E29/><V107/><F107/><W40/><G104/><T33/><D33/><U119/><E35/><V42/><F42/><W128/><G40/><T109/><D109/><U124/><E124/><V74/><F74/><AGARI ba="0,0" hai="51,54,56,64,67,74,78,83,92,98,101" m="48138" machi="74" ten="30,1500,0" yaku="18,1" doraHai="69" who="0" fromWho="2" sc="250,15,250,0,250,-15,250,0" /><INIT seed="0,1,0,1,0,4" ten="265,250,235,250" oya="0" hai0="65,117,115,81,76,111,123,95,127,58,71,31,131" hai1="12,103,105,80,62,61,29,56,55,47,74,6,60" hai2="38,104,75,135,121,133,83,120,36,44,13,128,23" hai3="59,90,126,7,53,70,100,17,51,78,49,15,94"/><T19/><D115/><U32/><E105/><V72/><F104/><W88/><G126/><T98/><D117/><U37/><E103/><V84/><F128/><W132/><G132/><N who="2" m="50761" /><F23/><W101/><G70/><T0/><D123/><N who="2" m="47178" /><F13/><W41/><G78/><T9/><D131/><U30/><E32/><V3/><F3/><W10/><G7/><T91/><D127/><U124/><E124/><V130/><F130/><W16/><G17/><T77/><D111/><U42/><E74/><N who="2" m="28203" /><F44/><N who="3" m="25743" /><G90/><AGARI ba="1,0" hai="36,38,83,84,90" m="28203,47178,50761" machi="90" ten="40,1300,0" yaku="20,1" doraHai="4" who="2" fromWho="3" sc="265,0,250,0,235,16,250,-16" /><INIT seed="1,0,0,2,2,105" ten="265,250,251,234" oya="1" hai0="48,77,51,40,31,17,9,62,119,126,23,60,113" hai1="108,117,69,58,24,21,30,109,0,61,2,129,38" hai2="63,128,70,73,104,118,5,36,78,7,20,99,74" hai3="6,13,121,122,79,97,103,94,80,120,57,35,54"/><U64/><E117/><V83/><F118/><W87/><G35/><T90/><D113/><U112/><E112/><V19/><F36/><W131/><G131/><T92/><D126/><U1/><E129/><V66/><F128/><W42/><G42/><T115/><D115/><U33/><E38/><V11/><F11/><W32/><G32/><T132/><D132/><U34/><REACH who="1" step="1"/><E69/><REACH who="1" ten="265,240,251,234" step="2"/><V27/><REACH who="2" step="1"/><F74/><REACH who="2" ten="265,240,241,234" step="2"/><W45/><G121/><T89/><D119/><U133/><E133/><V10/><F10/><N who="3" m="4311" /><G122/><T47/><D9/><U84/><E84/><V52/><F52/><W134/><G120/><T8/><D8/><U22/><E22/><V75/><F75/><W65/><G134/><T111/><D23/><U53/><E53/><V135/><F135/><W55/><G45/><T124/><D47/><U96/><E96/><V110/><F110/><AGARI ba="0,2" hai="0,1,2,21,24,30,33,34,58,61,64,108,109,110" machi="110" ten="50,18000,2" yaku="1,1,14,1,10,1,53,3" doraHai="105" doraHaiUra="123" who="1" fromWho="2" sc="265,0,240,200,241,-180,234,0" /><INIT seed="1,1,0,5,4,45" ten="265,440,61,234" oya="1" hai0="120,83,24,57,84,126,80,11,105,121,90,100,104" hai1="42,93,9,103,13,125,19,44,48,53,17,16,112" hai2="106,26,131,4,119,55,111,113,12,30,122,98,65" hai3="5,29,78,52,2,60,56,3,0,62,51,20,34"/><U117/><E112/><V94/><F119/><W109/><G34/><T21/><D11/><U27/><E117/><V130/><F122/><N who="0" m="47210" /><D57/><U46/><E125/><V40/><F106/><N who="0" m="41066" /><D21/><U115/><E115/><V71/><F113/><W28/><G109/><T92/><D24/><U37/><REACH who="1" step="1"/><E27/><REACH who="1" ten="265,430,61,234" step="2"/><V49/><F111/><W36/><G29/><T133/><D126/><U61/><E61/><V114/><F26/><W86/><G60/><T81/><D133/><U67/><E67/><V43/><F65/><W91/><G62/><T99/><AGARI ba="1,1" hai="80,81,83,84,90,92,99,100" m="41066,47210" machi="99" ten="40,5200,0" yaku="13,1,34,2" doraHai="45" who="0" fromWho="0" sc="265,65,430,-27,61,-14,234,-14" /><INIT seed="2,0,0,3,5,115" ten="330,403,47,220" oya="2" hai0="90,116,89,119,130,21,96,98,70,114,35,123,112" hai1="99,42,95,22,9,100,127,33,66,73,118,113,121" hai2="106,87,41,59,45,1,65,88,25,4,94,125,29" hai3="76,101,120,55,18,57,36,5,83,72,71,7,58"/><V39/><F125/><W16/><G120/><T104/><D35/><U38/><E118/><N who="0" m="45097" /><D70/><U117/><E117/><V84/><F106/><W50/><G36/><T108/><D130/><U51/><E73/><V24/><F4/><W91/><G101/><N who="0" m="62503" /><D21/><U2/><E22/><V102/><F1/><W44/><G91/><N who="0" m="34827" /><D123/><U129/><E33/><V10/><F10/><W67/><G71/><T109/><D98/><U74/><E99/><V93/><F102/><W133/><G133/><T49/><D49/><U56/><E51/><V28/><F87/><W43/><G58/><T0/><D0/><U6/><E100/><V53/><F94/><W63/><G43/><T85/><D85/><U64/><E95/><V27/><REACH who="2" step="1"/><F65/><REACH who="2" ten="330,403,37,220" step="2"/><W135/><G135/><T20/><D20/><U68/><E66/><V8/><F8/><W110/><G67/><T111/><AGARI ba="0,1" hai="108,109,111,112,114" m="34827,62503,45097" machi="111" ten="40,12000,2" yaku="14,1,12,1,34,2,52,3" doraHai="115" who="0" fromWho="0" sc="330,130,403,-30,37,-60,220,-30" owari="460,56.0,373,17.3,-23,-52.3,190,-21.0" /></mjloggm>