<mjloggm ver="2.3"><GO type="225" lobby="0"/><UN n0="%E3%83%A9%E3%83%BC%E3%83%A1%E3%83%B3%E4%BA%94%E9%83%8E" n1="%E3%80%93%E3%81%97%E3%83%BC%E3%82%89%E3%80%93" n2="%E7%89%B9%E6%9D%B1%E3%81%AF%E4%B8%96%E7%95%8C%E3%82%92%E6%95%91%E3%81%86" n3="%E5%A4%8F%E9%88%B4%E9%88%B4%E5%A4%8F" dan="16,16,16,16" rate="2095.42,2198.73,2226.97,2142.38" sx="M,M,M,F"/><TAIKYOKU oya="0"/><INIT seed="0,0,0,2,1,79" ten="250,250,250,250" oya="0" hai0="82,54,134,57,60,71,44,77,102,66,101,83,12" hai1="13,131,103,37,115,132,8,36,52,27,55,100,9" hai2="94,50,63,90,125,40,92,62,120,81,10,14,70" hai3="98,7,75,135,49,76,123,74,39,6,133,91,124"/><T117/><D117/><U31/><E132/><N who="3" m="50762" /><G124/><T58/><D134/><U24/><E13/><V121/><F125/><W32/><G32/><T108/><D108/><U42/><E31/><V67/><F63/><W80/><G39/><T2/><D2/><U3/><E42/><V26/><F26/><W109/><G109/><T56/><D12/><U30/><E30/><V53/><F40/><W46/><G75/><T11/><D11/><U48/><E48/><V88/><F81/><N who="0" m="30730" /><D71/><U112/><REACH who="1" step="1"/><E131/><REACH who="1" ten="250,240,250,250" step="2"/><V64/><F14/><W69/><G123/><T119/><D119/><U107/><E107/><V21/><F10/><W105/><G69/><T17/><D17/><U33/><E33/><V41/><F70/><W61/><G61/><T72/><D72/><U84/><E84/><V34/><F34/><W20/><G105/><T104/><D104/><U78/><E78/><V16/><F121/><W38/><G76/><T51/><D77/><U22/><E22/><V65/><F120/><W0/><G20/><T127/><D127/><U122/><E122/><V35/><F35/><W106/><G74/><T47/><D60/><U19/><E19/><V110/><F62/><W59/><G0/><AGARI ba="0,1" hai="0,3,8,9,24,27,36,37,52,55,100,103,112,115" machi="0" ten="25,12000,2" yaku="1,1,22,2,54,1,53,2" doraHai="79" doraHaiUra="97" who="1" fromWho="3" sc="250,0,240,130,250,0,250,-120" /><INIT seed="1,0,0,3,4,53" ten="250,370,250,130" oya="1" hai0="26,133,8,126,89,62,73,87,45,64,13,33,21" hai1="78,36,134,81,75,104,4,63,37,86,40,85,69" hai2="1,61,55,88,51,50,5,76,68,46,24,117,135" hai3="79,122,27,123,113,95,101,125,71,82,111,38,59"/><U100/><E134/><V44/><F117/><W105/><G71/><T29/><D73/><U102/><E4/><V130/><F135/><W14/><G38/><T48/><D126/><U7/><E7/><V90/><F130/><W96/><G113/><T58/><D133/><U119/><E119/><V52/><F76/><W2/><G2/><T109/><D109/><U18/><E18/><V34/><F68/><W72/><G111/><T70/><D33/><U115/><E115/><V47/><F47/><W49/><G125/><T9/><D13/><U103/><E104/><V106/><F106/><W98/><G27/><T31/><D31/><U17/><E17/><V92/><F61/><W116/><G14/><T65/><D65/><U16/><E16/><V77/><F77/><W129/><G129/><T124/><D70/><U11/><E11/><V84/><F90/><W93/><G116/><T32/><D32/><U131/><E131/><V57/><F57/><W120/><G49/><T30/><D30/><U42/><E63/><V97/><F84/><N who="1" m="32361" /><E69/><V28/><F5/><W112/><G112/><T99/><D124/><U41/><E37/><V66/><F66/><W54/><REACH who="3" step="1"/><G98/><REACH who="3" ten="250,370,250,120" step="2"/><T114/><D99/><U110/><E36/><V118/><F118/><W121/><N who="3" m="30720" /><DORA hai="6" /><W128/><G128/><T132/><D132/><U127/><E127/><V108/><F108/><W56/><G56/><T12/><D114/><U91/><E110/><V60/><F1/><W25/><G25/><T39/><D39/><U107/><E107/><V43/><F97/><W83/><G83/><N who="0" m="49407" /><D12/><U67/><E81/><RYUUKYOKU ba="0,1" sc="250,15,370,-15,250,-15,120,15" hai0="8,9,21,26,29,45,48,58,62,64" hai3="54,59,72,79,82,93,95,96,101,105" /><INIT seed="2,1,1,3,1,54" ten="265,355,235,135" oya="2" hai0="47,89,111,30,20,50,9,106,100,3,26,82,7" hai1="131,134,69,118,62,123,135,19,75,40,70,36,116" hai2="2,37,5,25,101,52,18,13,66,27,103,84,68" hai3="17,4,77,15,64,21,129,41,31,125,96,1,126"/><V94/><F37/><W78/><G41/><T38/><D38/><U124/><E75/><V53/><F2/><W122/><G122/><T127/><D111/><U57/><E19/><V107/><F107/><W45/><G45/><T74/><D127/><N who="3" m="48649" /><G64/><T114/><D114/><U6/><E6/><V55/><F5/><W24/><G96/><T110/><D110/><U71/><E124/><V11/><F66/><W29/><G78/><T63/><D106/><U80/><E80/><V113/><F68/><W65/><G65/><T56/><D100/><N who="2" m="38474" /><F113/><W93/><G93/><T73/><D82/><U95/><E95/><V88/><AGARI ba="1,1" hai="11,13,18,25,27,52,53,55,84,88,94" m="38474" machi="88" ten="30,6000,0" yaku="8,1,54,2" doraHai="54" who="2" fromWho="2" sc="265,-21,355,-21,235,73,135,-21" /><INIT seed="2,2,0,1,5,123" ten="244,334,308,114" oya="2" hai0="12,113,21,65,97,115,50,133,29,78,62,132,53" hai1="28,24,111,110,22,101,10,126,116,125,76,130,33" hai2="32,80,64,70,124,69,83,27,75,5,85,31,52" hai3="2,104,40,42,63,36,66,107,117,45,94,82,84"/><V127/><F5/><W89/><G117/><T26/><D78/><U35/><E116/><V105/><F105/><W93/><G2/><T108/><D12/><U18/><E101/><V41/><F41/><W134/><G134/><N who="0" m="51819" /><D97/><U91/><E76/><N who="2" m="44063" /><F64/><W54/><G42/><T102/><D102/><U51/><E91/><N who="2" m="51647" /><F52/><W71/><G94/><T13/><D13/><N who="1" m="7479" /><E51/><V7/><F7/><W79/><REACH who="3" step="1"/><G54/><REACH who="3" ten="244,334,308,104" step="2"/><T118/><D118/><U73/><E130/><V103/><F103/><W131/><G131/><T98/><D53/><U25/><E73/><AGARI ba="2,1" hai="36,40,45,63,66,71,73,79,82,84,89,93,104,107" machi="73" ten="30,2000,0" yaku="1,1,7,1,53,0" doraHai="123" doraHaiUra="14" who="3" fromWho="1" sc="244,0,334,-26,308,0,104,36" /><INIT seed="3,0,0,1,5,21" ten="244,308,308,140" oya="3" hai0="58,29,65,73,60,69,48,45,35,27,90,72,8" hai1="15,104,92,31,32,80,91,13,116,75,5,16,117" hai2="59,94,57,46,79,70,114,105,67,97,133,64,49" hai3="41,131,24,99,3,86,37,101,26,83,20,128,40"/><W55/><G3/><T23/><D8/><N who="1" m="4239" /><E104/><V71/><F114/><W0/><G0/><T96/><D69/><U11/><E31/><V107/><F71/><W39/><G55/><T123/><D123/><U103/><E32/><V6/><F70/><W44/><G41/><T74/><D35/><U7/><E103/><V112/><F112/><W121/><G39/><T126/><D126/><U129/><E80/><V22/><F107/><W102/><G121/><T62/><D62/><U84/><E75/><V87/><F105/><W100/><G99/><T122/><D122/><U109/><E109/><V88/><F6/><W1/><G1/><T77/><D77/><U10/><E129/><N who="3" m="49738" /><G20/><T81/><D81/><U43/><E43/><N who="2" m="24799" /><F22/><W98/><G98/><T47/><D96/><U106/><E106/><V118/><F118/><N who="1" m="45673" /><E11/><V68/><F68/><W95/><G95/><T38/><D38/><U28/><E28/><V134/><F97/><W132/><G132/><N who="2" m="50793" /><F79/><AGARI ba="0,0" hai="24,26,37,40,44,79,83,86,100,101,102" m="49738" machi="79" ten="30,5800,0" yaku="19,1,52,2" doraHai="21" who="3" fromWho="2" sc="244,0,308,0,308,-58,140,58" /><INIT seed="3,1,0,4,1,63" ten="244,308,250,198" oya="3" hai0="82,115,106,20,19,66,4,22,15,88,95,119,94" hai1="90,135,44,128,52,103,11,125,72,54,38,98,118" hai2="76,89,1,123,25,120,108,96,36,131,26,32,68" hai3="83,57,43,111,50,39,31,8,49,105,48,10,6"/><W55/><G105/><T97/><D119/><U61/><E72/><V109/><F36/><W102/><G102/><T70/><D106/><U75/><E75/><V2/><F68/><W127/><G127/><T77/><D115/><U130/><E125/><V64/><F76/><W7/><G111/><N who="2" m="42569" /><F64/><W28/><G83/><T134/><D134/><U12/><E135/><V58/><F58/><W71/><G71/><T21/><D4/><N who="3" m="1577" /><G39/><T24/><D95/><U37/><E90/><V81/><F131/><N who="1" m="50217" /><E118/><V23/><F32/><W86/><G86/><T46/><D46/><U51/><E61/><V85/><F96/><W110/><G110/><T99/><D99/><U80/><E54/><V126/><F126/><W47/><G50/><T53/><D53/><U13/><E80/><V60/><F60/><W132/><G132/><T65/><D70/><U33/><E33/><V91/><F91/><W113/><G113/><T41/><D41/><N who="1" m="22575" /><E11/><AGARI ba="1,0" hai="8,10,11,28,31,43,47,48,49,55,57" m="1577" machi="11" ten="30,1500,0" yaku="8,1" doraHai="63" who="3" fromWho="1" sc="244,0,308,-18,250,0,198,18" /><INIT seed="3,2,0,3,3,29" ten="244,290,250,216" oya="3" hai0="40,44,74,102,119,79,9,101,59,92,134,96,81" hai1="13,131,118,117,127,103,130,116,26,60,48,126,18" hai2="72,85,10,99,94,50,83,89,63,111,129,128,46" hai3="43,91,51,105,120,23,25,20,110,8,121,30,133"/><W37/><G37/><T68/><D134/><U104/><E26/><V2/><F72/><W125/><G133/><T135/><D135/><U3/><E3/><V45/><F111/><W87/><G125/><N who="1" m="47626" /><E48/><V98/><F63/><W56/><G110/><T113/><D119/><U93/><E104/><V114/><F114/><W34/><G105/><T11/><D68/><U86/><E60/><V70/><F50/><W38/><G8/><T54/><D113/><U22/><E86/><V107/><F85/><W112/><G38/><T108/><D108/><U61/><E61/><V58/><F2/><W35/><G112/><T36/><REACH who="0" step="1"/><D102/><REACH who="0" ten="234,290,250,216" step="2"/><U65/><E103/><V41/><F70/><W77/><G77/><T122/><D122/><U109/><E109/><V69/><F69/><W124/><G124/><T106/><D106/><U115/><E115/><V31/><F107/><W32/><G20/><T49/><AGARI ba="2,1" hai="9,11,36,40,44,49,54,59,74,79,81,92,96,101" machi="49" ten="20,2700,0" yaku="1,1,0,1,7,1,53,0" doraHai="29" doraHaiUra="57" who="0" fromWho="0" sc="234,43,290,-9,250,-9,216,-15" /><INIT seed="4,0,0,0,4,29" ten="277,281,241,201" oya="0" hai0="79,130,97,22,18,134,77,26,121,3,17,16,23" hai1="64,81,30,55,70,104,98,112,36,58,86,127,33" hai2="100,93,117,67,32,48,45,126,75,43,4,2,87" hai3="63,65,1,103,25,99,24,12,115,72,50,60,14"/><T31/><D121/><U49/><E127/><V21/><F75/><W59/><G1/><T109/><D3/><U84/><E36/><V95/><F126/><W44/><G72/><T133/><D130/><U46/><E112/><V19/><F117/><W91/><G115/><T94/><D22/><U9/><E9/><V40/><F67/><W28/><G91/><N who="0" m="55519" /><D109/><U120/><E120/><V116/><F116/><W10/><G63/><T78/><D78/><U15/><E15/><V41/><F32/><W113/><G113/><T80/><D80/><U51/><E81/><V68/><F68/><W73/><G73/><T62/><D134/><U83/><E83/><V110/><F110/><W125/><G125/><T96/><D133/><U92/><E51/><V123/><F123/><W118/><G118/><T122/><D122/><U71/><E92/><V56/><F95/><W107/><G10/><T85/><D85/><U101/><E58/><V38/><F56/><W76/><G76/><N who="0" m="29259" /><D96/><U35/><E35/><V89/><F38/><W54/><REACH who="3" step="1"/><G24/><REACH who="3" ten="277,281,241,191" step="2"/><T53/><D62/><N who="1" m="40215" /><E71/><V11/><REACH who="2" step="1"/><F100/><REACH who="2" ten="277,281,231,191" step="2"/><W52/><G52/><AGARI ba="0,2" hai="16,17,18,23,26,31,52,53" m="29259,55519" machi="52" ten="30,5800,0" yaku="8,1,54,2" doraHai="29" who="0" fromWho="3" sc="277,78,281,0,231,0,191,-58" owari="355,45.5,281,8.1,231,-16.9,133,-36.7" /></mjloggm>