<mjloggm ver="2.3"><GO type="225" lobby="0"/><UN n0="%E3%81%A9%E3%82%93%E3%82%88%E3%81%8F%4D%6B%2E%32" n1="%E5%8D%A0%E3%81%84%E5%B8%AB%E8%A3%8F%E3%81%AA%E3%81%84%E3%81%97" n2="%E6%80%AA%E3%81%97%E3%81%99%E3%81%8E%E3%82%8B%E3%83%81%E3%83%BC" n3="%E3%81%95%E3%81%8D%E3%81%9F%E3%81%BE%E6%9E%97%E6%AA%8E" dan="16,17,16,16" rate="2151.19,2270.31,2105.15,2124.30" sx="M,M,M,M"/><TAIKYOKU oya="0"/><INIT seed="0,0,0,5,3,25" ten="250,250,250,250" oya="0" hai0="96,38,98,20,124,46,3,60,32,92,74,59,28" hai1="39,12,73,94,88,80,135,10,18,47,109,103,84" hai2="51,82,15,67,14,105,2,33,116,66,71,108,121" hai3="120,77,65,130,31,99,55,19,26,85,42,95,117"/><T112/><D74/><U119/><E109/><V34/><F2/><W0/><G117/><T125/><D32/><U100/><E135/><V56/><F121/><W101/><G0/><T134/><D3/><U118/><E118/><V49/><F105/><W23/><G130/><T111/><D112/><U22/><E119/><V72/><F108/><W132/><G120/><T90/><D134/><U37/><E37/><V114/><F114/><W61/><G132/><T89/><D111/><U113/><E113/><V106/><F106/><W128/><G128/><T11/><D11/><U86/><E73/><V44/><F72/><W35/><G42/><T83/><D46/><U57/><E57/><V68/><F56/><N who="3" m="37031" /><G35/><T54/><D38/><U78/><REACH who="1" step="1"/><E10/><REACH who="1" ten="250,240,250,250" step="2"/><V24/><F116/><W127/><G127/><T129/><D129/><U133/><E133/><V64/><F71/><W70/><G70/><T97/><D124/><U126/><E126/><V36/><F68/><W8/><G8/><T62/><D125/><U76/><E76/><V4/><F36/><W122/><G122/><T17/><D62/><U53/><E53/><V30/><F67/><W27/><G55/><T16/><D90/><U104/><E104/><V123/><F64/><W79/><G79/><T5/><D60/><U48/><E48/><V91/><F51/><W87/><G77/><T41/><D54/><U7/><E7/><V75/><F4/><W6/><G6/><T13/><D59/><U9/><E9/><V107/><F66/><W50/><G50/><T40/><D5/><U131/><E131/><V110/><F123/><RYUUKYOKU ba="0,1" sc="250,-15,240,15,250,-15,250,15" hai1="12,18,22,39,47,78,80,84,86,88,94,100,103" hai3="19,23,26,27,31,85,87,95,99,101" /><INIT seed="1,1,1,2,4,72" ten="235,255,235,265" oya="1" hai0="67,115,59,56,69,62,9,127,39,71,89,2,84" hai1="23,18,122,49,29,103,21,97,93,86,47,54,1" hai2="102,51,123,42,63,75,58,26,118,78,70,4,40" hai3="90,131,105,107,135,45,20,31,13,10,129,101,104"/><U79/><E1/><V37/><F123/><W133/><G90/><T112/><D39/><U130/><E130/><N who="3" m="49674" /><G45/><T25/><D127/><U60/><E122/><V55/><F118/><W35/><G35/><T15/><D2/><U108/><E108/><V17/><F4/><W117/><G117/><T14/><D25/><N who="1" m="16559" /><E60/><V98/><F37/><W94/><G94/><T125/><D125/><U92/><E92/><V100/><F100/><W83/><G83/><T68/><D59/><U28/><E28/><V116/><F116/><W48/><G48/><T8/><D8/><U3/><E3/><V32/><F51/><W121/><G121/><T33/><D33/><U91/><E91/><V124/><F124/><W81/><G81/><T65/><D65/><U19/><E23/><V113/><F113/><W57/><G57/><T50/><D50/><U76/><E86/><V44/><F32/><W95/><G95/><T128/><D128/><U12/><E12/><V5/><F44/><W109/><G109/><T85/><D85/><U73/><E73/><V77/><F75/><W41/><G20/><T80/><REACH who="0" step="1"/><D15/><REACH who="0" ten="225,255,235,265" step="2"/><U82/><E82/><V61/><F58/><W134/><G13/><T38/><D38/><U43/><E43/><V88/><F42/><W132/><G132/><T0/><D0/><U96/><E96/><V16/><F98/><N who="3" m="61495" /><G41/><T126/><D126/><U22/><E22/><V111/><F40/><W106/><G31/><T114/><D114/><U24/><E24/><V6/><F26/><W87/><G87/><T74/><D74/><U99/><E99/><V34/><F111/><RYUUKYOKU ba="1,2" sc="225,10,255,10,235,-30,265,10" hai0="9,14,56,62,67,68,69,71,80,84,89,112,115" hai1="18,19,47,49,54,76,79,93,97,103" hai3="10,105,106,107,133,134,135" /><INIT seed="1,2,2,0,3,127" ten="235,265,205,275" oya="1" hai0="101,77,87,119,61,135,27,67,52,121,26,54,41" hai1="76,12,113,7,110,132,115,68,50,99,51,33,13" hai2="0,66,17,81,128,4,32,30,90,35,104,70,74" hai3="84,79,94,53,39,59,130,18,3,23,91,43,11"/><U89/><E33/><V55/><F55/><W49/><G79/><T24/><D119/><U1/><E68/><V118/><F17/><W122/><G122/><T85/><D121/><U71/><E71/><V102/><F90/><W95/><G39/><T117/><D117/><U86/><E132/><V8/><F118/><W82/><G43/><T45/><D135/><U73/><E1/><V98/><F128/><W96/><G130/><T129/><D129/><U88/><E73/><V40/><F40/><W93/><G11/><T16/><D101/><U64/><E76/><N who="2" m="44183" /><F30/><W47/><G3/><T134/><D134/><U58/><E110/><V36/><F36/><W44/><REACH who="3" step="1"/><G96/><REACH who="3" ten="235,265,205,265" step="2"/><T75/><D77/><U62/><E99/><V2/><F2/><W78/><G78/><T72/><D72/><U20/><E115/><V56/><F56/><W57/><G57/><N who="0" m="37295" /><D75/><U29/><E113/><V15/><F15/><AGARI ba="2,3" hai="15,18,23,44,47,49,53,59,82,84,91,93,94,95" machi="15" ten="40,2600,0" yaku="1,1,8,1,53,0" doraHai="127" doraHaiUra="103" who="3" fromWho="2" sc="235,0,265,0,205,-32,265,62" /><INIT seed="2,0,0,0,2,130" ten="235,265,173,327" oya="2" hai0="64,84,89,76,44,68,3,46,82,120,58,85,74" hai1="128,72,37,18,14,28,100,30,56,91,119,71,124" hai2="75,112,59,133,43,114,9,62,134,4,127,2,125" hai3="6,96,105,101,129,66,12,10,95,106,77,104,45"/><V118/><F118/><W11/><G129/><T87/><D68/><U109/><E71/><V65/><F75/><W21/><G77/><T42/><D120/><U19/><E119/><V81/><F81/><W1/><G21/><T103/><D103/><U53/><E128/><V32/><F43/><W121/><G121/><T60/><D3/><U16/><E37/><V69/><F59/><W99/><G66/><T23/><D23/><U38/><E38/><V70/><F32/><W61/><G61/><T63/><D63/><U27/><E109/><V117/><F69/><W26/><G26/><T41/><D89/><U108/><E108/><V20/><F20/><W29/><G29/><T0/><D0/><U83/><E124/><N who="2" m="47691" /><F117/><W55/><G45/><T31/><D31/><U93/><E28/><V51/><F51/><W49/><G49/><T17/><D17/><U115/><E83/><V33/><F33/><W102/><G55/><T22/><D22/><N who="1" m="15735" /><E72/><V13/><F2/><W90/><G90/><T15/><D74/><U122/><E91/><V50/><F50/><W52/><G52/><T86/><D41/><U25/><E25/><V36/><F36/><W97/><G97/><T135/><D42/><U132/><E122/><V40/><F40/><W39/><G39/><T80/><D80/><U34/><E34/><V57/><F70/><W107/><G95/><T88/><D82/><U78/><E78/><V111/><F111/><W47/><G47/><N who="0" m="17963" /><D76/><U35/><E35/><V67/><F67/><W24/><G24/><T113/><D64/><U48/><E48/><V79/><F79/><RYUUKYOKU ba="0,0" sc="235,-15,265,-15,173,15,327,15" hai2="4,9,13,57,62,65,112,114,133,134" hai3="1,6,10,11,12,96,99,101,102,104,105,106,107" /><INIT seed="2,1,0,5,4,80" ten="220,250,188,342" oya="2" hai0="115,60,24,31,66,33,2,74,41,99,43,81,62" hai1="8,128,0,35,103,135,68,73,92,10,12,83,39" hai2="27,7,30,130,88,53,64,132,133,51,108,22,114" hai3="129,47,82,42,19,124,16,45,89,67,29,91,112"/><V44/><F114/><W94/><G129/><T3/><D115/><U1/><E128/><V118/><F118/><W13/><G112/><T15/><D62/><U122/><E68/><V117/><F117/><W34/><G34/><T61/><D61/><U84/><E35/><V5/><F130/><W38/><G124/><T57/><D15/><U21/><E135/><N who="2" m="51787" /><F64/><W50/><G29/><T63/><D63/><U127/><E39/><V26/><F108/><W54/><G67/><T86/><D74/><U55/><E73/><V126/><F126/><W120/><G120/><T23/><D33/><U96/><E122/><V72/><F72/><W125/><G125/><T119/><D119/><U9/><E127/><V71/><F71/><W37/><G37/><T134/><D134/><U17/><REACH who="1" step="1"/><E55/><REACH who="1" ten="220,240,188,342" step="2"/><V40/><F53/><W49/><G38/><T52/><D66/><U101/><E101/><V59/><F59/><W90/><G54/><T113/><D113/><U109/><E109/><V58/><F58/><W105/><G47/><T56/><D56/><U95/><E95/><V32/><F88/><AGARI ba="1,1" hai="0,1,8,9,10,12,17,21,83,84,88,92,96,103" machi="88" ten="40,5200,0" yaku="1,1,52,1,54,1,53,0" doraHai="80" doraHaiUra="65" who="1" fromWho="2" sc="220,0,240,65,188,-55,342,0" /><INIT seed="3,0,0,5,3,87" ten="220,305,133,342" oya="3" hai0="2,73,130,38,41,86,4,129,47,100,135,94,68" hai1="36,78,72,14,0,75,3,97,21,84,108,55,80" hai2="17,89,81,69,79,18,104,56,7,92,67,40,65" hai3="117,115,122,49,9,52,71,54,90,132,103,6,5"/><W19/><G115/><T24/><D68/><U50/><E108/><V128/><F128/><N who="0" m="49258" /><D73/><U121/><E121/><V106/><F40/><W45/><G71/><T126/><D24/><U39/><E97/><V63/><F7/><W26/><G122/><T64/><D64/><U124/><E124/><V99/><F104/><W20/><G132/><T43/><D43/><U37/><E14/><V123/><F123/><W83/><G117/><T120/><D120/><U60/><E21/><V77/><F77/><W16/><G103/><T111/><D111/><U35/><E60/><V127/><F127/><W95/><G83/><T48/><D126/><U118/><E35/><V101/><F67/><W10/><G54/><T8/><D135/><U59/><E118/><V46/><F46/><W82/><G82/><T61/><D61/><U91/><REACH who="1" step="1"/><E72/><REACH who="1" ten="220,295,133,342" step="2"/><V12/><F69/><W88/><G10/><T112/><D112/><U105/><E105/><V34/><F34/><W42/><G9/><T96/><D86/><U74/><E74/><V62/><F62/><W27/><G20/><T13/><D13/><U23/><E23/><V25/><F12/><W119/><G119/><T44/><D44/><U114/><E114/><V110/><F110/><W113/><G45/><T107/><D107/><U31/><E31/><V28/><F28/><W1/><G113/><T32/><D32/><U58/><E58/><V133/><F133/><W134/><G134/><T70/><D70/><U76/><E76/><V116/><F116/><W30/><G30/><T109/><D109/><U53/><E53/><V93/><F106/><RYUUKYOKU ba="0,1" sc="220,15,295,15,133,-15,342,-15" hai0="2,4,8,38,41,47,48,94,96,100" hai1="0,3,36,37,39,50,55,59,75,78,80,84,91" owari="235,-16.5,310,11.0,118,-38.2,337,43.7" /></mjloggm>