<mjloggm ver="2.3"><GO type="225" lobby="0"/><UN n0="%E5%85%88%E7%89%A9%E3%81%AF%74%72%61%73%68" n1="%E9%B3%B3%E6%9D%B1%E3%81%AE%E3%81%86%E3%81%95%E3%81%8E%E3%81%95%E3%82%93" n2="%E3%82%8C%E3%81%99%E3%81%93" n3="%E3%81%9F%E3%81%8C%E3%82%84%E3%81%99" dan="17,17,17,17" rate="2165.60,2201.48,2150.25,2159.14" sx="M,M,F,M"/><TAIKYOKU oya="0"/><INIT seed="0,0,0,4,3,102" ten="250,250,250,250" oya="0" hai0="73,48,135,117,101,85,91,120,23,28,29,39,82" hai1="18,1,38,43,63,99,40,56,77,89,13,87,114" hai2="93,20,0,8,21,100,60,80,88,35,76,7,105" hai3="2,83,46,45,134,71,57,111,70,32,65,125,41"/><T130/><D120/><U69/><E1/><V62/><F35/><W42/><G2/><T92/><D117/><U119/><E119/><V25/><F100/><W103/><G32/><T112/><D112/><U115/><E69/><N who="3" m="26122" /><G83/><T14/><D39/><U94/><E38/><V79/><F105/><W64/><G103/><T19/><D135/><U37/><E37/><V128/><F128/><W27/><G27/><T47/><D130/><U34/><E34/><V95/><F95/><W5/><G5/><T109/><D109/><U10/><E115/><V4/><F4/><W61/><G125/><T133/><D133/><U118/><E118/><V52/><F21/><W81/><G81/><T58/><D58/><U50/><E50/><V113/><F113/><W72/><G72/><T67/><D67/><N who="3" m="25673" /><G134/><T24/><D24/><U75/><E75/><V84/><F52/><N who="3" m="33959" /><G111/><T116/><D116/><U9/><E9/><V6/><F6/><W26/><G26/><T12/><D12/><U106/><E114/><V66/><F66/><W74/><G74/><T53/><D73/><U78/><E106/><V31/><REACH who="2" step="1"/><F79/><REACH who="2" ten="250,250,240,250" step="2"/><W104/><G104/><T51/><D101/><N who="1" m="60663" /><E78/><V107/><F107/><W3/><G3/><T15/><D92/><N who="1" m="54335" /><E77/><V59/><F59/><W127/><G127/><T122/><D23/><U132/><E132/><V16/><F16/><W126/><G126/><T131/><D19/><U98/><E98/><AGARI ba="0,1" hai="0,7,8,20,25,31,60,62,76,80,84,88,93,98" machi="98" ten="30,3900,0" yaku="1,1,7,1,54,1,53,0" doraHai="102" doraHaiUra="68" who="2" fromWho="1" sc="250,0,250,-39,240,49,250,0" /><BYE who="2" /><UN n2="%E3%82%8C%E3%81%99%E3%81%93" /><INIT seed="1,0,0,4,1,27" ten="250,211,289,250" oya="1" hai0="71,73,67,78,38,133,3,91,113,37,101,121,75" hai1="116,35,112,5,11,2,119,24,34,18,125,7,132" hai2="110,56,54,134,107,42,105,83,111,8,135,23,95" hai3="127,60,53,47,49,109,129,4,88,117,115,59,87"/><U26/><E112/><V86/><F42/><W9/><G117/><N who="1" m="45130" /><E132/><N who="2" m="50731" /><F8/><W92/><G109/><N who="2" m="41481" /><F23/><W20/><G129/><T76/><D113/><U72/><E72/><V40/><F40/><W25/><G127/><T106/><D75/><U84/><E84/><V89/><F83/><W98/><G115/><T131/><D131/><U130/><E130/><V82/><F82/><W90/><G9/><T32/><D38/><U62/><E62/><AGARI ba="0,0" hai="54,56,62,86,89,95,105,107" m="41481,50731" machi="62" ten="30,2000,0" yaku="20,1,14,1" doraHai="27" who="2" fromWho="1" sc="250,0,211,-20,289,20,250,0" /><INIT seed="2,0,0,2,1,37" ten="250,191,309,250" oya="2" hai0="30,125,81,92,74,45,101,100,0,84,35,48,112" hai1="90,72,58,41,60,76,59,13,39,123,10,133,91" hai2="23,31,52,77,56,24,135,15,53,126,49,95,65" hai3="106,85,70,132,103,111,87,98,66,38,107,4,18"/><V130/><F130/><W6/><G38/><T108/><D112/><U83/><E133/><V121/><F121/><W119/><G119/><T43/><D0/><U50/><E39/><V62/><F135/><W33/><G132/><T1/><D1/><U97/><E123/><V99/><F126/><W22/><G33/><T11/><D108/><U129/><E129/><V16/><F77/><W93/><G111/><T88/><D125/><U71/><E71/><V114/><F114/><W64/><G70/><T9/><D35/><U34/><E34/><V79/><F79/><W94/><G107/><T86/><D30/><U42/><E58/><V40/><F40/><N who="1" m="15465" /><E50/><V44/><F49/><W122/><G106/><T115/><D74/><U118/><E72/><V120/><F44/><W102/><G122/><T134/><D115/><U51/><E51/><V105/><F105/><W2/><G2/><T36/><D36/><U12/><E118/><V5/><F120/><W32/><G32/><T46/><D46/><U116/><E116/><V131/><F131/><W68/><G68/><T57/><D57/><U80/><E76/><V78/><F78/><W117/><G117/><T19/><D134/><U20/><E20/><N who="2" m="11295" /><F5/><W3/><G3/><T124/><D124/><U82/><E97/><V21/><F21/><W113/><G113/><T8/><D19/><N who="1" m="8599" /><E13/><V14/><F14/><W96/><G22/><T109/><D109/><U69/><E69/><V128/><F128/><W28/><G18/><T29/><D29/><AGARI ba="0,0" hai="4,6,28,29,64,66,85,87,93,94,96,98,102,103" machi="29" ten="25,3200,0" yaku="22,2,8,1" doraHai="37" who="3" fromWho="0" sc="250,-32,191,0,309,0,250,32" /><INIT seed="3,0,0,3,5,30" ten="218,191,309,282" oya="3" hai0="79,14,90,64,71,50,70,114,11,62,112,33,38" hai1="96,80,61,76,52,39,127,55,84,46,59,85,135" hai2="113,88,4,24,111,72,69,98,35,74,92,29,22" hai3="41,73,87,42,21,117,15,48,86,102,8,95,34"/><W17/><G73/><T66/><D38/><U12/><E135/><V97/><F113/><N who="0" m="43626" /><D79/><U6/><E127/><V67/><F4/><W36/><G36/><T44/><D33/><U75/><E6/><V57/><F69/><N who="0" m="26122" /><D62/><U126/><E126/><V26/><F111/><W54/><G34/><T129/><D129/><U116/><E116/><V78/><F78/><W65/><G117/><T10/><D90/><U100/><E12/><V43/><F43/><W122/><G65/><N who="0" m="25195" /><D14/><U108/><E108/><V60/><F98/><W107/><G42/><AGARI ba="0,0" hai="10,11,42,44,50" m="25195,26122,43626" machi="42" ten="30,1000,0" yaku="11,1" doraHai="30" who="0" fromWho="3" sc="218,10,191,0,309,0,282,-10" owari="228,-17.2,191,-30.9,309,40.9,272,7.2" /></mjloggm>