<mjloggm ver="2.3"><GO type="225" lobby="0"/><UN n0="%E3%83%B4%E3%83%A0%EF%BC%99%E3%81%A6" n1="%E5%8C%97%E6%AC%A7%E3%81%AE%E3%82%82%E3%81%93%E3%81%86" n2="%E6%A1%9C%E8%8A%B1%E9%96%83%E3%80%85" n3="%E5%8D%A0%E3%81%84%E5%B8%AB%E8%A3%8F%E3%81%AA%E3%81%84%E3%81%97" dan="17,16,17,17" rate="2130.36,2155.28,2230.41,2279.50" sx="M,M,M,M"/><TAIKYOKU oya="0"/><INIT seed="0,0,0,5,3,45" ten="250,250,250,250" oya="0" hai0="32,114,105,37,21,22,15,104,71,72,44,126,9" hai1="50,41,70,2,93,113,55,62,111,86,17,14,25" hai2="90,125,46,128,28,26,98,81,53,80,38,133,129" hai3="16,19,76,8,13,7,11,94,122,64,117,123,4"/><T100/><D114/><U73/><E73/><V91/><F125/><W115/><G76/><T120/><D120/><N who="3" m="46121" /><G115/><T103/><D32/><U109/><E2/><V95/><F133/><W130/><G64/><T131/><D72/><U112/><E25/><V43/><F53/><W116/><G94/><T36/><D71/><U27/><E27/><V34/><REACH who="2" step="1"/><F91/><REACH who="2" ten="250,250,240,250" step="2"/><W5/><G130/><AGARI ba="0,1" hai="26,28,34,38,43,46,80,81,90,95,98,128,129,130" machi="130" ten="40,8000,1" yaku="1,1,2,1,19,1,53,1" doraHai="45" doraHaiUra="24" who="2" fromWho="3" sc="250,0,250,0,240,90,250,-80" /><INIT seed="1,0,0,4,2,20" ten="250,250,330,170" oya="1" hai0="31,107,134,128,41,132,21,122,61,75,133,4,49" hai1="92,84,83,44,113,94,14,52,106,117,76,18,36" hai2="60,125,110,13,79,89,3,6,38,114,29,9,5" hai3="55,24,69,115,57,74,86,27,35,2,33,71,64"/><U109/><E113/><V102/><F114/><W70/><G74/><T34/><D75/><U12/><E117/><V8/><F110/><W108/><G115/><T130/><D107/><U87/><E106/><V19/><F38/><W112/><G112/><T62/><D34/><U124/><E124/><V129/><F125/><W119/><G2/><T63/><D4/><U23/><E109/><V30/><F79/><W51/><G108/><T123/><D21/><U95/><E36/><V46/><F102/><W96/><G119/><T66/><D66/><U91/><E12/><V59/><F129/><N who="0" m="49770" /><D31/><U97/><E97/><V78/><F19/><W10/><G64/><T42/><D49/><AGARI ba="0,0" hai="14,18,23,44,49,52,76,83,84,87,91,92,94,95" machi="49" ten="40,3900,0" yaku="8,1,54,1" doraHai="20" who="1" fromWho="0" sc="250,-39,250,39,330,0,170,0" /><INIT seed="1,1,0,0,4,76" ten="211,289,330,170" oya="1" hai0="54,117,78,112,52,60,13,125,98,131,67,57,14" hai1="101,71,16,87,104,82,123,106,70,29,9,135,110" hai2="75,129,114,122,116,102,80,40,59,66,51,81,25" hai3="103,33,62,128,92,7,100,19,95,105,124,88,34"/><U5/><E123/><V28/><F122/><W86/><G124/><T42/><D117/><U130/><E29/><V44/><F116/><W4/><G105/><T21/><D112/><U36/><E36/><V68/><F114/><W10/><G128/><T61/><D125/><U20/><E130/><V74/><F129/><W73/><G73/><T109/><D131/><U26/><E135/><V77/><F68/><W32/><G19/><T96/><D109/><U50/><E110/><V120/><F102/><W47/><G4/><T93/><D42/><U39/><E39/><V127/><F127/><W15/><G47/><T113/><D113/><U48/><E71/><V53/><F66/><W43/><G43/><T41/><D41/><U38/><E70/><V11/><F11/><W84/><REACH who="3" step="1"/><G62/><REACH who="3" ten="211,289,330,160" step="2"/><T12/><D61/><U22/><E106/><V90/><F75/><W85/><G85/><T115/><D115/><U119/><E104/><V55/><F74/><W18/><G18/><T0/><D96/><U31/><E16/><V8/><F40/><W132/><G132/><T83/><D0/><U65/><E5/><V121/><F44/><W111/><G111/><T46/><D46/><U79/><E87/><V97/><F121/><W3/><G3/><T1/><D1/><U17/><E17/><V133/><F133/><W37/><G37/><T63/><D63/><U64/><E38/><V108/><F120/><W2/><G2/><T45/><D45/><U49/><E119/><V72/><F72/><W91/><AGARI ba="1,1" hai="7,10,15,32,33,34,84,86,88,91,92,95,100,103" machi="91" ten="40,12000,2" yaku="1,1,0,1,9,1,54,1,53,2" doraHai="76" doraHaiUra="89" who="3" fromWho="3" sc="211,-31,289,-61,330,-31,160,133" /><INIT seed="2,0,0,5,0,6" ten="180,228,299,293" oya="2" hai0="72,93,7,68,90,49,23,0,38,134,105,13,82" hai1="121,63,99,88,118,66,52,122,55,41,91,20,101" hai2="39,26,67,74,10,119,104,78,107,110,56,2,33" hai3="57,98,21,47,77,113,120,18,127,135,123,24,45"/><V51/><F51/><W70/><G70/><T32/><D32/><U125/><E41/><V5/><F56/><W102/><G135/><T83/><D38/><U106/><E118/><V16/><F119/><W4/><G127/><T60/><D105/><U81/><E125/><V92/><F92/><W128/><G128/><T62/><D134/><U43/><E43/><V133/><F133/><W129/><G129/><T3/><D3/><U69/><E20/><V111/><F67/><W46/><G113/><T58/><D0/><U87/><REACH who="1" step="1"/><E91/><REACH who="1" ten="180,218,299,293" step="2"/><V131/><F131/><W9/><G123/><AGARI ba="0,1" hai="52,55,63,66,69,81,87,88,99,101,106,121,122,123" machi="123" ten="40,8000,1" yaku="1,1,2,1,13,1,54,2,53,0" doraHai="6" doraHaiUra="25" who="1" fromWho="3" sc="180,0,218,90,299,0,293,-80" /><INIT seed="3,0,0,2,5,119" ten="180,308,299,213" oya="3" hai0="111,74,42,0,70,1,129,4,95,18,134,55,19" hai1="28,39,69,94,93,85,44,116,114,38,40,56,133" hai2="131,32,118,37,125,107,30,80,7,6,127,72,27" hai3="51,31,57,71,91,17,67,66,96,47,33,13,22"/><W113/><G113/><T54/><D74/><U12/><E69/><V103/><F118/><W75/><G75/><T117/><D117/><U9/><E114/><V49/><F37/><W82/><G71/><T68/><D42/><U34/><E39/><V83/><F131/><W36/><G36/><T41/><D41/><U29/><E133/><V8/><F49/><W76/><G33/><T16/><D129/><U73/><E73/><V100/><F6/><W92/><G31/><T87/><D134/><U105/><E105/><V61/><F61/><W14/><G57/><T77/><D111/><U123/><E123/><V112/><F112/><W115/><G115/><T59/><D54/><U108/><E34/><V52/><F52/><N who="3" m="29823" /><G82/><N who="2" m="31273" /><F107/><W121/><G121/><T98/><D87/><U120/><E120/><V132/><F132/><W45/><G45/><T102/><D77/><U11/><E108/><V23/><F32/><W48/><G48/><T2/><REACH who="0" step="1"/><D4/><REACH who="0" ten="170,308,299,213" step="2"/><U64/><E116/><V81/><F72/><W122/><G76/><T63/><AGARI ba="0,1" hai="0,1,2,16,18,19,55,59,63,68,70,95,98,102" machi="63" ten="40,8000,1" yaku="1,1,2,1,0,1,54,1,53,0" doraHai="119" doraHaiUra="24" who="0" fromWho="0" sc="170,90,308,-20,299,-20,213,-40" /><INIT seed="4,0,0,1,3,33" ten="260,288,279,173" oya="0" hai0="0,68,35,85,93,53,62,29,114,128,54,101,18" hai1="76,24,129,27,38,88,86,16,75,99,125,3,82" hai2="64,48,26,46,80,39,21,122,115,123,107,100,72" hai3="34,96,52,6,89,113,41,90,103,9,121,79,111"/><T116/><D116/><U108/><E108/><V87/><F72/><W77/><G111/><T4/><D114/><U17/><E3/><V14/><F39/><W105/><G113/><T22/><D128/><U44/><E129/><V70/><F115/><W83/><G34/><T5/><D5/><U130/><E130/><V78/><F14/><W106/><G121/><T74/><D74/><U60/><E125/><V67/><F107/><W36/><G105/><T1/><D68/><U119/><E119/><V102/><F122/><W30/><G30/><T118/><D118/><U81/><E60/><V112/><F123/><W12/><G77/><T94/><D101/><N who="2" m="39018" /><F70/><W66/><G66/><T92/><D85/><N who="1" m="50223" /><E38/><V37/><F37/><W109/><G109/><T71/><D0/><U124/><E75/><V49/><F49/><W55/><G36/><T45/><D45/><U63/><E99/><V15/><F15/><W104/><G41/><T98/><D98/><U25/><E124/><V120/><F120/><W91/><REACH who="3" step="1"/><G104/><REACH who="3" ten="260,288,279,163" step="2"/><T132/><D35/><U2/><E76/><V110/><F110/><W51/><G51/><T58/><D29/><U31/><E31/><N who="2" m="17871" /><F112/><W69/><G69/><T59/><D71/><U32/><E32/><V84/><F84/><AGARI ba="0,1" hai="6,9,12,52,55,79,83,84,89,90,91,96,103,106" machi="84" ten="40,2600,0" yaku="1,1,54,1,53,0" doraHai="33" doraHaiUra="126" who="3" fromWho="2" sc="260,0,288,0,279,-26,163,36" /><INIT seed="5,0,0,1,3,55" ten="260,288,253,199" oya="1" hai0="11,32,122,0,78,106,116,15,73,130,119,68,51" hai1="84,77,118,44,81,1,41,43,3,99,9,14,103" hai2="120,30,102,4,53,31,110,10,111,121,19,124,49" hai3="129,17,36,101,96,71,7,29,46,52,107,28,23"/><U75/><E118/><V93/><F102/><W18/><G71/><T24/><D68/><U117/><E117/><V108/><F93/><W115/><G115/><T100/><D100/><U42/><E75/><V16/><F124/><W86/><G129/><T131/><D106/><U135/><E135/><V94/><F94/><W62/><G7/><N who="0" m="1511" /><D51/><U54/><E54/><V123/><F53/><W109/><G109/><T63/><D63/><U95/><E44/><V37/><F49/><W56/><G17/><N who="2" m="6729" /><F37/><W58/><G86/><T25/><D15/><AGARI ba="0,0" hai="4,10,15,30,31,108,110,111,120,121,123" m="6729" machi="15" ten="40,5200,0" yaku="34,2,54,1" doraHai="55" who="2" fromWho="0" sc="260,-52,288,0,253,52,199,0" owari="208,-19.2,288,8.8,305,40.5,199,-30.1" /></mjloggm>