<mjloggm ver="2.3"><GO type="225" lobby="0"/><UN n0="%E3%81%BD%E3%81%A1%E3%81%9F%E3%81%93%E3%82%84" n1="%E6%9C%88%E5%B3%B6%E5%9F%BA" n2="%E3%81%BF%E3%81%BF%E3%81%9A" n3="%70%6F%69%73%6F%6E%30%32" dan="17,18,17,16" rate="2178.36,2253.57,2253.03,2048.51" sx="M,M,M,M"/><TAIKYOKU oya="0"/><INIT seed="0,0,0,4,3,105" ten="250,250,250,250" oya="0" hai0="113,61,92,90,91,2,48,23,27,97,5,123,122" hai1="62,38,116,76,57,89,41,121,132,26,21,18,14" hai2="96,33,7,101,40,53,12,93,60,129,80,112,15" hai3="130,75,13,64,31,83,127,30,46,133,17,49,100"/><T10/><D113/><U120/><E116/><V102/><F33/><W134/><G100/><T78/><D78/><U119/><E119/><V85/><F112/><W22/><G64/><T88/><D48/><U11/><E132/><N who="3" m="50794" /><G130/><T126/><D126/><U108/><E108/><V54/><F129/><W34/><G127/><T0/><D0/><U42/><E76/><V69/><F102/><W36/><G36/><T19/><REACH who="0" step="1"/><D61/><REACH who="0" ten="240,250,250,250" step="2"/><U79/><E79/><V94/><F60/><W103/><G34/><T111/><D111/><U98/><E38/><V39/><F39/><W20/><G49/><T55/><D55/><N who="1" m="34111" /><E121/><AGARI ba="0,1" hai="2,5,10,19,23,27,88,90,91,92,97,121,122,123" machi="121" ten="40,3900,0" yaku="1,1,54,1,53,0" doraHai="105" doraHaiUra="115" who="0" fromWho="1" sc="240,49,250,-39,250,0,250,0" /><INIT seed="0,1,0,0,0,66" ten="289,211,250,250" oya="0" hai0="95,77,33,21,10,82,107,44,27,63,125,73,7" hai1="87,47,103,46,54,112,59,26,6,56,131,39,51" hai2="116,68,101,61,102,64,110,14,43,57,74,37,71" hai3="52,8,97,133,31,36,89,4,12,117,5,60,76"/><T62/><D107/><U120/><E120/><V45/><F74/><W29/><G36/><T122/><D33/><U41/><E6/><V75/><F75/><W94/><G133/><T2/><D125/><U49/><E103/><V67/><F110/><W113/><G113/><T109/><D122/><U15/><E15/><V65/><F116/><W18/><G76/><T70/><D109/><U128/><E87/><V13/><F13/><W115/><G115/><T69/><D95/><U85/><E26/><V114/><F114/><W119/><G5/><T11/><D11/><U130/><E85/><V83/><F14/><W50/><G60/><T127/><D127/><U108/><E112/><V98/><F83/><W92/><G92/><T123/><D123/><U132/><E108/><V32/><F32/><W35/><G18/><T118/><D118/><N who="3" m="45065" /><G35/><T19/><D63/><U121/><E121/><V135/><F102/><W129/><G129/><T105/><D105/><U99/><E99/><V53/><REACH who="2" step="1"/><F135/><REACH who="2" ten="289,211,240,250" step="2"/><W24/><G24/><T134/><D134/><U23/><E132/><V28/><F28/><W42/><G42/><T100/><D100/><U58/><E23/><V78/><F78/><W126/><G126/><T9/><D9/><U93/><E93/><AGARI ba="1,1" hai="37,43,45,53,57,61,64,65,67,68,71,93,98,101" machi="93" ten="40,5200,0" yaku="1,1,52,2,53,0" doraHai="66" doraHaiUra="34" who="2" fromWho="1" sc="289,0,211,-55,240,65,250,0" /><INIT seed="1,0,0,2,2,68" ten="289,156,305,250" oya="1" hai0="111,74,96,79,61,98,48,83,126,35,73,40,90" hai1="104,124,8,132,100,101,117,116,50,36,127,105,47" hai2="85,24,80,11,56,82,37,55,21,102,42,13,81" hai3="72,114,118,120,10,2,33,86,53,20,121,30,19"/><U70/><E70/><V106/><F106/><N who="1" m="41065" /><E50/><V107/><F107/><W31/><G72/><N who="0" m="43495" /><D61/><U14/><E14/><V91/><F102/><N who="1" m="39529" /><E8/><V44/><F21/><W112/><G86/><T65/><D65/><U27/><E27/><V39/><F39/><W128/><G53/><T6/><D48/><U103/><N who="1" m="39537" /><U7/><DORA hai="131" /><E7/><V109/><F109/><W113/><G128/><T135/><D40/><U4/><E4/><V23/><F13/><N who="3" m="9327" /><G118/><N who="1" m="45674" /><E47/><V63/><REACH who="2" step="1"/><F11/><REACH who="2" ten="289,156,295,250" step="2"/><W41/><G10/><T17/><D111/><U94/><E36/><V87/><F87/><W115/><G115/><T93/><D73/><U15/><E15/><V51/><F51/><W76/><G2/><T67/><D74/><U12/><E12/><V1/><F1/><W122/><G33/><T125/><D35/><U22/><E22/><V62/><F62/><W38/><G38/><T34/><D34/><U84/><E132/><V43/><F43/><W99/><G41/><T89/><D135/><U49/><E49/><V57/><F57/><W25/><G114/><T108/><D108/><U78/><E94/><V60/><F60/><W58/><G58/><T77/><D6/><U71/><E71/><V16/><AGARI ba="0,1" hai="16,23,24,37,42,44,55,56,63,80,81,82,85,91" machi="16" ten="20,8000,1" yaku="1,1,0,1,7,1,52,1,54,1,53,0" doraHai="68,131" doraHaiUra="28,130" who="2" fromWho="2" sc="289,-20,156,-40,295,90,250,-20" /><INIT seed="2,0,0,2,5,15" ten="269,116,385,230" oya="2" hai0="100,10,127,3,48,46,102,96,1,73,70,57,95" hai1="91,72,108,85,55,39,128,126,7,11,8,21,22" hai2="123,13,61,117,119,23,103,27,17,115,50,65,24" hai3="53,77,134,111,69,129,44,133,14,79,5,42,86"/><V49/><F115/><W34/><G34/><T41/><D70/><U38/><E108/><V12/><F123/><W59/><G111/><T26/><D73/><U107/><E126/><V35/><F103/><W66/><G129/><T121/><D121/><U80/><E107/><V118/><F12/><W94/><G66/><T83/><D127/><U114/><E114/><V16/><F35/><W106/><G69/><T81/><D102/><U99/><E128/><V6/><F6/><W125/><G125/><T74/><D10/><U84/><E72/><V105/><F105/><W97/><G106/><T62/><D26/><U54/><E7/><V130/><F130/><W25/><G25/><T71/><D71/><U92/><E80/><V124/><F124/><W56/><G56/><T40/><D41/><U88/><REACH who="1" step="1"/><E92/><REACH who="1" ten="269,106,385,230" step="2"/><V2/><F118/><W132/><G5/><T19/><D81/><U32/><E32/><V90/><F117/><W78/><G134/><T29/><D83/><U122/><E122/><V43/><F119/><W76/><G94/><T98/><D74/><U63/><E63/><V82/><F61/><W120/><G133/><T89/><D62/><U30/><E30/><V135/><F82/><W104/><G132/><T31/><D29/><U109/><E109/><V9/><F135/><W110/><G104/><N who="0" m="63495" /><D31/><U87/><E87/><V112/><F112/><W47/><G86/><T45/><D95/><U37/><E37/><V67/><F2/><W68/><G110/><T4/><D1/><U116/><E116/><V20/><F17/><W58/><G120/><T52/><D19/><RYUUKYOKU ba="0,1" sc="269,-10,106,30,385,-10,230,-10" hai1="8,11,21,22,38,39,54,55,84,85,88,91,99" /><INIT seed="3,1,1,4,0,133" ten="259,136,375,220" oya="3" hai0="42,82,36,35,47,49,21,28,19,74,105,70,78" hai1="65,107,56,22,128,52,113,123,26,104,126,54,87" hai2="130,106,75,17,34,111,92,9,81,103,64,18,7" hai3="59,94,134,109,98,38,125,43,41,53,39,85,33"/><W63/><G33/><T11/><D105/><U71/><E113/><V0/><F34/><W131/><G134/><T60/><D11/><U76/><E123/><V29/><F29/><W45/><G131/><T117/><D117/><U121/><E121/><V112/><F64/><W79/><G109/><T8/><D8/><U84/><E128/><V118/><F118/><W32/><G32/><T95/><D28/><U77/><E71/><V44/><F130/><W68/><G68/><T101/><D35/><U100/><E65/><V120/><F111/><W108/><G108/><T13/><D60/><U97/><E126/><V114/><F120/><W119/><G119/><T102/><D70/><U86/><E104/><V93/><F17/><W124/><G85/><T23/><D23/><U135/><E135/><V57/><F18/><W37/><G79/><T72/><D72/><U122/><E122/><V99/><F57/><W90/><REACH who="3" step="1"/><G43/><REACH who="3" ten="259,136,375,210" step="2"/><T15/><D42/><U12/><E77/><V132/><F132/><W48/><AGARI ba="1,2" hai="37,38,39,41,45,48,53,59,63,90,94,98,124,125" machi="48" ten="40,12000,1" yaku="1,1,2,1,0,1,52,2,53,0" doraHai="133" doraHaiUra="5" who="3" fromWho="3" sc="259,-41,136,-41,375,-41,210,143" owari="218,-18.2,95,-40.5,334,13.4,353,45.3" /></mjloggm>