<mjloggm ver="2.3"><GO type="225" lobby="0"/><UN n0="%E3%83%B4%E3%83%A0%EF%BC%99%E3%81%A6" n1="%E3%82%B9%E3%83%BC%E3%83%91%E3%83%BC%E3%81%BE%E3%81%BB%E3%81%A3%E3%81%A1" n2="%E9%B3%B3%E6%9D%B1%E3%81%AE%E3%81%BF%E3%81%91%E3%81%AB%E3%82%83%E3%82%93" n3="%33%74%72%65%65" dan="16,16,16,17" rate="2152.28,2102.64,2118.21,2186.61" sx="M,F,F,F"/><TAIKYOKU oya="0"/><INIT seed="0,0,0,2,3,100" ten="250,250,250,250" oya="0" hai0="34,33,125,78,104,113,19,79,84,37,0,114,74" hai1="64,83,51,44,131,73,3,22,135,67,53,77,65" hai2="55,115,94,26,108,35,15,28,107,27,106,1,97" hai3="119,32,75,29,117,59,25,103,38,121,60,88,90"/><T47/><D125/><U45/><E3/><V128/><F1/><W14/><G121/><T105/><D84/><U39/><E131/><V82/><F115/><N who="0" m="44042" /><D19/><U12/><E135/><V6/><F128/><W16/><G75/><T49/><D49/><U80/><E83/><V129/><F129/><W11/><G38/><T20/><D20/><U10/><E22/><V122/><F122/><W76/><G76/><T48/><D48/><U96/><E96/><V18/><F6/><W9/><G103/><T66/><D66/><U92/><E92/><V46/><F27/><W43/><G43/><N who="0" m="23023" /><D78/><U98/><E98/><V70/><F70/><W63/><G11/><T134/><D0/><U57/><REACH who="1" step="1"/><E39/><REACH who="1" ten="250,240,250,250" step="2"/><V130/><F130/><W4/><G119/><T40/><D134/><U56/><E56/><V41/><F82/><W5/><G117/><T72/><D40/><U124/><E124/><V111/><F41/><W7/><REACH who="3" step="1"/><G63/><REACH who="3" ten="250,240,250,240" step="2"/><T69/><D79/><U87/><E87/><V132/><F132/><W116/><G116/><T93/><D72/><U95/><E95/><V86/><F86/><W118/><G118/><T126/><D126/><U110/><E110/><N who="2" m="42027" /><F94/><W13/><G13/><T23/><D74/><U61/><E61/><V31/><F97/><W133/><G133/><T54/><D93/><U52/><E52/><AGARI ba="0,2" hai="4,5,7,9,14,16,25,29,32,52,59,60,88,90" machi="52" ten="40,8000,1" yaku="1,1,54,3,53,0" doraHai="100" doraHaiUra="62" who="3" fromWho="1" sc="250,0,240,-80,250,0,240,100" /><INIT seed="1,0,0,2,4,16" ten="250,160,250,340" oya="1" hai0="128,33,48,74,44,42,104,78,92,91,107,71,3" hai1="53,81,135,45,103,126,113,72,46,127,28,89,116" hai2="13,97,51,14,110,20,119,99,10,39,26,58,69" hai3="98,90,54,118,130,79,100,70,93,6,108,9,85"/><U124/><E116/><V105/><F119/><W56/><G108/><T86/><D33/><U75/><E113/><V32/><F39/><W101/><G118/><T121/><D71/><U131/><E103/><V49/><F69/><W8/><G70/><T102/><D128/><U59/><E131/><V61/><F32/><W23/><G130/><T83/><D3/><U4/><E4/><V95/><F105/><W114/><G114/><T52/><D121/><U76/><E135/><V115/><F110/><W73/><G73/><T29/><D29/><U112/><E112/><V27/><F27/><W40/><G40/><T80/><D102/><U82/><E28/><N who="2" m="17479" /><F97/><W122/><G122/><T7/><D7/><U34/><E34/><V67/><F115/><W109/><G109/><T57/><REACH who="0" step="1"/><D92/><REACH who="0" ten="240,160,250,340" step="2"/><U65/><E65/><V120/><F120/><W123/><G93/><T11/><D11/><U36/><E36/><AGARI ba="0,1" hai="36,42,44,48,52,57,74,78,80,83,86,91,104,107" machi="36" ten="30,3900,0" yaku="1,1,7,1,54,1,53,0" doraHai="16" doraHaiUra="62" who="0" fromWho="1" sc="240,49,160,-39,250,0,340,0" /><INIT seed="2,0,0,4,5,122" ten="289,121,250,340" oya="2" hai0="84,60,134,135,39,45,102,51,103,100,96,21,85" hai1="101,11,119,66,77,123,106,99,52,88,71,80,112" hai2="68,64,129,9,87,55,69,97,74,2,29,116,38" hai3="42,32,83,16,34,6,115,18,33,107,111,117,22"/><V65/><F74/><W63/><G107/><T30/><D39/><U91/><E123/><V58/><F29/><W79/><G117/><T46/><D96/><U37/><E119/><V53/><F87/><W43/><G6/><T108/><D60/><U113/><E37/><V54/><F97/><W104/><G104/><T81/><D108/><U15/><E66/><N who="2" m="25707" /><F9/><W92/><G111/><T35/><D35/><U24/><E24/><V105/><F2/><W70/><G115/><T1/><D1/><U62/><E71/><N who="2" m="27211" /><F105/><W5/><G5/><T94/><D94/><U67/><E67/><V109/><F116/><W3/><G70/><T72/><D72/><U128/><E128/><V28/><F28/><W127/><G92/><T120/><D120/><U47/><E112/><V126/><F129/><W132/><G18/><T76/><D84/><U48/><E62/><N who="2" m="36175" /><F126/><W23/><G23/><T57/><D21/><U31/><E31/><V59/><F109/><W7/><G22/><T49/><D30/><U10/><E113/><V20/><F20/><W0/><G0/><T98/><D98/><U89/><REACH who="1" step="1"/><E15/><REACH who="1" ten="289,111,250,340" step="2"/><V130/><F130/><W25/><G3/><T82/><D76/><U26/><E26/><V61/><F38/><W4/><G79/><T125/><D125/><U95/><E95/><V14/><F14/><W36/><G25/><T19/><D81/><U13/><E13/><V110/><F110/><W131/><G36/><T27/><D82/><U86/><AGARI ba="0,1" hai="10,11,47,48,52,77,80,86,88,89,91,99,101,106" machi="86" ten="30,7900,0" yaku="1,1,0,1,54,2,53,0" doraHai="122" doraHaiUra="121" who="1" fromWho="1" sc="289,-20,111,89,250,-39,340,-20" /><INIT seed="3,0,0,3,2,93" ten="269,200,211,320" oya="3" hai0="85,92,18,101,3,25,20,42,24,71,96,39,73" hai1="125,19,65,6,48,44,83,64,26,59,12,5,8" hai2="66,62,70,120,68,123,115,118,4,33,31,61,90" hai3="30,23,80,132,1,105,72,86,126,29,46,89,27"/><W67/><G132/><T55/><D73/><U122/><E122/><N who="2" m="46635" /><F118/><W54/><G126/><T113/><D3/><U53/><E125/><V84/><F115/><W17/><G1/><T100/><D71/><N who="2" m="27178" /><F4/><W133/><G133/><T110/><D110/><U88/><E26/><N who="2" m="18679" /><F66/><N who="1" m="25705" /><E59/><V117/><F117/><W129/><G67/><T135/><D135/><U38/><E38/><V41/><F41/><W134/><G134/><T109/><D109/><U107/><E107/><V111/><F111/><W58/><G105/><T131/><D113/><U106/><E106/><V69/><N who="2" m="27186" /><V112/><DORA hai="45" /><F112/><W95/><G58/><T13/><D42/><U97/><E97/><V57/><F57/><W99/><G72/><T37/><D96/><U32/><E32/><V51/><F51/><N who="3" m="29047" /><G129/><T14/><D37/><U2/><E2/><V108/><F108/><W87/><G87/><AGARI ba="0,0" hai="5,6,8,12,19,44,48,53,83,87,88" m="25705" machi="87" ten="30,7700,0" yaku="25,1,8,1,52,1,54,1" doraHai="93,45" who="1" fromWho="3" sc="269,0,200,77,211,0,320,-77" /><INIT seed="4,0,0,3,1,89" ten="269,277,211,243" oya="0" hai0="77,0,37,39,88,52,123,93,91,124,35,56,13" hai1="79,46,54,92,122,110,64,135,2,85,95,73,18" hai2="19,24,113,38,55,68,11,3,27,90,32,128,21" hai3="26,74,61,45,117,132,62,111,120,130,22,97,96"/><T119/><D123/><U114/><E2/><V1/><F68/><W72/><G111/><T28/><D0/><N who="2" m="74" /><F55/><W116/><G45/><T44/><D119/><U84/><E122/><V58/><F58/><W40/><G120/><T100/><D77/><U9/><E110/><V75/><F38/><W42/><G22/><T76/><D76/><U127/><E127/><V7/><F90/><W31/><G26/><T36/><D44/><U106/><E106/><V16/><F75/><W41/><G31/><T102/><D28/><U59/><E73/><N who="3" m="28266" /><G132/><T129/><D35/><U98/><E98/><N who="3" m="37994" /><G130/><T104/><D129/><U30/><E135/><V107/><F107/><W33/><G33/><T15/><D104/><U78/><E30/><N who="2" m="19527" /><F128/><W131/><G131/><T57/><D37/><U86/><E64/><V112/><F19/><W50/><G50/><T125/><D52/><U20/><E46/><V8/><F7/><W63/><AGARI ba="0,0" hai="40,41,42,61,62,63,116,117" m="37994,28266" machi="63" ten="40,2700,0" yaku="28,2" doraHai="89" who="3" fromWho="3" sc="269,-13,277,-7,211,-7,243,27" /><INIT seed="5,0,0,0,3,73" ten="256,270,204,270" oya="1" hai0="11,56,41,83,62,67,79,81,108,102,68,75,12" hai1="78,90,99,36,52,109,34,9,87,13,16,49,18" hai2="31,21,126,74,55,134,60,70,94,88,40,29,27" hai3="103,107,113,72,15,93,5,85,71,125,2,45,131"/><U76/><E36/><V1/><F1/><W58/><G71/><T8/><D108/><U50/><E109/><V130/><F40/><W22/><G113/><T95/><D41/><U128/><E34/><V82/><F134/><W86/><G72/><T48/><D81/><N who="1" m="49519" /><E128/><V51/><F130/><W120/><G107/><T84/><D68/><U111/><E111/><V42/><F42/><W116/><G2/><T44/><D75/><U17/><E99/><V23/><F126/><W133/><G120/><T53/><D12/><U47/><E49/><V10/><F10/><W59/><G116/><T80/><D80/><U97/><E97/><AGARI ba="0,0" hai="8,11,44,48,53,56,62,67,79,83,84,95,97,102" machi="97" ten="40,2600,0" yaku="8,1,52,1" doraHai="73" who="0" fromWho="1" sc="256,26,270,-26,204,0,270,0" /><INIT seed="6,0,0,0,3,58" ten="282,244,204,270" oya="2" hai0="96,134,115,13,8,123,2,67,120,103,112,21,64" hai1="131,122,35,9,52,77,127,108,82,25,10,91,66" hai2="90,45,84,129,37,40,87,126,124,23,78,116,61" hai3="102,24,48,57,69,81,74,107,63,28,36,114,86"/><V119/><F129/><W106/><G36/><T15/><D2/><U38/><E108/><V33/><F33/><W101/><G74/><T49/><D134/><U98/><E38/><V27/><F78/><W99/><G114/><N who="0" m="43563" /><D21/><U47/><E131/><V22/><F116/><W20/><G69/><T6/><D15/><U75/><E66/><V55/><F119/><W62/><G106/><T56/><D49/><U92/><E127/><N who="2" m="48683" /><F27/><W59/><G102/><T105/><D64/><U12/><E122/><V76/><F76/><W93/><G107/><T73/><D73/><U14/><E25/><V50/><F87/><W29/><G29/><T97/><D96/><U54/><E47/><N who="2" m="28127" /><F61/><AGARI ba="0,0" hai="6,8,13,56,61,67,97,103,105,120,123" m="43563" machi="61" ten="30,2000,0" yaku="15,1,52,1" doraHai="58" who="0" fromWho="2" sc="282,20,244,0,204,-20,270,0" owari="302,40.2,244,-15.6,184,-31.6,270,7.0" /></mjloggm>