<mjloggm ver="2.3"><GO type="225" lobby="0"/><UN n0="%E6%A1%9C%E8%8A%B1%E9%96%83%E3%80%85" n1="%E9%BB%99%E8%81%B4%E3%81%AE%E3%81%99%E3%82%9D%E3%82%81" n2="%E4%BF%BA%E3%81%A8%E5%A6%96%E5%A4%A2" n3="%E3%81%BF%E3%81%BF%E3%81%9A" dan="16,16,16,17" rate="2101.37,2150.32,2206.51,2186.93" sx="M,M,F,M"/><TAIKYOKU oya="0"/><INIT seed="0,0,0,5,4,119" ten="250,250,250,250" oya="0" hai0="93,2,121,44,114,17,65,29,61,130,110,13,33" hai1="109,108,85,117,36,20,56,3,84,25,16,76,37" hai2="82,14,1,22,21,94,28,5,4,50,111,115,23" hai3="63,131,48,124,46,129,100,32,0,24,18,73,41"/><T68/><D114/><U116/><E3/><V31/><F115/><W77/><G124/><T95/><D130/><N who="3" m="49673" /><G0/><T62/><D2/><U49/><E49/><V132/><F111/><N who="1" m="42569" /><E56/><V72/><F132/><W99/><G63/><T71/><D110/><U125/><E125/><V107/><F107/><W106/><G18/><T27/><D121/><U69/><E69/><V134/><F134/><W35/><G24/><T118/><D44/><U120/><E120/><V135/><F135/><W98/><G98/><T91/><D91/><U101/><E101/><V9/><F94/><W26/><G26/><T30/><D30/><N who="2" m="11306" /><F50/><W64/><G64/><T34/><D118/><N who="1" m="45675" /><E76/><V70/><F70/><W86/><G73/><T52/><D34/><U123/><E123/><V8/><F72/><W126/><G126/><T42/><D42/><U83/><E83/><AGARI ba="0,0" hai="32,35,41,46,48,77,83,86,99,100,106" m="49673" machi="83" ten="30,1000,0" yaku="19,1" doraHai="119" who="3" fromWho="1" sc="250,0,250,-10,250,0,250,10" /><INIT seed="1,0,0,0,4,32" ten="250,240,250,260" oya="1" hai0="95,10,83,55,132,127,113,36,51,87,81,122,104" hai1="120,48,57,12,1,27,59,99,18,103,128,76,92" hai2="93,44,4,24,116,114,91,82,70,88,108,66,129" hai3="58,60,28,74,109,43,85,65,11,64,31,86,0"/><U80/><E120/><V47/><F116/><W94/><G74/><T53/><D113/><U117/><E128/><V49/><F129/><W56/><G109/><T123/><D104/><U96/><E117/><V29/><F108/><W124/><G124/><T15/><D36/><U6/><E27/><V75/><F114/><W52/><G43/><T78/><D127/><U40/><E6/><V89/><F4/><W131/><G131/><T34/><D34/><U46/><E1/><V119/><F119/><W9/><G0/><T63/><D132/><U61/><E61/><V14/><F14/><W39/><G39/><T42/><D95/><U25/><E25/><V72/><F66/><W73/><G73/><T90/><D63/><U21/><REACH who="1" step="1"/><E99/><REACH who="1" ten="250,230,250,260" step="2"/><V105/><F24/><W62/><G94/><T69/><D123/><U54/><E54/><AGARI ba="0,1" hai="9,11,28,31,52,54,56,58,60,62,64,65,85,86" machi="54" ten="25,6400,0" yaku="22,2,8,1,54,1" doraHai="32" who="3" fromWho="1" sc="250,0,230,-64,250,0,260,74" /><INIT seed="2,0,0,3,2,31" ten="250,166,250,334" oya="2" hai0="26,3,4,106,64,75,103,88,38,119,121,108,12" hai1="58,36,56,51,70,6,59,96,118,44,115,20,46" hai2="69,76,102,24,32,82,135,22,54,15,11,65,19" hai3="33,49,52,101,133,134,55,40,16,91,17,83,97"/><V10/><F135/><N who="3" m="51723" /><G33/><T73/><D121/><U116/><E6/><V105/><F69/><W107/><G40/><T84/><D3/><U124/><E20/><V128/><F65/><W53/><G49/><T50/><D38/><U67/><E96/><V126/><F126/><W62/><G62/><T41/><D108/><U93/><E93/><V2/><F128/><W66/><G66/><T18/><D26/><U81/><E81/><V60/><F105/><W27/><G27/><T68/><D4/><U122/><E115/><V34/><F102/><W8/><G8/><T80/><D119/><U87/><E87/><AGARI ba="0,0" hai="16,17,52,53,55,83,87,91,97,101,107" m="51723" machi="87" ten="30,3900,0" yaku="20,1,54,2" doraHai="31" who="3" fromWho="1" sc="250,0,166,-39,250,0,334,39" /><INIT seed="3,0,0,3,5,53" ten="250,127,250,373" oya="3" hai0="65,7,18,39,130,109,133,84,34,103,28,61,79" hai1="73,95,57,8,86,114,123,64,77,88,35,49,38" hai2="91,132,83,52,42,12,62,81,26,80,47,10,71" hai3="54,101,111,55,90,56,6,30,82,115,113,134,14"/><W60/><G134/><T124/><D133/><U99/><E114/><V21/><F132/><W104/><G111/><T131/><D109/><U116/><E123/><V120/><F120/><W50/><G30/><T70/><D39/><U87/><E116/><V78/><F71/><W58/><G104/><T102/><D7/><U118/><E118/><V44/><F78/><W127/><G101/><T41/><D41/><U122/><E122/><V27/><F91/><W11/><G127/><T67/><D67/><U94/><E35/><V13/><F42/><W63/><G50/><T107/><D18/><U48/><E38/><V22/><F10/><W93/><G82/><N who="0" m="47199" /><D124/><U105/><E8/><V24/><F62/><W112/><G115/><T121/><D121/><U108/><E108/><V43/><F52/><W68/><G68/><T125/><D125/><U96/><E105/><V29/><F43/><W45/><G45/><N who="2" m="17481" /><F24/><W75/><G75/><T66/><D66/><U110/><E73/><V119/><F119/><W74/><G74/><T25/><D103/><U20/><E20/><V97/><F97/><AGARI ba="0,0" hai="6,11,14,54,55,56,58,60,63,90,93,97,112,113" machi="97" ten="30,11600,0" yaku="7,1,9,1,52,2" doraHai="53" who="3" fromWho="2" sc="250,0,127,0,250,-116,373,116" /><AGARI ba="0,0" hai="25,28,34,61,65,70,97,102,107,130,131" m="47199" machi="97" ten="30,1000,0" yaku="25,1" doraHai="53" who="0" fromWho="2" sc="250,10,127,0,134,-10,489,0" owari="260,6.0,127,-27.3,124,-37.6,489,58.9" /></mjloggm>