<mjloggm ver="2.3"><GO type="225" lobby="0"/><UN n0="%E3%81%A4%E3%81%A3%E3%81%B1%E3%82%8A%E3%83%9D%E3%83%BC%E3%83%AB" n1="%E5%91%A8%E6%9D%B1" n2="%E5%B0%8F%E9%B3%A5%E9%81%8A%E7%B7%B4%E7%84%A1%32%31%E6%AD%B3" n3="%E6%97%A5%E6%9B%9C%E6%97%A5%E3%82%88%E3%82%8A%E3%81%AE%E4%BD%BF%E8%80%85" dan="17,16,17,17" rate="2163.49,2198.48,2159.92,2269.51" sx="M,M,F,M"/><TAIKYOKU oya="0"/><INIT seed="0,0,0,4,4,110" ten="250,250,250,250" oya="0" hai0="59,116,2,103,14,62,115,15,117,98,56,128,91" hai1="52,114,80,84,4,35,100,125,57,25,0,71,112" hai2="78,32,81,28,49,132,66,83,102,99,65,48,79" hai3="24,134,123,12,108,77,130,118,6,47,74,73,11"/><T45/><D2/><U46/><E71/><V17/><F132/><W129/><G118/><T121/><D121/><U135/><E135/><V51/><F17/><W107/><G107/><T18/><D128/><N who="3" m="49257" /><G134/><T97/><D115/><N who="1" m="44075" /><E125/><V87/><F28/><W22/><G108/><T61/><D45/><U64/><E100/><V58/><F32/><W5/><G123/><T60/><D103/><U82/><E64/><V113/><F58/><N who="0" m="22058" /><D91/><U33/><E46/><V40/><F40/><W88/><G77/><T127/><D18/><U92/><E92/><V21/><F21/><W37/><G5/><T27/><D27/><U120/><E120/><V94/><REACH who="2" step="1"/><F113/><REACH who="2" ten="250,250,240,250" step="2"/><W124/><G124/><T31/><D31/><N who="1" m="19695" /><E35/><V101/><F101/><W50/><G22/><T54/><D127/><U36/><E36/><V1/><F1/><W104/><G37/><T109/><D109/><U72/><E0/><V95/><F95/><W111/><G111/><T43/><D43/><U7/><E72/><AGARI ba="0,1" hai="48,49,51,65,66,72,78,79,81,83,87,94,99,102" machi="72" ten="40,1300,0" yaku="1,1,53,0" doraHai="110" doraHaiUra="41" who="2" fromWho="1" sc="250,0,250,-13,240,23,250,0" /><INIT seed="1,0,0,0,0,73" ten="250,237,263,250" oya="1" hai0="58,105,21,46,127,11,22,102,79,12,19,63,126" hai1="62,77,30,130,97,16,18,35,96,72,28,38,125" hai2="70,40,74,80,118,134,25,121,32,99,107,54,48" hai3="67,15,124,68,31,69,43,17,65,45,36,101,78"/><U64/><E38/><V71/><F40/><W123/><G123/><T93/><D105/><U135/><E135/><V115/><F115/><W7/><G124/><N who="0" m="47659" /><D46/><U100/><E125/><V33/><F121/><W119/><G119/><T27/><D79/><U104/><E97/><V129/><F118/><W55/><G7/><T133/><D133/><U110/><E130/><V61/><F134/><W9/><G101/><T34/><D34/><U3/><E3/><V6/><F33/><W51/><G31/><T83/><D83/><N who="1" m="45479" /><E30/><V59/><F129/><W60/><G78/><T49/><D49/><U24/><E110/><V106/><F48/><W131/><G131/><T37/><D37/><U87/><E87/><V50/><F107/><W57/><REACH who="3" step="1"/><G67/><REACH who="3" ten="250,237,263,240" step="2"/><N who="0" m="39415" /><D27/><U84/><E84/><V39/><F25/><W0/><G0/><T86/><D86/><U95/><E95/><V98/><F106/><W85/><G85/><T132/><D132/><U53/><E53/><V76/><F54/><W75/><G75/><T26/><D26/><U111/><E111/><V52/><F74/><W47/><AGARI ba="0,1" hai="9,15,17,36,43,45,47,51,55,57,60,65,68,69" machi="47" ten="20,2700,0" yaku="1,1,0,1,7,1,53,0" doraHai="73" doraHaiUra="2" who="3" fromWho="3" sc="250,-7,237,-13,263,-7,240,37" /><INIT seed="2,0,0,4,1,66" ten="243,224,256,277" oya="2" hai0="23,68,4,35,108,64,96,124,83,15,24,101,94" hai1="0,41,18,117,26,110,45,90,128,134,37,43,22" hai2="61,79,34,130,62,11,3,76,12,70,120,19,121" hai3="2,105,39,126,84,98,50,36,51,132,20,53,67"/><V131/><F34/><W107/><G2/><T28/><D108/><U102/><E110/><V44/><F44/><W13/><G126/><T52/><D124/><U129/><E117/><V75/><F3/><W33/><G33/><T55/><D83/><U114/><E114/><V115/><F115/><W32/><G32/><T73/><D73/><U60/><E134/><V72/><F12/><W133/><G67/><T54/><D4/><U97/><E0/><V69/><F11/><W63/><G63/><T77/><D77/><U118/><E118/><V135/><REACH who="2" step="1"/><F19/><REACH who="2" ten="243,224,246,277" step="2"/><W1/><G1/><T30/><D15/><U112/><E112/><V122/><F122/><W86/><G13/><T16/><REACH who="0" step="1"/><D35/><REACH who="0" ten="233,224,246,277" step="2"/><U82/><E129/><V14/><F14/><W88/><G133/><AGARI ba="0,2" hai="61,62,69,70,72,75,76,79,120,121,130,131,133,135" machi="133" ten="25,12000,1" yaku="1,1,22,2,52,2,53,0" doraHai="66" doraHaiUra="38" who="2" fromWho="3" sc="233,0,224,0,246,140,277,-120" /><INIT seed="2,1,0,3,2,28" ten="233,224,386,157" oya="2" hai0="56,102,39,40,13,135,69,62,97,79,93,33,57" hai1="98,125,85,8,15,123,112,118,25,116,114,55,92" hai2="54,104,63,86,70,23,44,19,132,64,47,122,32" hai3="1,16,10,60,59,131,38,90,72,26,37,120,84"/><V9/><F122/><W73/><G120/><T3/><D3/><U42/><E123/><V96/><F132/><W89/><G131/><T53/><D135/><U71/><E71/><V109/><F109/><W29/><G73/><T81/><D33/><U129/><E129/><V34/><F9/><W107/><G107/><T113/><D113/><U68/><E68/><V2/><F2/><W21/><G72/><T134/><D134/><U106/><E42/><V43/><F86/><W94/><G90/><T17/><D69/><U117/><E125/><V105/><F54/><W51/><G51/><T108/><D108/><U35/><E55/><V61/><F61/><W18/><G18/><T110/><D56/><U41/><E41/><V7/><F7/><W12/><REACH who="3" step="1"/><G1/><REACH who="3" ten="233,224,386,147" step="2"/><T95/><D110/><U74/><E74/><V128/><F128/><W65/><AGARI ba="1,1" hai="10,12,16,21,26,29,37,38,59,60,65,84,89,94" machi="65" ten="20,8000,1" yaku="1,1,2,1,0,1,7,1,54,1,53,0" doraHai="28" doraHaiUra="0" who="3" fromWho="3" sc="233,-21,224,-21,386,-41,147,93" /><INIT seed="3,0,0,2,1,73" ten="212,203,345,240" oya="3" hai0="111,94,98,132,114,23,95,131,80,39,16,108,50" hai1="75,17,93,96,38,44,49,123,58,127,76,40,118" hai2="105,47,9,74,7,3,62,79,26,8,85,1,77" hai3="14,21,45,46,87,133,59,0,57,86,41,72,10"/><W134/><G72/><T37/><D131/><U65/><E127/><V13/><F74/><W110/><G21/><T101/><D132/><N who="3" m="50793" /><G0/><T120/><D120/><U4/><E123/><V100/><F85/><N who="3" m="32267" /><G110/><N who="0" m="42027" /><D114/><U30/><E118/><V88/><F1/><W113/><G113/><T97/><D50/><U63/><E30/><V109/><F26/><W53/><G53/><T42/><D42/><U68/><E4/><V35/><F35/><W61/><G61/><T22/><D80/><N who="1" m="45087" /><E17/><V135/><F62/><W34/><G34/><T83/><D83/><U48/><E48/><V116/><F3/><W15/><G15/><N who="0" m="9503" /><D23/><U112/><E112/><V99/><F116/><W24/><G24/><T56/><D56/><N who="3" m="21577" /><G41/><T102/><AGARI ba="0,0" hai="37,39,94,95,97,98,101,102" m="9503,42027" machi="102" ten="30,2000,0" yaku="14,1,54,1" doraHai="73" who="0" fromWho="0" sc="212,20,203,-5,345,-5,240,-10" owari="232,3.2,198,-30.2,340,44.0,230,-17.0" /></mjloggm>