<mjloggm ver="2.3"><GO type="225" lobby="0"/><UN n0="%E6%9C%88%E5%B3%B6%E5%9F%BA" n1="%41%6F%54" n2="%77%72%77%72%77%72%77%72" n3="%E9%BB%99%E8%81%B4%E3%81%AE%E3%81%99%E3%82%9D%E3%82%81" dan="16,16,17,16" rate="2059.64,2065.31,2147.80,2144.94" sx="M,M,M,M"/><TAIKYOKU oya="0"/><INIT seed="0,0,0,4,1,133" ten="250,250,250,250" oya="0" hai0="16,19,134,8,59,79,23,98,55,84,118,75,54" hai1="45,112,24,114,91,110,15,41,74,129,82,80,94" hai2="64,50,103,124,99,85,131,70,127,95,12,1,43" hai3="96,122,78,102,67,20,83,7,4,35,119,5,116"/><T6/><D118/><U27/><E110/><V123/><F123/><W58/><G35/><T46/><D134/><U44/><E129/><V77/><F1/><W125/><G122/><T10/><D75/><U56/><E56/><V32/><F32/><W126/><G20/><T52/><D98/><U30/><E15/><V109/><F109/><W31/><G31/><T135/><D135/><U111/><E111/><V53/><F131/><W39/><G39/><T68/><D68/><U18/><E18/><N who="0" m="6697" /><D23/><U66/><E66/><V71/><F43/><W14/><G14/><N who="0" m="5399" /><D10/><U104/><E104/><V92/><F12/><W105/><G58/><T28/><D28/><U106/><E106/><V72/><F72/><N who="3" m="43463" /><G67/><T38/><D38/><U17/><E17/><V132/><F132/><W100/><G100/><T42/><D42/><U13/><E13/><V3/><F3/><W107/><G107/><T63/><D46/><U60/><E41/><V47/><F64/><W61/><G61/><T51/><D63/><U108/><E60/><V29/><F29/><W22/><G22/><T115/><D115/><U120/><E30/><V40/><F40/><W69/><G69/><T65/><D65/><U87/><E74/><V21/><F21/><W33/><G33/><T9/><D9/><U86/><E108/><V2/><F2/><W73/><G73/><T76/><D76/><U97/><E120/><V0/><F0/><W49/><G49/><T90/><D79/><N who="1" m="46367" /><E114/><V121/><F121/><W11/><G11/><T117/><D117/><U34/><E112/><V101/><F77/><W128/><G128/><RYUUKYOKU ba="0,0" sc="250,15,250,-15,250,-15,250,15" hai0="51,52,54,55,59,84,90" hai3="4,5,7,96,102,105,116,119,125,126" /><INIT seed="0,1,0,2,3,94" ten="265,235,235,265" oya="0" hai0="87,12,5,7,81,36,70,74,131,56,46,35,96" hai1="15,43,79,66,106,45,98,39,25,78,116,49,11" hai2="67,88,41,58,80,115,55,48,9,113,24,130,20" hai3="54,101,27,133,57,126,77,51,84,71,37,129,60"/><T31/><D70/><U111/><E111/><V63/><F130/><W6/><G129/><T110/><D131/><U21/><E116/><V112/><F9/><W125/><G133/><T123/><D123/><U47/><E66/><V108/><F108/><W124/><G37/><T34/><D74/><U29/><E106/><V122/><F122/><W135/><G135/><T68/><D68/><U132/><E132/><V100/><F100/><W64/><G6/><T19/><D110/><U59/><E59/><V82/><F41/><W13/><G13/><T128/><D128/><U127/><E127/><V102/><F102/><W62/><G101/><T95/><D56/><U33/><E33/><V83/><F88/><W3/><G3/><T92/><D92/><U32/><E32/><V89/><F89/><W26/><REACH who="3" step="1"/><G62/><REACH who="3" ten="265,235,235,255" step="2"/><T69/><D7/><U0/><E0/><V4/><F4/><W22/><G22/><T52/><D5/><U86/><E15/><V99/><F115/><W23/><G23/><T38/><D35/><U114/><E114/><V28/><F113/><W104/><G104/><T8/><D38/><U109/><E109/><V119/><F112/><W40/><G40/><T103/><D36/><U85/><E11/><V134/><F134/><W65/><G65/><T76/><D34/><U10/><E10/><V18/><F119/><W121/><G121/><T42/><D42/><U2/><E2/><V61/><F67/><W93/><G93/><T91/><D103/><U17/><E39/><V107/><F28/><W30/><G30/><T105/><D8/><U53/><E29/><RYUUKYOKU ba="1,1" sc="265,-15,235,-15,235,15,255,15" hai2="18,20,24,48,55,58,61,63,80,82,83,99,107" hai3="26,27,51,54,57,60,64,71,77,84,124,125,126" /><INIT seed="1,2,1,4,3,28" ten="250,220,250,270" oya="1" hai0="24,37,82,95,79,76,78,104,85,50,2,75,100" hai1="107,45,63,3,123,35,44,13,38,86,133,88,16" hai2="74,116,135,69,11,64,87,25,126,65,12,40,132" hai3="8,119,6,102,134,19,15,14,73,122,96,71,99"/><U114/><E114/><V17/><F116/><W117/><G122/><T48/><D37/><U92/><E123/><V58/><F74/><W10/><G134/><N who="2" m="51241" /><F126/><W59/><G71/><T72/><D2/><U23/><E133/><V30/><F69/><W89/><G73/><N who="0" m="28235" /><D24/><U0/><E107/><V66/><F40/><W62/><G89/><N who="0" m="51383" /><D50/><U125/><E125/><V108/><F87/><W130/><G130/><T61/><D48/><U34/><E63/><N who="2" m="38007" /><F108/><W129/><G129/><T124/><D61/><U31/><E31/><V90/><F90/><W106/><REACH who="3" step="1"/><G99/><REACH who="3" ten="250,220,250,260" step="2"/><N who="0" m="61471" /><D124/><U9/><E0/><V93/><F93/><AGARI ba="2,2" hai="76,78,79,93,95" m="61471,51383,28235" machi="93" ten="30,8000,1" yaku="35,5" doraHai="28" who="0" fromWho="2" sc="250,106,220,0,250,-86,260,0" /><INIT seed="2,0,0,1,2,19" ten="356,220,164,260" oya="2" hai0="106,37,30,24,50,73,93,78,34,98,54,75,96" hai1="25,76,6,39,81,18,79,60,33,42,58,123,56" hai2="99,133,113,74,8,43,41,87,130,100,122,90,63" hai3="83,102,45,125,94,69,16,120,117,65,108,89,88"/><V112/><F122/><W1/><G117/><T61/><D37/><U40/><E123/><V57/><F74/><W47/><G120/><T32/><D32/><U38/><E6/><V72/><F72/><W97/><G1/><T104/><D61/><U26/><E18/><V28/><F130/><W67/><G108/><T36/><D36/><U22/><E60/><V64/><F133/><W23/><G125/><T35/><D35/><U2/><E33/><V131/><F131/><W20/><G20/><T0/><D0/><U124/><E2/><V71/><F71/><W53/><G69/><T132/><D132/><U115/><E81/><V110/><F110/><W128/><G128/><T134/><D134/><U101/><E101/><V29/><F8/><W59/><G47/><T95/><D78/><U127/><E115/><V10/><F10/><W105/><G45/><T27/><D30/><U12/><E12/><V55/><F55/><W31/><G31/><N who="2" m="11849" /><F113/><W85/><G105/><T114/><D54/><U66/><E66/><V68/><F68/><W4/><G4/><T103/><D34/><U13/><E13/><V70/><F70/><W84/><G102/><T3/><D103/><U52/><E52/><V49/><F49/><N who="3" m="31151" /><G97/><T62/><D50/><U5/><E5/><V9/><F9/><W91/><G91/><T46/><D62/><U111/><E111/><V116/><F112/><W107/><G107/><T119/><D3/><U14/><E14/><AGARI ba="0,0" hai="14,16,23,65,67,83,84,85,88,89,94" m="31151" machi="14" ten="30,8000,1" yaku="25,1,8,1,52,1,54,2" doraHai="19" who="3" fromWho="1" sc="356,0,220,-80,164,0,260,80" /><INIT seed="3,0,0,2,3,50" ten="356,140,164,340" oya="3" hai0="92,44,115,68,75,82,26,102,46,56,88,103,4" hai1="133,85,18,131,125,108,2,78,91,53,1,15,95" hai2="89,124,7,33,37,11,28,114,111,96,129,101,107" hai3="62,100,106,113,51,23,71,21,61,104,32,17,29"/><W22/><G113/><T45/><D68/><U54/><E108/><V13/><F114/><W117/><G117/><T70/><D70/><U25/><E131/><V43/><F129/><W9/><G9/><T57/><D115/><U122/><E122/><V87/><F111/><W42/><G42/><T83/><D4/><U35/><E125/><V105/><F124/><W49/><G71/><T99/><D26/><U27/><E133/><V14/><F14/><W65/><G32/><T3/><D3/><U128/><E128/><V38/><F107/><W80/><G80/><N who="0" m="30763" /><D75/><U109/><E109/><V132/><F132/><W74/><G74/><T98/><D98/><U31/><E27/><V112/><F112/><W126/><G126/><T0/><D0/><U36/><E36/><V93/><F43/><W73/><G73/><T24/><D24/><U6/><E78/><V134/><F134/><W30/><G22/><T127/><D127/><U48/><E6/><V118/><F118/><W10/><G10/><T81/><D81/><U72/><E72/><V47/><F33/><W135/><G135/><T52/><D57/><N who="1" m="32935" /><E54/><V5/><F28/><W8/><G8/><T34/><D34/><U84/><E84/><V41/><F5/><W69/><G69/><T55/><D55/><U60/><E60/><AGARI ba="0,0" hai="44,45,46,52,56,60,88,92,99,102,103" m="30763" machi="60" ten="30,7700,0" yaku="8,1,52,1,54,2" doraHai="50" who="0" fromWho="1" sc="356,77,140,-77,164,0,340,0" owari="433,53.3,63,-43.7,164,-23.6,340,14.0" /></mjloggm>