<mjloggm ver="2.3"><GO type="225" lobby="0"/><UN n0="%53%61%63%68%69%30%34" n1="%E7%99%BD%E5%80%89%E5%AF%9B%E4%B9%8B" n2="%E3%83%A9%E3%83%BC%E3%83%A1%E3%83%B3%E4%BA%94%E9%83%8E" n3="%E3%81%AD%E3%82%80%E3%81%84%40%E9%9B%80%E9%B3%B4%E4%BC%9A" dan="16,16,16,16" rate="2073.97,2155.85,2152.61,2179.62" sx="M,M,M,F"/><TAIKYOKU oya="0"/><INIT seed="0,0,0,1,5,94" ten="250,250,250,250" oya="0" hai0="74,35,14,64,135,27,129,104,118,8,40,42,107" hai1="93,1,125,109,11,10,88,87,32,89,84,68,105" hai2="67,26,2,3,43,90,21,116,52,17,101,31,77" hai3="79,98,38,123,108,59,103,133,127,110,114,78,124"/><T58/><D118/><U69/><E32/><V71/><F116/><W99/><G38/><T66/><D74/><U97/><E125/><N who="3" m="48202" /><G114/><T81/><D81/><U29/><E29/><V37/><F77/><N who="3" m="29195" /><G133/><T13/><D35/><U115/><E115/><V76/><F76/><W86/><G123/><T92/><D92/><U120/><E120/><V53/><F101/><W121/><G121/><T72/><D58/><U131/><E131/><V85/><F37/><W95/><G86/><T126/><D126/><U73/><E73/><V132/><F43/><W9/><G9/><T7/><D8/><U18/><E109/><N who="3" m="42090" /><G59/><T23/><D72/><U62/><E1/><V39/><F39/><W45/><G45/><T100/><D129/><U22/><E11/><V12/><F132/><W48/><G48/><T65/><D135/><U34/><E10/><V36/><F36/><W57/><G57/><T15/><D7/><U55/><E68/><V63/><F2/><W24/><G24/><T122/><D122/><U44/><E69/><V41/><F3/><W111/><N who="3" m="42098" /><W46/><DORA hai="117" /><G46/><T16/><REACH who="0" step="1"/><D100/><REACH who="0" ten="240,250,250,250" step="2"/><U50/><E34/><V19/><F71/><W102/><G102/><T0/><D0/><U4/><E4/><V83/><F83/><W106/><G95/><T112/><D112/><U33/><E93/><V75/><F75/><W61/><G61/><T20/><D20/><U113/><E22/><V49/><F63/><W91/><G91/><T80/><D80/><U96/><E89/><V130/><F90/><W60/><G60/><T119/><D119/><U30/><E88/><RYUUKYOKU ba="0,1" sc="240,15,250,-15,250,-15,250,15" hai0="13,14,15,16,23,27,40,42,64,65,66,104,107" hai3="98,99,103,106" /><INIT seed="0,1,1,4,2,78" ten="255,235,235,265" oya="0" hai0="132,27,34,61,96,85,12,7,134,40,73,51,125" hai1="48,19,56,37,79,83,50,105,18,108,129,5,118" hai2="133,21,110,101,116,67,22,52,71,8,64,117,36" hai3="14,41,15,62,30,3,35,128,74,11,81,47,17"/><T68/><D73/><U65/><E37/><V91/><F36/><W39/><G128/><T23/><D125/><U130/><E105/><V114/><F114/><W46/><G46/><N who="0" m="26055" /><D34/><U75/><E118/><N who="2" m="45675" /><F110/><W49/><G49/><N who="1" m="19050" /><E108/><V121/><F121/><W60/><G15/><T25/><D96/><U43/><E43/><V45/><F133/><N who="0" m="51306" /><D85/><U95/><E95/><V112/><F45/><W32/><G3/><T119/><D119/><U109/><E5/><V100/><F112/><W69/><G69/><T84/><D84/><U33/><E33/><V111/><F111/><W92/><G35/><T10/><D23/><U9/><E109/><V86/><F71/><W66/><G32/><T70/><D70/><U20/><E20/><N who="2" m="7787" /><F8/><W59/><G30/><T26/><D26/><U80/><E9/><V31/><F31/><W99/><G11/><T13/><D13/><U90/><E56/><V54/><F101/><W57/><G14/><T29/><D29/><U42/><E42/><V127/><F100/><W6/><G41/><T131/><D131/><N who="1" m="50187" /><E65/><AGARI ba="1,1" hai="7,10,12,25,27,61,65,68" m="51306,26055" machi="65" ten="30,1500,0" yaku="20,1" doraHai="78" who="0" fromWho="1" sc="255,28,235,-18,235,0,265,0" /><INIT seed="0,2,0,5,2,115" ten="283,217,235,265" oya="0" hai0="75,16,80,95,52,130,112,99,59,55,67,82,103" hai1="62,125,49,131,126,96,116,109,0,60,20,122,31" hai2="6,86,40,41,111,19,104,61,28,35,107,4,120" hai3="66,65,29,11,48,106,17,54,57,24,85,114,89"/><T36/><D130/><U30/><E0/><V74/><F120/><W23/><G106/><T78/><D36/><U108/><E122/><V73/><F35/><W79/><G79/><T81/><D112/><U97/><E49/><V47/><F28/><N who="1" m="10793" /><E20/><V50/><F111/><N who="1" m="42569" /><E131/><V44/><F61/><N who="1" m="23657" /><E116/><V76/><F19/><W121/><G114/><T46/><D67/><U12/><E12/><V5/><F107/><W39/><G39/><T32/><D32/><U69/><E69/><V88/><F104/><W27/><G121/><T1/><D1/><U91/><E91/><V34/><F34/><W93/><REACH who="3" step="1"/><G11/><REACH who="3" ten="283,217,235,255" step="2"/><T25/><D78/><U37/><E37/><V70/><F76/><W64/><G64/><T128/><D128/><U94/><E94/><V9/><F9/><W56/><G56/><T135/><D95/><U10/><E10/><V110/><F110/><W123/><G123/><T8/><D8/><U134/><E134/><V129/><F129/><W77/><G77/><T15/><D135/><U87/><E87/><V2/><F70/><W26/><G26/><T92/><D25/><U53/><E53/><N who="0" m="20553" /><D59/><U18/><E18/><V127/><F2/><W132/><G132/><T38/><D38/><U63/><E63/><V43/><F43/><W58/><G58/><T71/><D71/><U98/><AGARI ba="2,1" hai="96,97,98,125,126" m="23657,42569,10793" machi="98" ten="40,5200,0" yaku="28,2,14,1" doraHai="115" who="1" fromWho="1" sc="283,-28,217,68,235,-15,255,-15" /><INIT seed="1,0,0,3,5,77" ten="255,285,220,240" oya="1" hai0="6,92,118,115,45,29,57,64,72,38,27,133,67" hai1="80,34,71,134,49,126,117,78,69,35,19,8,0" hai2="131,55,91,119,61,97,17,112,84,113,7,11,89" hai3="36,50,4,121,116,110,135,60,104,42,129,26,103"/><U87/><E117/><V14/><F119/><W76/><G116/><T73/><D118/><RYUUKYOKU type="kaze4" ba="0,0" sc="255,0,285,0,220,0,240,0" /><INIT seed="1,1,0,0,4,111" ten="255,285,220,240" oya="1" hai0="35,56,93,69,4,66,12,39,62,45,2,33,22" hai1="74,68,3,67,134,98,81,95,126,133,100,91,85" hai2="130,128,47,55,112,71,9,57,106,51,27,120,123" hai3="70,30,108,77,76,19,127,31,80,25,0,18,59"/><U50/><E3/><V113/><F106/><W132/><G70/><T40/><D2/><U60/><E126/><V117/><F71/><W122/><G108/><T94/><D94/><U88/><E74/><V104/><F104/><W34/><G122/><N who="2" m="46633" /><F9/><W89/><G132/><N who="1" m="50794" /><E50/><N who="2" m="30967" /><F27/><W84/><G127/><T1/><D1/><U44/><E44/><V116/><F116/><W38/><G38/><T32/><D93/><U114/><E114/><N who="2" m="44139" /><F117/><W82/><G0/><T103/><D69/><U10/><E10/><V131/><F131/><W28/><G25/><T72/><D39/><U124/><E124/><V23/><F23/><W87/><G34/><T92/><D22/><U96/><E96/><V11/><F11/><W15/><G59/><T110/><D110/><U86/><E86/><V17/><F17/><N who="3" m="6155" /><G15/><T107/><D33/><U129/><E129/><V24/><F24/><W125/><G125/><T63/><D35/><U21/><E21/><V37/><F37/><W54/><G54/><AGARI ba="1,0" hai="47,51,54,128,130" m="44139,30967,46633" machi="54" ten="30,12000,2" yaku="11,1,34,2,52,3" doraHai="111" who="2" fromWho="3" sc="255,0,285,0,220,123,240,-123" /><INIT seed="2,0,0,3,0,96" ten="255,285,343,117" oya="2" hai0="70,40,41,21,4,111,19,90,35,22,76,28,88" hai1="27,99,134,86,135,24,57,97,109,92,77,101,7" hai2="8,26,94,100,53,128,51,46,120,59,10,125,91" hai3="0,79,6,87,15,95,52,65,104,72,2,117,43"/><V13/><F120/><W66/><G117/><T16/><D70/><U18/><E109/><V9/><F125/><W1/><G104/><T132/><D111/><U32/><E7/><V73/><F128/><W112/><G112/><T34/><D4/><U23/><E32/><V20/><F73/><W114/><G114/><T130/><D76/><U115/><E115/><V45/><F13/><W124/><G43/><T38/><D28/><U17/><E57/><V54/><F54/><W85/><G124/><T55/><D55/><U11/><E11/><V106/><F106/><W84/><G95/><T82/><D82/><U30/><E99/><N who="2" m="59511" /><F91/><W75/><G79/><T122/><D38/><U33/><E17/><AGARI ba="0,0" hai="8,9,10,17,20,26,45,46,51,53,59" m="59511" machi="17" ten="30,2900,0" yaku="8,1,52,1" doraHai="96" who="2" fromWho="1" sc="255,0,285,-29,343,29,117,0" /><INIT seed="2,1,0,3,4,5" ten="255,256,372,117" oya="2" hai0="77,64,28,31,12,93,20,48,38,57,56,10,26" hai1="96,97,61,89,110,109,50,25,15,35,66,119,24" hai2="71,46,16,8,106,114,112,128,120,115,13,14,88" hai3="76,62,70,27,60,105,34,58,29,92,45,129,69"/><V42/><F120/><W68/><G129/><T19/><D38/><U79/><E119/><V121/><F121/><W130/><G130/><T39/><D39/><U82/><E15/><V118/><F118/><W135/><G135/><T1/><D1/><U72/><E50/><V47/><F128/><W18/><G105/><T103/><D77/><U51/><E51/><V81/><F71/><W54/><G76/><T100/><D31/><U63/><E89/><V91/><F106/><W4/><G4/><T125/><D125/><U113/><E113/><V90/><F42/><W22/><G45/><T41/><D93/><U37/><E37/><V132/><F132/><W55/><G92/><T101/><REACH who="0" step="1"/><D64/><REACH who="0" ten="245,256,372,117" step="2"/><U87/><E66/><V2/><F2/><W104/><G104/><T53/><D53/><U33/><E79/><V85/><F114/><W95/><G95/><T117/><D117/><U11/><E82/><V59/><F115/><W23/><REACH who="3" step="1"/><G18/><REACH who="3" ten="245,256,372,107" step="2"/><T0/><D0/><U84/><E72/><V94/><F112/><W131/><G131/><T74/><D74/><U6/><E6/><V52/><F94/><W98/><G98/><T40/><D40/><U78/><E78/><V102/><F16/><W124/><G124/><T65/><D65/><U122/><E122/><V111/><F81/><W83/><G83/><T86/><D86/><U134/><E134/><V7/><F85/><W36/><G36/><T123/><D123/><U30/><E30/><V116/><F116/><W99/><G99/><T49/><D49/><U127/><E127/><V17/><F17/><W133/><G133/><RYUUKYOKU ba="1,2" sc="245,10,256,10,372,-30,107,10" hai0="10,12,19,20,26,28,41,48,56,57,100,101,103" hai1="11,24,25,33,35,61,63,84,87,96,97,109,110" hai3="22,23,27,29,34,54,55,58,60,62,68,69,70" /><INIT seed="3,2,2,0,5,33" ten="255,266,342,117" oya="3" hai0="115,59,108,85,13,9,71,92,10,52,100,66,133" hai1="113,122,14,44,111,25,37,97,18,76,20,2,15" hai2="26,131,5,46,120,114,75,29,81,117,54,64,134" hai3="0,73,103,119,50,62,32,7,86,56,74,112,109"/><W67/><G112/><T24/><D115/><U107/><E113/><V53/><F114/><RYUUKYOKU type="kaze4" ba="2,2" sc="255,0,266,0,342,0,117,0" /><INIT seed="3,3,2,3,4,46" ten="255,266,342,117" oya="3" hai0="39,119,60,34,18,7,132,25,62,44,11,109,107" hai1="108,37,6,13,52,130,129,95,3,91,65,0,32" hai2="58,28,35,55,77,47,20,5,133,21,49,112,74" hai3="10,9,123,40,71,93,48,128,36,127,85,24,29"/><W106/><G123/><T114/><D119/><U111/><E32/><V14/><F112/><W17/><G106/><T81/><D107/><U98/><E37/><V19/><F133/><W84/><G71/><T94/><D132/><U64/><E13/><V4/><F35/><W100/><G36/><T88/><D109/><N who="1" m="42059" /><E52/><N who="2" m="29759" /><F77/><W63/><G127/><T70/><D81/><U113/><E113/><V53/><F74/><W12/><G128/><N who="1" m="49258" /><E6/><N who="2" m="2667" /><F58/><W22/><G63/><N who="0" m="24107" /><D34/><U117/><E117/><V79/><F79/><W15/><G100/><T103/><D70/><U67/><AGARI ba="3,2" hai="0,3,64,65,67,91,95,98" m="49258,42059" machi="67" ten="40,2700,0" yaku="14,1,19,1" doraHai="46" who="1" fromWho="1" sc="255,-10,266,56,342,-10,117,-16" owari="245,-15.5,322,12.2,332,43.2,101,-39.9" /></mjloggm>