<mjloggm ver="2.3"><GO type="225" lobby="0"/><UN n0="%E3%83%96%E3%83%83%E3%83%91%E3%82%AA%E3%83%96%E3%83%81%E3%82%AD%E3%83%B3" n1="%E6%81%A5%E6%99%92%E3%81%97" n2="%E7%99%BD%E5%80%89%E5%AF%9B%E4%B9%8B" n3="%E5%A4%8F%E9%88%B4%E9%88%B4%E5%A4%8F" dan="16,16,16,16" rate="2144.40,2111.29,2186.44,2098.45" sx="M,M,M,F"/><TAIKYOKU oya="0"/><INIT seed="0,0,0,0,0,42" ten="250,250,250,250" oya="0" hai0="122,109,107,27,114,126,63,5,85,120,86,125,99" hai1="11,17,94,127,32,87,39,13,53,21,117,41,133" hai2="34,36,115,29,24,38,16,55,128,33,78,49,119" hai3="92,72,22,75,104,40,56,7,57,65,71,26,3"/><T2/><D2/><U113/><E117/><V15/><F119/><W134/><G104/><T74/><D5/><U93/><E32/><V80/><F34/><W6/><G134/><T18/><D63/><U121/><E121/><N who="0" m="46697" /><D18/><U35/><E35/><V8/><F128/><W91/><G40/><T135/><D27/><U14/><E133/><V98/><F98/><W64/><G75/><T77/><D135/><U1/><E1/><V106/><F106/><W52/><G72/><T47/><D47/><U23/><E127/><N who="0" m="48649" /><D114/><U0/><E113/><V51/><F115/><W59/><G3/><T84/><D109/><U79/><E0/><V45/><REACH who="2" step="1"/><F51/><REACH who="2" ten="250,250,240,250" step="2"/><N who="3" m="30751" /><G71/><T58/><D58/><N who="3" m="22025" /><G64/><T66/><D66/><U76/><E39/><V116/><F116/><W25/><G65/><T50/><D50/><U102/><E23/><V46/><F46/><W131/><G131/><T61/><D61/><U73/><E21/><V81/><F81/><W97/><G26/><T89/><D107/><U129/><E129/><V83/><F83/><W88/><G22/><T118/><D118/><U12/><E11/><V20/><F20/><W100/><G25/><T96/><D89/><AGARI ba="0,1" hai="6,7,88,89,91,92,97,100" m="22025,30751" machi="89" ten="30,3900,0" yaku="8,1,54,2" doraHai="42" who="3" fromWho="0" sc="250,-39,250,0,240,0,250,49" /><INIT seed="1,0,0,1,5,56" ten="211,250,240,299" oya="1" hai0="1,96,70,100,75,81,46,86,106,124,128,59,33" hai1="76,79,61,118,8,85,90,12,74,48,35,3,88" hai2="109,66,42,87,71,32,60,13,112,73,115,24,17" hai3="130,41,77,23,53,14,45,126,36,102,68,55,31"/><U63/><E118/><V92/><F73/><W10/><G68/><T49/><D70/><U65/><E3/><V131/><F109/><W51/><G130/><T117/><D117/><U43/><E35/><V19/><F131/><W97/><G126/><T4/><D128/><U47/><E74/><V82/><F42/><W121/><G121/><T125/><D33/><U78/><E65/><V119/><F92/><N who="3" m="58663" /><G77/><T58/><D75/><U107/><E107/><V9/><F119/><W83/><G83/><T94/><D106/><U54/><E43/><V22/><REACH who="2" step="1"/><F32/><REACH who="2" ten="211,250,230,299" step="2"/><W132/><G132/><T64/><D125/><U114/><E114/><V108/><F108/><W20/><G36/><T89/><D124/><U57/><E47/><V44/><F44/><W6/><G23/><T5/><D64/><U95/><E90/><AGARI ba="0,1" hai="9,13,17,19,22,24,60,66,71,82,87,90,112,115" machi="90" ten="40,2600,0" yaku="1,1,52,1,53,0" doraHai="56" doraHaiUra="40" who="2" fromWho="1" sc="211,0,250,-26,230,36,299,0" /><INIT seed="2,0,0,0,5,106" ten="211,224,266,299" oya="2" hai0="71,17,15,118,18,36,7,41,4,47,103,110,13" hai1="101,24,26,62,1,38,93,112,94,89,109,95,84" hai2="32,21,127,20,68,50,102,133,105,44,58,45,66" hai3="79,54,90,81,22,80,116,9,19,113,42,117,82"/><V88/><F32/><W85/><G113/><T73/><D71/><U5/><E112/><V126/><F68/><W115/><G115/><T76/><D110/><U104/><E38/><V2/><F2/><W51/><G42/><T49/><D103/><U65/><E109/><V27/><F133/><W132/><G132/><T0/><D118/><U30/><E24/><V131/><F131/><W40/><G40/><T14/><D49/><U33/><E5/><V37/><F37/><W60/><G60/><T35/><D35/><U29/><E29/><V114/><F114/><W100/><G100/><T97/><D97/><U78/><E78/><V129/><F129/><W135/><G135/><T69/><D69/><N who="1" m="42167" /><E1/><V130/><F130/><W91/><G9/><N who="0" m="2183" /><D7/><U108/><E108/><V120/><F102/><W48/><G48/><T123/><D123/><U61/><E61/><N who="2" m="38199" /><F105/><W43/><G43/><T25/><D25/><U92/><E92/><V52/><F120/><W39/><G39/><T72/><D72/><U75/><E75/><V87/><F27/><N who="3" m="14815" /><G117/><T74/><D74/><U34/><E33/><V46/><F127/><W6/><G6/><T53/><D53/><U83/><E83/><AGARI ba="0,0" hai="13,14,15,17,18,36,41,47,73,76,83" m="2183" machi="83" ten="30,2000,0" yaku="25,1,52,1" doraHai="106" who="0" fromWho="1" sc="211,20,224,-20,266,0,299,0" /><INIT seed="3,0,0,5,4,34" ten="231,204,266,299" oya="3" hai0="17,127,18,13,108,37,79,47,133,70,22,91,55" hai1="30,69,42,24,123,3,51,66,15,29,5,134,60" hai2="112,135,59,111,99,64,83,73,121,110,77,116,19" hai3="20,58,11,54,90,62,8,10,81,101,25,39,84"/><W53/><G39/><T131/><D70/><U104/><E123/><V2/><F64/><N who="3" m="38999" /><G101/><T33/><D33/><U35/><E134/><V48/><F59/><W113/><G113/><T71/><D71/><U63/><E30/><AGARI ba="0,0" hai="8,10,11,20,25,30,53,54,81,84,90" m="38999" machi="30" ten="30,1500,0" yaku="8,1" doraHai="34" who="3" fromWho="1" sc="231,0,204,-15,266,0,299,15" owari="231,-16.9,189,-31.1,266,6.6,314,41.4" /></mjloggm>