<mjloggm ver="2.3"><GO type="225" lobby="0"/><UN n0="%4C%4F%4C%49%54%41" n1="%50%69%73%38" n2="%E3%83%A9%E3%82%A4%E3%83%B3%E3%81%AE%E8%99%8E" n3="%6E%69%63%6F%6E%74%6F" dan="16,16,16,16" rate="2201.95,2144.09,2142.99,2151.24" sx="F,M,M,M"/><TAIKYOKU oya="0"/><INIT seed="0,0,0,0,3,130" ten="250,250,250,250" oya="0" hai0="54,132,49,93,101,133,97,106,13,112,0,121,56" hai1="4,39,17,127,123,51,27,60,58,23,110,30,33" hai2="108,61,102,59,131,92,125,25,74,114,78,38,50" hai3="21,111,76,103,62,134,57,68,9,44,45,7,41"/><T36/><D0/><U53/><E39/><V126/><F38/><W18/><G111/><T20/><D112/><U22/><E110/><V120/><F108/><W71/><G103/><T84/><D36/><U24/><E123/><V81/><F120/><W129/><G129/><T75/><D75/><U3/><E127/><N who="2" m="48651" /><F131/><W35/><G35/><T26/><D121/><U29/><E4/><V64/><F114/><W119/><G119/><T16/><D26/><U32/><E3/><V90/><F25/><W31/><G31/><T109/><D109/><U8/><E8/><V11/><F11/><W105/><G105/><T15/><D15/><U42/><E17/><V117/><F102/><W98/><G98/><T115/><D115/><U72/><E72/><V43/><F117/><W2/><G76/><T135/><D84/><U89/><E89/><V86/><F50/><W128/><G128/><T66/><D66/><U1/><E1/><V87/><F43/><W124/><G124/><T85/><D85/><AGARI ba="0,0" hai="59,61,64,74,78,81,85,86,87,90,92" m="48651" machi="85" ten="30,1000,0" yaku="18,1" doraHai="130" who="2" fromWho="0" sc="250,-10,250,0,250,10,250,0" /><INIT seed="1,0,0,0,0,31" ten="240,250,260,250" oya="1" hai0="111,97,0,23,135,61,120,77,91,130,46,125,114" hai1="109,33,73,7,35,134,104,74,96,123,122,43,126" hai2="32,28,47,101,36,14,12,68,13,87,84,70,103" hai3="124,18,52,80,116,39,106,72,100,1,51,79,86"/><U55/><E43/><V30/><F36/><W44/><G124/><T127/><D0/><U107/><E7/><V57/><F57/><W60/><G116/><T121/><D23/><U82/><E82/><V3/><F3/><W11/><G106/><N who="1" m="40490" /><E96/><V42/><F13/><W102/><G72/><N who="1" m="27754" /><E55/><V62/><F62/><W4/><G39/><T98/><D97/><U76/><E76/><V19/><F19/><W88/><G79/><T15/><D77/><U17/><E17/><V22/><F22/><W27/><REACH who="3" step="1"/><G60/><REACH who="3" ten="240,250,260,240" step="2"/><T131/><D61/><U99/><E126/><V92/><F103/><W118/><G118/><T45/><D127/><U89/><E134/><V24/><F101/><W2/><G2/><T90/><D125/><U25/><E123/><V37/><F37/><W117/><G117/><T69/><D135/><U5/><E122/><V54/><F87/><W95/><G95/><T53/><D120/><U78/><E78/><V93/><F84/><W115/><G115/><T83/><D114/><U59/><E99/><V128/><F92/><W132/><G132/><T119/><D98/><U110/><E109/><V10/><F93/><W75/><G75/><T26/><D111/><U133/><E110/><V48/><F48/><W16/><G16/><T40/><D119/><U41/><E133/><V8/><F30/><W9/><G9/><T65/><D121/><U6/><E5/><V49/><F28/><W113/><G113/><T71/><D83/><U58/><E6/><V105/><F105/><W20/><AGARI ba="0,1" hai="1,4,11,18,20,27,44,51,52,80,86,88,100,102" machi="20" ten="30,8000,1" yaku="1,1,0,1,54,2,53,1" doraHai="31" doraHaiUra="34" who="3" fromWho="3" sc="240,-20,250,-40,260,-20,240,90" /><INIT seed="2,0,0,3,3,35" ten="220,210,240,330" oya="2" hai0="41,50,39,125,118,90,127,73,49,11,121,89,16" hai1="65,37,128,111,71,79,93,130,96,70,115,12,18" hai2="36,24,98,78,40,57,82,110,103,109,67,64,1" hai3="51,123,72,23,135,7,46,132,42,77,55,25,129"/><V126/><F126/><N who="0" m="48138" /><D121/><U106/><E115/><V5/><F57/><W14/><G123/><T105/><D105/><U6/><E106/><N who="2" m="63863" /><F24/><W20/><G129/><N who="1" m="49770" /><E111/><N who="2" m="42507" /><F40/><W29/><G42/><T38/><D73/><U107/><E107/><V63/><F36/><N who="0" m="13866" /><D118/><U59/><E37/><V74/><F63/><W3/><G72/><T43/><D43/><U13/><E79/><V133/><F133/><W94/><G77/><T21/><D11/><AGARI ba="0,0" hai="1,5,11,64,67,74,78,82" m="42507,63863" machi="11" ten="30,5800,0" yaku="14,1,10,1,52,1" doraHai="35" who="2" fromWho="0" sc="220,-58,210,0,240,58,330,0" /><INIT seed="2,1,0,3,4,65" ten="162,210,298,330" oya="2" hai0="40,97,108,38,63,60,101,86,134,62,9,116,114" hai1="118,91,88,3,74,18,51,129,131,102,103,54,22" hai2="135,32,17,85,55,13,121,56,73,53,128,25,21" hai3="119,30,98,104,39,87,12,77,43,71,37,133,66"/><V113/><F73/><W105/><G119/><T80/><D114/><U61/><E74/><V50/><F128/><N who="1" m="49225" /><E61/><V132/><F113/><W1/><G1/><T67/><D108/><U117/><E3/><V28/><F121/><W78/><G133/><T42/><D134/><U41/><E41/><V106/><F106/><W23/><G43/><T16/><D116/><N who="1" m="44651" /><E103/><V111/><F111/><W75/><G75/><T10/><D67/><U15/><E102/><V48/><REACH who="2" step="1"/><F85/><REACH who="2" ten="162,210,288,330" step="2"/><W124/><G87/><T64/><D86/><U33/><E33/><V36/><F36/><W127/><G39/><T26/><D38/><U58/><AGARI ba="1,1" hai="15,18,22,51,54,58,88,91" m="44651,49225" machi="58" ten="30,2000,0" yaku="19,1,54,1" doraHai="65" who="1" fromWho="1" sc="162,-6,210,33,288,-11,330,-6" /><INIT seed="3,0,0,3,4,105" ten="156,243,277,324" oya="3" hai0="16,81,42,67,134,11,75,72,40,95,107,73,100" hai1="61,80,50,36,124,133,119,66,15,35,116,70,46" hai2="37,38,120,69,130,18,27,96,108,77,135,102,86" hai3="78,76,122,12,59,13,25,84,109,10,128,103,5"/><W115/><G122/><T63/><D107/><U114/><E35/><V49/><F120/><W106/><G115/><T92/><D134/><U31/><E114/><V57/><F69/><W24/><G128/><T30/><D30/><U131/><E131/><V23/><F108/><W14/><G109/><T68/><D81/><U20/><E36/><V121/><F135/><W45/><G106/><T118/><D118/><N who="1" m="45099" /><E133/><V56/><F121/><W91/><G103/><T6/><D16/><N who="1" m="10271" /><E31/><V98/><F38/><W48/><G59/><T51/><D51/><U19/><E19/><V1/><F1/><W79/><G5/><T34/><D34/><U104/><E104/><V110/><F37/><W39/><G39/><T85/><D85/><U33/><E33/><V125/><F86/><W112/><G10/><T2/><REACH who="0" step="1"/><D100/><REACH who="0" ten="146,243,277,324" step="2"/><U4/><E80/><V53/><F102/><W99/><G112/><T94/><AGARI ba="0,1" hai="2,6,11,40,42,63,67,68,72,73,75,92,94,95" machi="94" ten="40,12000,2" yaku="1,1,2,1,0,1,52,3,53,0" doraHai="105" doraHaiUra="29" who="0" fromWho="0" sc="146,130,243,-30,277,-30,324,-60" /><INIT seed="4,0,0,1,1,11" ten="276,213,247,264" oya="0" hai0="81,6,24,119,43,92,53,40,60,4,69,121,128" hai1="56,7,131,55,46,5,73,32,0,67,87,18,111" hai2="38,122,132,130,108,42,106,76,77,14,103,96,94" hai3="47,20,37,86,104,51,88,85,78,23,25,45,48"/><T3/><D119/><U68/><E73/><V83/><F122/><W105/><G37/><T93/><D121/><U89/><E111/><V28/><F108/><W61/><G61/><T1/><D60/><N who="1" m="38279" /><E32/><V95/><F28/><W116/><G116/><T66/><D66/><U98/><E0/><V36/><F130/><W70/><G70/><T97/><D53/><U59/><E68/><V54/><F54/><W125/><G125/><T123/><D123/><U2/><E2/><V82/><F132/><W74/><G74/><T118/><D69/><U39/><E39/><V117/><F117/><W33/><G33/><T58/><D118/><U64/><E131/><V80/><F42/><W120/><G120/><T102/><D58/><U100/><E46/><V110/><F38/><W133/><G133/><T31/><D1/><U12/><E64/><V41/><F41/><W134/><G134/><T112/><D3/><U17/><E98/><N who="2" m="61815" /><F36/><W34/><G34/><T84/><D43/><U27/><E27/><V71/><F71/><W49/><G25/><T50/><D128/><U91/><E100/><N who="2" m="60439" /><F14/><W57/><G57/><T115/><D40/><U75/><E75/><V129/><F129/><W99/><G105/><N who="0" m="63695" /><D50/><N who="1" m="31223" /><E17/><V63/><F63/><W72/><G104/><T30/><D30/><U35/><E35/><V15/><F110/><W124/><G47/><T126/><D126/><U13/><E89/><V65/><F65/><W109/><G124/><T16/><D16/><U135/><E135/><V79/><F15/><N who="1" m="5705" /><E18/><V10/><F10/><W44/><G109/><T114/><D31/><U127/><E127/><RYUUKYOKU ba="0,0" sc="276,-15,213,15,247,15,264,-15" hai1="5,7,87,91" hai2="76,77,79,80,82,83,95" /><INIT seed="5,1,0,4,0,73" ten="261,228,262,249" oya="1" hai0="34,25,75,40,48,64,97,93,1,65,43,37,10" hai1="104,122,26,67,128,132,83,134,36,77,126,52,118" hai2="66,80,125,11,110,35,2,5,27,113,59,15,94" hai3="127,82,18,24,106,23,81,131,17,19,117,42,6"/><U47/><E118/><V39/><F110/><W60/><G117/><T130/><D37/><U105/><E122/><V129/><F39/><W46/><G106/><N who="1" m="41066" /><E67/><V123/><F123/><W20/><G131/><T109/><D109/><U88/><E128/><V85/><F125/><W32/><G127/><T120/><D120/><U54/><E126/><V22/><F129/><W114/><G114/><T16/><D75/><N who="1" m="43455" /><E26/><V121/><F121/><W91/><G6/><T98/><D1/><U13/><E13/><V8/><F113/><W45/><G60/><T95/><D34/><U101/><E101/><V21/><F94/><W111/><G111/><T71/><D71/><U86/><E47/><N who="3" m="17930" /><G42/><N who="0" m="15915" /><D130/><U76/><E76/><V99/><F99/><W84/><G32/><T79/><D79/><U49/><E49/><V4/><F66/><W50/><G50/><T87/><D48/><U102/><E102/><V12/><F59/><W31/><G23/><N who="2" m="8713" /><F85/><W70/><G70/><T51/><D87/><U53/><E36/><V100/><F100/><W103/><G103/><N who="0" m="60847" /><D51/><U74/><E74/><V7/><F80/><AGARI ba="1,0" hai="17,18,19,20,24,31,80,81,82,84,91" m="17930" machi="80" ten="30,1000,0" yaku="8,1" doraHai="73" who="3" fromWho="2" sc="261,0,228,0,262,-13,249,13" /><INIT seed="6,0,0,5,0,3" ten="261,228,249,262" oya="2" hai0="105,114,83,90,120,117,91,127,71,61,52,97,39" hai1="87,33,125,75,135,18,129,69,131,60,59,2,9" hai2="66,0,94,37,118,98,84,28,102,86,43,65,23" hai3="132,110,82,32,72,116,42,55,85,15,122,126,81"/><V99/><F118/><W80/><G116/><T78/><D117/><U29/><E75/><V13/><F0/><W107/><G107/><T17/><BYE who="3" /><D120/><U121/><E69/><V46/><F84/><W51/><G51/><T76/><D39/><U5/><E121/><V93/><F86/><W30/><G30/><T73/><D114/><U119/><E119/><V89/><REACH who="2" step="1"/><F13/><REACH who="2" ten="261,228,239,262" step="2"/><W35/><G35/><T53/><D73/><U34/><E33/><V19/><F19/><W8/><G8/><T31/><D17/><U14/><E135/><V62/><F62/><W100/><G100/><T41/><D61/><U27/><E87/><V109/><F109/><W101/><G101/><T112/><D112/><U1/><E125/><V128/><F128/><N who="1" m="49225" /><E18/><V50/><F50/><W57/><G57/><T38/><D127/><U124/><E124/><V96/><F96/><W68/><G68/><T12/><D97/><U4/><E4/><V64/><F64/><AGARI ba="0,1" hai="1,2,5,9,14,27,29,34,59,60,64" m="49225" machi="64" ten="30,2000,0" yaku="19,1,52,1" doraHai="3" who="1" fromWho="2" sc="261,0,228,30,239,-20,262,0" /><INIT seed="7,0,0,0,1,24" ten="261,258,219,262" oya="3" hai0="69,132,10,39,77,3,47,86,70,18,1,57,65" hai1="2,19,99,61,130,0,22,84,87,58,135,38,131" hai2="97,63,91,83,82,95,119,12,14,115,116,48,122" hai3="112,72,104,62,51,28,30,15,80,134,76,8,88"/><W121/><G121/><T78/><D132/><UN n3="%6E%69%63%6F%6E%74%6F" /><U6/><E38/><V68/><F122/><W85/><G134/><T107/><D107/><U56/><E99/><V20/><F115/><W117/><G117/><T4/><D1/><N who="1" m="619" /><E6/><V45/><F116/><W108/><G104/><T40/><D18/><U92/><E135/><V96/><F119/><W79/><G112/><T35/><D35/><U102/><E102/><V53/><F97/><W11/><G11/><T36/><D36/><U81/><E92/><V110/><F110/><W127/><G127/><T50/><D86/><N who="1" m="32811" /><E61/><V37/><F37/><W120/><G120/><T101/><D101/><U111/><E81/><V42/><F68/><W75/><G108/><T54/><D70/><U124/><E124/><V52/><F53/><W5/><G62/><AGARI ba="0,0" hai="3,4,10,39,40,47,50,54,57,62,65,69,77,78" machi="62" ten="40,2600,0" yaku="24,2" doraHai="24" who="0" fromWho="3" sc="261,26,258,0,219,0,262,-26" owari="287,38.7,258,5.8,219,-28.1,236,-16.4" /></mjloggm>