<mjloggm ver="2.3"><GO type="225" lobby="0"/><UN n0="%4C%4F%4C%49%54%41" n1="%33%74%72%65%65" n2="%E3%81%8B%E3%82%8F%E3%81%A1%E3%82%83%E3%82%93%35%38" n3="%E5%A4%8F%E9%88%B4%E9%88%B4%E5%A4%8F" dan="16,17,16,16" rate="2107.48,2172.92,2159.62,2091.84" sx="F,F,M,F"/><TAIKYOKU oya="0"/><INIT seed="0,0,0,1,1,65" ten="250,250,250,250" oya="0" hai0="84,62,16,1,28,131,132,63,19,39,9,10,102" hai1="52,45,12,106,89,41,44,34,88,42,53,95,117" hai2="67,36,29,75,66,38,97,90,31,92,124,51,68" hai3="99,116,120,30,122,80,23,81,18,77,79,111,26"/><T93/><D39/><U20/><E106/><V40/><F75/><W100/><G116/><T127/><D131/><U82/><E34/><V55/><F124/><W48/><G111/><T57/><D132/><U49/><E117/><V69/><F90/><W113/><G113/><T7/><D127/><U60/><E82/><V94/><F97/><W61/><G61/><T21/><D63/><U128/><E128/><V73/><F73/><W107/><G48/><T37/><D37/><N who="2" m="14442" /><F94/><W17/><G122/><T8/><D7/><U56/><E45/><N who="2" m="26023" /><F92/><W4/><G4/><T43/><D43/><U14/><E89/><V0/><F29/><W46/><G46/><T13/><D1/><U87/><E12/><V105/><F31/><W119/><G119/><T115/><D115/><U35/><E35/><V108/><F105/><W86/><REACH who="3" step="1"/><G120/><REACH who="3" ten="250,250,250,240" step="2"/><T76/><D62/><U58/><E44/><V104/><F108/><W91/><G91/><T96/><D76/><U123/><E123/><V32/><F0/><W15/><G15/><T74/><D13/><U112/><E112/><V98/><F32/><W103/><G103/><T135/><D102/><U5/><E5/><V3/><F3/><W6/><G6/><T54/><D135/><U11/><E11/><V33/><F33/><W101/><G101/><T118/><D118/><U130/><E130/><V64/><F104/><W109/><G109/><T47/><D8/><U27/><E14/><V50/><F98/><W129/><G129/><T25/><D9/><U134/><E134/><V22/><F22/><W133/><G133/><T2/><D21/><RYUUKYOKU ba="0,1" sc="250,-30,250,10,250,10,240,10" hai1="20,27,41,42,49,52,53,56,58,60,87,88,95" hai2="50,55,64,66,67,68,69" hai3="17,18,23,26,30,77,79,80,81,86,99,100,107" /><INIT seed="1,1,1,3,4,33" ten="220,260,260,250" oya="1" hai0="54,20,14,46,64,74,17,24,42,44,97,105,27" hai1="63,30,21,59,111,81,22,103,119,101,51,38,134" hai2="110,40,58,45,108,71,124,34,67,100,15,50,16" hai3="87,86,84,69,5,13,123,99,18,107,104,77,60"/><U93/><E119/><V94/><F34/><W91/><G123/><T120/><D74/><U125/><E38/><V115/><F71/><W12/><G77/><T53/><D64/><U66/><E134/><V72/><F72/><W62/><G5/><T31/><D120/><U129/><E129/><V10/><F124/><W106/><G69/><T37/><D27/><U39/><E39/><V65/><F115/><W92/><REACH who="3" step="1"/><G12/><REACH who="3" ten="220,260,260,240" step="2"/><T19/><D14/><U43/><E125/><V89/><F100/><W112/><G112/><T26/><D24/><U76/><E101/><V122/><F122/><W28/><G28/><T11/><D26/><U8/><E30/><V96/><F58/><W135/><G135/><T128/><D31/><U6/><E76/><V133/><F133/><W131/><G131/><T56/><D128/><U117/><E59/><V2/><F2/><W32/><G32/><T88/><D56/><U95/><E103/><V47/><F47/><W55/><G55/><T1/><D53/><U9/><E6/><V126/><F126/><W49/><G49/><T36/><D54/><U116/><E51/><V7/><F7/><W57/><G57/><T102/><D46/><U78/><E78/><V83/><F67/><W82/><G82/><T41/><D37/><U68/><E66/><V98/><F65/><W3/><G3/><T118/><D1/><U25/><E68/><V127/><F83/><W29/><G29/><T23/><D36/><U114/><E81/><V90/><F127/><W75/><G75/><T121/><D44/><U52/><E114/><V73/><F73/><RYUUKYOKU ba="1,2" sc="220,-15,260,-15,260,15,240,15" hai2="10,15,16,40,45,50,89,90,94,96,98,108,110" hai3="13,18,60,62,84,86,87,91,92,99,104,106,107" /><INIT seed="2,2,2,3,2,125" ten="205,245,275,255" oya="2" hai0="31,6,66,24,39,134,133,111,5,19,35,44,49" hai1="12,75,129,76,53,52,103,79,109,131,94,45,90" hai2="57,123,87,84,55,107,13,22,80,73,110,28,65" hai3="101,135,85,74,40,122,97,47,83,38,60,32,1"/><V27/><F123/><W115/><G122/><T46/><D111/><U14/><E103/><V121/><F121/><W50/><G32/><T105/><D105/><U67/><E67/><V82/><F107/><W0/><G74/><T70/><D19/><U15/><E109/><V71/><F110/><W43/><G135/><N who="0" m="51723" /><D39/><U9/><E9/><V56/><F71/><W92/><G115/><T126/><D126/><U77/><E75/><V113/><F73/><W26/><G43/><N who="0" m="24735" /><D46/><U4/><E4/><V96/><F113/><W59/><G26/><T119/><D119/><U20/><E20/><V18/><F96/><W10/><G10/><T124/><D124/><U25/><E25/><V16/><F65/><W104/><G38/><T30/><D31/><U7/><E7/><V114/><F114/><W120/><G104/><T106/><D106/><U89/><E45/><V34/><F18/><W108/><G108/><T72/><D72/><U51/><E51/><V61/><REACH who="2" step="1"/><F56/><REACH who="2" ten="205,245,265,255" step="2"/><W86/><G120/><T100/><D100/><U64/><E64/><V88/><F88/><N who="1" m="33897" /><E94/><V130/><F130/><AGARI ba="2,3" hai="12,14,15,52,53,76,77,79,129,130,131" m="33897" machi="130" ten="40,16000,3" yaku="28,2,19,1,52,3,54,2" doraHai="125" who="1" fromWho="2" sc="205,0,245,196,265,-166,255,0" /><INIT seed="3,0,0,0,1,17" ten="205,441,99,255" oya="3" hai0="63,15,121,25,4,66,84,119,107,59,12,112,22" hai1="6,2,76,80,123,92,29,51,131,56,129,82,85" hai2="40,45,23,36,20,134,70,24,13,91,125,61,87" hai3="104,43,64,113,58,108,39,128,67,89,5,72,69"/><W35/><G113/><T78/><D121/><U62/><E123/><V111/><F111/><W0/><G104/><T71/><D107/><U10/><E29/><V48/><F125/><W53/><G35/><T68/><D119/><U3/><E51/><V79/><F134/><W41/><G72/><T14/><D112/><U118/><E118/><V11/><F79/><W60/><G5/><T83/><REACH who="0" step="1"/><D4/><REACH who="0" ten="195,441,99,255" step="2"/><U99/><E6/><V74/><F74/><W127/><G0/><T106/><D106/><U55/><E10/><V110/><F110/><W18/><G127/><T75/><D75/><U46/><E46/><V126/><F126/><W81/><G128/><N who="1" m="49226" /><E82/><V42/><F36/><W90/><G81/><T37/><D37/><U86/><E86/><V31/><F42/><W98/><G39/><T26/><D26/><U105/><E105/><V109/><F109/><W27/><G108/><T9/><D9/><U21/><E21/><N who="2" m="15759" /><F61/><W38/><G38/><T34/><D34/><U49/><E49/><V8/><F70/><W95/><G69/><T122/><D122/><U124/><E124/><V1/><F1/><W88/><G41/><T50/><D50/><U101/><AGARI ba="0,1" hai="2,3,55,56,62,76,80,85,92,99,101" m="49226" machi="101" ten="30,1100,0" yaku="19,1" doraHai="17" who="1" fromWho="1" sc="195,-3,441,21,99,-3,255,-5" owari="192,-20.8,462,56.2,96,-40.4,250,5.0" /></mjloggm>