<mjloggm ver="2.3"><GO type="225" lobby="0"/><UN n0="%E4%BF%BA%E3%81%A8%E5%A6%96%E5%A4%A2" n1="%E6%97%A5%E6%9B%9C%E6%97%A5%E3%82%88%E3%82%8A%E3%81%AE%E4%BD%BF%E8%80%85" n2="%E3%82%A2%E3%82%A4%E3%82%B9%E3%83%86%E3%82%A3%E3%83%BC%E3%81%82%E3%81%B9" n3="%E6%A1%9C%E8%8A%B1%E9%96%83%E3%80%85" dan="16,16,16,16" rate="2210.66,2153.88,2063.20,2104.04" sx="F,M,M,M"/><TAIKYOKU oya="0"/><INIT seed="0,0,0,1,4,123" ten="250,250,250,250" oya="0" hai0="50,40,132,30,76,82,75,21,100,89,124,4,84" hai1="121,3,130,41,106,18,35,93,105,98,0,44,25" hai2="65,6,49,111,8,47,45,61,2,69,7,46,12" hai3="79,116,10,81,71,115,43,14,94,90,83,68,133"/><T62/><D132/><U120/><E130/><V70/><F70/><W26/><G115/><T72/><D124/><U86/><E86/><V39/><F39/><W33/><G116/><T22/><D100/><N who="1" m="62615" /><E18/><V129/><F129/><W119/><G119/><T16/><D4/><U128/><E93/><V113/><F113/><W60/><G133/><T109/><D62/><U57/><E57/><V135/><F135/><W53/><G43/><T101/><D101/><U13/><E13/><V118/><F118/><W85/><G83/><T131/><D131/><U11/><E106/><V55/><F111/><W23/><G33/><T5/><D109/><U54/><E54/><V58/><REACH who="2" step="1"/><F7/><REACH who="2" ten="250,250,240,250" step="2"/><W56/><G71/><T15/><D5/><N who="1" m="1447" /><E128/><V38/><F38/><W31/><G68/><T96/><D75/><U108/><E108/><V66/><F66/><W107/><G107/><T1/><D72/><U102/><E121/><V88/><F88/><W134/><G134/><T77/><D89/><U73/><E120/><V80/><F80/><W99/><G81/><T87/><D82/><U37/><E73/><V110/><F110/><W97/><REACH who="3" step="1"/><G79/><REACH who="3" ten="250,250,240,240" step="2"/><T91/><D77/><U104/><E104/><V59/><F59/><W114/><G114/><T27/><D76/><U20/><E37/><V126/><F126/><W17/><AGARI ba="0,2" hai="10,14,17,23,26,31,53,56,60,85,90,94,97,99" machi="17" ten="20,5200,0" yaku="1,1,0,1,7,1,8,1,53,0" doraHai="123" doraHaiUra="42" who="3" fromWho="3" sc="250,-26,250,-13,240,-13,240,72" /><INIT seed="1,0,0,2,1,54" ten="224,237,227,312" oya="1" hai0="86,102,105,85,118,60,77,84,89,127,117,79,108" hai1="103,134,93,19,90,61,97,48,113,47,63,44,41" hai2="2,13,64,50,31,121,39,7,123,92,32,40,128" hai3="22,109,53,42,104,33,101,76,17,126,26,38,4"/><U135/><E113/><V69/><F39/><W95/><G104/><T52/><D108/><U67/><E19/><V110/><F110/><W55/><G109/><T28/><D127/><U3/><E3/><V91/><F2/><W107/><G107/><T119/><D28/><U111/><E111/><V100/><F100/><W35/><G126/><T66/><D89/><U8/><E8/><V131/><F64/><W98/><G76/><T27/><D27/><U37/><E103/><V124/><F69/><W15/><G4/><T74/><D74/><U71/><REACH who="1" step="1"/><E63/><REACH who="1" ten="224,227,227,312" step="2"/><V96/><F124/><W81/><G17/><T122/><D102/><U132/><E132/><V106/><F123/><W49/><G101/><T88/><D122/><U82/><E82/><V9/><F121/><W24/><G81/><T45/><D117/><U115/><E115/><V11/><F11/><W75/><G95/><N who="0" m="54663" /><D119/><U23/><E23/><V99/><F106/><W58/><G22/><T6/><D105/><U116/><E116/><V133/><F133/><W72/><G33/><T29/><D118/><U51/><E51/><V130/><F32/><W16/><G49/><N who="0" m="28719" /><D6/><U114/><E114/><V57/><F31/><W83/><G35/><T68/><D29/><U78/><E78/><V59/><F99/><W5/><G98/><T125/><D125/><U43/><AGARI ba="0,1" hai="37,41,43,44,47,48,61,67,71,90,93,97,134,135" machi="43" ten="30,3000,0" yaku="1,1,0,1,53,0" doraHai="54" doraHaiUra="18" who="1" fromWho="1" sc="224,-10,227,40,227,-10,312,-10" /><INIT seed="1,1,0,0,3,51" ten="214,267,217,302" oya="1" hai0="125,49,96,15,114,82,35,59,46,112,25,53,113" hai1="56,86,45,21,8,128,73,80,120,57,135,77,123" hai2="87,92,20,9,72,19,79,10,5,40,81,13,78" hai3="30,119,44,4,90,94,65,84,54,129,91,126,106"/><U18/><E128/><V66/><F66/><W48/><G129/><T37/><D125/><U24/><E135/><V29/><F29/><W111/><G126/><T0/><D0/><U130/><E130/><V121/><F121/><W52/><G111/><T116/><D116/><U61/><E45/><V100/><F40/><N who="3" m="24583" /><G106/><T70/><D70/><U41/><E41/><V104/><F79/><W32/><G32/><T11/><D37/><U67/><E73/><V105/><F10/><W47/><G119/><T6/><D82/><U14/><REACH who="1" step="1"/><E57/><REACH who="1" ten="214,257,217,302" step="2"/><V85/><F72/><W50/><G47/><T63/><D112/><U127/><E127/><V103/><F105/><W62/><G30/><AGARI ba="1,1" hai="8,14,18,21,24,30,56,61,67,77,80,86,120,123" machi="30" ten="30,2900,0" yaku="1,1,7,1,53,0" doraHai="51" doraHaiUra="115" who="1" fromWho="3" sc="214,0,257,42,217,0,302,-32" /><INIT seed="1,2,0,5,1,58" ten="214,299,217,270" oya="1" hai0="15,95,47,83,104,113,34,60,37,6,71,123,115" hai1="12,10,14,5,18,68,98,103,131,40,130,106,53" hai2="107,90,85,94,56,54,128,66,79,124,132,7,1" hai3="25,75,57,64,21,52,96,86,61,133,48,72,9"/><U110/><E68/><V116/><F124/><W63/><G133/><T16/><D104/><U109/><E40/><V41/><F132/><W80/><G96/><T89/><D34/><U35/><E35/><V135/><F135/><W8/><G72/><T93/><D123/><U78/><E78/><V92/><F107/><W87/><G75/><T36/><D6/><U3/><E53/><V101/><F128/><N who="1" m="49193" /><E18/><V67/><F79/><N who="3" m="46367" /><G87/><T49/><D37/><U112/><E112/><V105/><F105/><W127/><G127/><T39/><D39/><U117/><E117/><V65/><F41/><W20/><G20/><T33/><D33/><U108/><AGARI ba="2,0" hai="3,5,10,12,14,98,103,106,108,109,110" m="49193" machi="108" ten="40,7800,0" yaku="14,1,10,1,19,1" doraHai="58" who="1" fromWho="1" sc="214,-28,299,84,217,-28,270,-28" /><INIT seed="1,3,0,1,4,54" ten="186,383,189,242" oya="1" hai0="3,55,131,99,81,13,102,75,129,84,43,133,109" hai1="66,24,130,121,101,122,108,49,107,35,82,18,2" hai2="104,52,8,7,50,91,80,22,48,19,86,36,74" hai3="23,94,120,97,28,9,87,0,70,79,17,40,63"/><U116/><E116/><V56/><F36/><W110/><G120/><T46/><D3/><U126/><E2/><V26/><F104/><W41/><G110/><T20/><D75/><U15/><E82/><V105/><F105/><W117/><G117/><T135/><D109/><U73/><E73/><V111/><F111/><W119/><G119/><T88/><D13/><U68/><E49/><V96/><F74/><W95/><G28/><T1/><D20/><U37/><E37/><V25/><F26/><W27/><G0/><T61/><D1/><U92/><E92/><V89/><F8/><W134/><G134/><N who="0" m="51211" /><D43/><U76/><E15/><V10/><F10/><W115/><G9/><T34/><D34/><U6/><E35/><V45/><F7/><W90/><G115/><T98/><D46/><U72/><E72/><V57/><F50/><W12/><G12/><T21/><D21/><U65/><E24/><V51/><F48/><W5/><G5/><T83/><D83/><U11/><E6/><V59/><REACH who="2" step="1"/><F96/><REACH who="2" ten="186,383,179,242" step="2"/><N who="0" m="36906" /><D102/><U16/><E101/><V47/><F47/><W58/><G27/><T128/><D128/><U30/><E130/><V113/><F113/><W53/><G40/><T69/><D69/><U132/><E68/><V4/><F4/><W14/><G41/><T33/><D33/><U71/><E71/><V123/><F123/><W100/><G70/><T64/><D64/><U127/><E66/><V31/><F31/><W78/><AGARI ba="3,1" hai="14,17,23,53,58,63,78,79,87,90,94,95,97,100" machi="78" ten="30,4000,0" yaku="0,1,8,1,52,1" doraHai="54" who="3" fromWho="3" sc="186,-13,383,-23,179,-13,242,59" /><INIT seed="2,0,0,4,2,133" ten="173,360,166,301" oya="2" hai0="47,122,57,78,21,104,89,41,62,17,130,31,32" hai1="1,55,120,131,6,64,124,102,27,50,58,90,40" hai2="34,113,103,114,53,109,73,13,121,129,119,15,123" hai3="68,8,99,97,54,85,26,30,112,52,63,91,16"/><V111/><F73/><W11/><G112/><N who="2" m="43113" /><F103/><W36/><G36/><T37/><D122/><N who="2" m="46602" /><F129/><W83/><G68/><T60/><D130/><U135/><E102/><V49/><F34/><W116/><G116/><T74/><D104/><U96/><E135/><V33/><F33/><W87/><G87/><T22/><D32/><U75/><E75/><V61/><F61/><W100/><G63/><T79/><D74/><U35/><E35/><V117/><F15/><N who="3" m="7271" /><G11/><T98/><D62/><U94/><E131/><V43/><F43/><W20/><G100/><T39/><D37/><U9/><E40/><V108/><F13/><W92/><G92/><T38/><D39/><U29/><E120/><V48/><F48/><W12/><G12/><T132/><D132/><U42/><E42/><V126/><F126/><W44/><G54/><T24/><D31/><U5/><E124/><V59/><AGARI ba="0,0" hai="49,53,59,108,109,111,117,119" m="46602,43113" machi="59" ten="40,48000,5" yakuman="50" doraHai="133" who="2" fromWho="2" sc="173,-160,360,-160,166,480,301,-160" /><INIT seed="2,1,0,3,1,8" ten="13,200,646,141" oya="2" hai0="94,16,129,56,5,14,68,67,114,109,22,0,125" hai1="79,115,23,59,61,36,71,28,11,110,58,15,30" hai2="25,117,77,29,1,135,44,20,132,120,50,104,37" hai3="40,128,48,63,102,89,88,80,133,108,3,97,85"/><V17/><F120/><W62/><G3/><T39/><D114/><U26/><E36/><V113/><F104/><W126/><G108/><T95/><D109/><U116/><E110/><V35/><F1/><W64/><G128/><T91/><D68/><U86/><E115/><V127/><F113/><W96/><G126/><T121/><D121/><U119/><E71/><V123/><F37/><W47/><G133/><N who="2" m="51273" /><F77/><W105/><REACH who="3" step="1"/><G64/><REACH who="3" ten="13,200,646,131" step="2"/><T55/><D129/><U18/><E119/><V32/><F127/><W92/><AGARI ba="1,1" hai="40,47,48,62,63,80,85,88,89,92,96,97,102,105" machi="92" ten="30,8000,1" yaku="1,1,2,1,0,1,54,1,53,1" doraHai="8" doraHaiUra="78" who="3" fromWho="3" sc="13,-21,200,-21,646,-41,131,93" owari="-8,-50.8,179,-22.1,605,70.5,224,2.4" /></mjloggm>