<mjloggm ver="2.3"><GO type="225" lobby="0"/><UN n0="%E5%82%8D%E8%8B%A5%E7%84%A1%E4%BA%BA%35%31" n1="%E7%B4%94%E6%BD%94%E3%83%94%E3%83%A9%E3%83%8B%E3%82%A2" n2="%E3%81%8B%E3%82%8F%E3%81%A1%E3%82%83%E3%82%93%35%38" n3="%72%69%6F%75%63%68%61%6E" dan="16,17,16,16" rate="2183.70,2172.49,2135.76,2096.05" sx="M,M,M,M"/><TAIKYOKU oya="0"/><INIT seed="0,0,0,2,4,108" ten="250,250,250,250" oya="0" hai0="62,133,56,74,17,14,106,121,78,36,38,135,25" hai1="21,109,22,40,60,23,46,28,63,81,125,115,80" hai2="42,54,30,127,26,97,70,83,44,130,92,3,101" hai3="16,9,77,57,52,98,29,114,43,59,76,117,112"/><T51/><D106/><U19/><E109/><V90/><F127/><W102/><G117/><T41/><D121/><U12/><E125/><V5/><F130/><W110/><G110/><T37/><D25/><U79/><E115/><V73/><F70/><W2/><G43/><T120/><D120/><U24/><E22/><V100/><F54/><W132/><G29/><T8/><D78/><U123/><E123/><V119/><F119/><W69/><G69/><T0/><D74/><U58/><E63/><V113/><F113/><W11/><G132/><N who="0" m="50763" /><D0/><U34/><E79/><V82/><F5/><W6/><G76/><T122/><D122/><U131/><E34/><V20/><F3/><W111/><G111/><T93/><D93/><U68/><E68/><V84/><F73/><W99/><G59/><T95/><D95/><U15/><E12/><V72/><F72/><W33/><G33/><T1/><D1/><U94/><E94/><V49/><REACH who="2" step="1"/><F82/><REACH who="2" ten="250,250,240,250" step="2"/><W128/><G128/><T18/><D41/><U4/><E4/><V55/><F55/><W116/><G116/><T61/><D18/><U27/><E131/><V85/><F85/><W86/><G114/><T50/><D56/><U35/><E40/><V91/><AGARI ba="0,1" hai="20,26,30,42,44,49,83,84,90,91,92,97,100,101" machi="91" ten="20,5200,0" yaku="1,1,0,1,7,1,8,1,53,0" doraHai="108" doraHaiUra="32" who="2" fromWho="2" sc="250,-26,250,-13,240,62,250,-13" /><INIT seed="1,0,0,0,2,47" ten="224,237,302,237" oya="1" hai0="126,10,100,53,125,27,62,93,128,28,108,76,111" hai1="83,91,56,92,50,117,52,120,127,54,34,48,86" hai2="115,105,106,5,96,0,130,85,49,122,98,29,73" hai3="35,133,61,101,67,36,64,13,75,25,6,20,22"/><U51/><E34/><V65/><F65/><W3/><G133/><T90/><D128/><U41/><E117/><V9/><F73/><W132/><G132/><T60/><D100/><U33/><E33/><V38/><F38/><W107/><G75/><T119/><D76/><U58/><E120/><V68/><F68/><W116/><G36/><T14/><D119/><U23/><E127/><N who="0" m="48649" /><D90/><U81/><E23/><V26/><F98/><W82/><G116/><T30/><D93/><U39/><E39/><V89/><F96/><N who="3" m="61863" /><G64/><T72/><D72/><U79/><E41/><V43/><F122/><W16/><G82/><N who="1" m="31242" /><E79/><V124/><F124/><W134/><G134/><T123/><D123/><U94/><E92/><N who="2" m="54319" /><F130/><W7/><G20/><N who="0" m="15463" /><D30/><U46/><E46/><N who="2" m="25823" /><F115/><W63/><G3/><T32/><D32/><U77/><E77/><V19/><F29/><N who="3" m="19887" /><G61/><AGARI ba="0,0" hai="48,50,51,52,54,56,58,61,86,91,94" m="31242" machi="61" ten="30,12000,1" yaku="8,1,52,3,54,1" doraHai="47" who="1" fromWho="3" sc="224,0,237,120,302,0,237,-120" /><INIT seed="1,1,0,4,2,67" ten="224,357,302,117" oya="1" hai0="12,24,56,79,57,82,101,119,73,14,75,99,62" hai1="7,132,71,115,118,54,134,53,69,84,93,96,2" hai2="48,70,40,88,95,117,26,49,4,22,33,68,46" hai3="122,90,21,0,64,34,52,35,5,31,15,120,9"/><U98/><E115/><V85/><F117/><W23/><G64/><T108/><D108/><U59/><E118/><V94/><F33/><W102/><G102/><T55/><D119/><U37/><E37/><V8/><F94/><W131/><G90/><T135/><D135/><N who="1" m="51755" /><E84/><V125/><F49/><W100/><G100/><T27/><D75/><U103/><E98/><V38/><F38/><W123/><G52/><N who="1" m="20074" /><E59/><V39/><F39/><W76/><G76/><T121/><D121/><U92/><E92/><V3/><REACH who="2" step="1"/><F125/><REACH who="2" ten="224,357,292,117" step="2"/><W1/><G131/><T104/><REACH who="0" step="1"/><D56/><REACH who="0" ten="214,357,292,117" step="2"/><U41/><E41/><V86/><F86/><W126/><G126/><T47/><D47/><U13/><E2/><N who="3" m="1130" /><G35/><T109/><D109/><U111/><E111/><V87/><F87/><W107/><G107/><T6/><D6/><U50/><E50/><V30/><AGARI ba="1,2" hai="3,4,8,22,26,30,40,46,48,68,70,85,88,95" machi="30" ten="20,12000,2" yaku="1,1,0,1,7,1,52,2,54,1,53,1" doraHai="67" doraHaiUra="20" who="2" fromWho="2" sc="214,-31,357,-61,292,143,117,-31" /><INIT seed="2,0,0,4,3,31" ten="183,296,435,86" oya="2" hai0="128,53,13,26,18,5,132,43,119,99,23,125,15" hai1="77,109,103,34,88,37,117,84,78,19,21,90,123" hai2="135,27,36,112,28,74,56,76,30,89,52,38,98" hai3="73,79,46,12,54,45,107,93,106,80,96,41,81"/><V68/><F68/><W16/><G81/><T108/><D108/><U50/><E109/><V40/><F30/><W39/><G46/><T114/><D114/><U85/><E37/><V32/><F112/><W60/><G60/><T120/><D120/><U4/><E117/><V66/><F66/><W14/><G14/><T94/><D128/><U35/><E4/><V24/><F24/><W101/><REACH who="3" step="1"/><G54/><REACH who="3" ten="183,296,435,76" step="2"/><T82/><D53/><U126/><E50/><V0/><F52/><W59/><G59/><T92/><D13/><U48/><E48/><V44/><F56/><W129/><G129/><T72/><D82/><U10/><E103/><V110/><F44/><W105/><G105/><T133/><D15/><U2/><E10/><AGARI ba="0,1" hai="10,12,16,39,41,45,73,79,80,93,96,101,106,107" machi="10" ten="30,3900,0" yaku="1,1,7,1,54,1,53,0" doraHai="31" doraHaiUra="65" who="3" fromWho="1" sc="183,0,296,-39,435,0,76,49" /><INIT seed="3,0,0,4,2,17" ten="183,257,435,125" oya="3" hai0="89,127,80,116,30,119,55,96,124,123,86,44,92" hai1="48,70,0,83,20,101,11,67,125,45,1,94,73" hai2="4,37,110,77,43,75,104,2,88,71,133,63,3" hai3="82,5,27,135,40,25,12,99,109,78,85,23,53"/><W49/><G135/><T118/><D30/><U105/><E105/><V65/><F88/><N who="3" m="51255" /><G109/><T108/><D55/><U81/><E11/><V66/><F104/><W58/><G78/><T7/><D44/><U61/><E125/><N who="0" m="48201" /><D7/><U102/><E81/><V19/><F77/><W26/><G40/><T57/><D57/><U21/><E83/><V134/><F43/><W68/><G68/><T113/><D123/><U98/><E73/><V131/><F110/><W87/><G87/><T47/><D47/><U56/><E70/><V46/><F75/><W15/><G5/><T9/><D9/><U14/><E14/><N who="3" m="5162" /><G99/><T54/><D54/><N who="1" m="29967" /><E0/><V39/><F4/><W79/><G79/><N who="0" m="46367" /><D113/><U29/><E1/><V84/><F2/><W22/><AGARI ba="0,0" hai="22,23,25,26,27,49,53,58" m="5162,51255" machi="22" ten="30,11700,0" yaku="8,1,52,2,54,1" doraHai="17" who="3" fromWho="3" sc="183,-39,257,-39,435,-39,125,117" /><INIT seed="3,1,0,3,3,30" ten="144,218,396,242" oya="3" hai0="96,105,22,15,43,2,84,40,35,4,134,135,41" hai1="18,8,1,106,7,21,70,64,32,48,24,100,13" hai2="98,45,86,125,129,115,36,6,33,63,20,97,91" hai3="31,110,108,17,5,72,54,93,127,11,80,55,67"/><W92/><G127/><T122/><D122/><U133/><E133/><V75/><F33/><W58/><G31/><T51/><D2/><U101/><E106/><V73/><F98/><W94/><G67/><T99/><D105/><U112/><E112/><V74/><F97/><W56/><G17/><T81/><D35/><U89/><E89/><V57/><F20/><W62/><G80/><T117/><D117/><U65/><E48/><V103/><F103/><N who="1" m="39497" /><E70/><V126/><F126/><W124/><G72/><T132/><D51/><U118/><E118/><V53/><F6/><W79/><G79/><T95/><D95/><U37/><E37/><V34/><F34/><W116/><G124/><T25/><D15/><U69/><E69/><V9/><F9/><W39/><G39/><T68/><D4/><U16/><E18/><V82/><F125/><W52/><G116/><T26/><D68/><U120/><E120/><V107/><F107/><W0/><REACH who="3" step="1"/><G62/><REACH who="3" ten="144,218,396,232" step="2"/><T76/><REACH who="0" step="1"/><D26/><REACH who="0" ten="134,218,396,232" step="2"/><U61/><E61/><V28/><F74/><W60/><G60/><T119/><D119/><U50/><E50/><V77/><F77/><W12/><G12/><T29/><AGARI ba="1,2" hai="22,25,29,40,41,43,76,81,84,96,99,132,134,135" machi="29" ten="40,8000,1" yaku="1,1,0,1,20,1,53,1" doraHai="30" doraHaiUra="23" who="0" fromWho="0" sc="134,103,218,-21,396,-21,232,-41" owari="237,3.7,197,-20.3,375,47.5,191,-30.9" /></mjloggm>