<mjloggm ver="2.3"><GO type="225" lobby="0"/><UN n0="%E3%83%A9%E3%82%B9%E7%8E%87%EF%BC%93%E5%89%B2" n1="%E5%8D%A0%E3%81%84%E5%B8%AB%E8%A3%8F%E3%81%AA%E3%81%84%E3%81%97" n2="%E7%89%B9%E6%9D%B1%E3%81%AF%E4%B8%96%E7%95%8C%E3%82%92%E6%95%91%E3%81%86" n3="%E9%AD%94%E7%A5%9E%E2%80%A0%E6%B8%8B%E5%B7%9D%E6%9D%B1%E5%A0%B4%E2%80%A0" dan="16,17,16,16" rate="2134.08,2247.92,2195.54,2106.62" sx="F,M,M,M"/><TAIKYOKU oya="0"/><INIT seed="0,0,0,1,1,90" ten="250,250,250,250" oya="0" hai0="79,93,88,129,72,111,14,69,70,24,116,97,112" hai1="56,44,53,121,1,80,134,63,124,31,89,73,108" hai2="11,32,13,102,115,59,65,23,64,91,5,66,117" hai3="86,67,49,98,92,132,78,2,15,45,0,76,107"/><T130/><D112/><U20/><E121/><V43/><F115/><W94/><G132/><T3/><D3/><U25/><E108/><V33/><F117/><W41/><G107/><T51/><D116/><U19/><E134/><V61/><F102/><N who="3" m="60743" /><G0/><T128/><D111/><U35/><E124/><V77/><F77/><W99/><G2/><T29/><D14/><U96/><E1/><V103/><F103/><N who="3" m="60919" /><G67/><T21/><D51/><U119/><E119/><V71/><F43/><W30/><G30/><T133/><D133/><U127/><E127/><V114/><F114/><W10/><G86/><T8/><D8/><U82/><E73/><V85/><F66/><W42/><G42/><T109/><D109/><U46/><E82/><AGARI ba="0,0" hai="21,24,29,69,70,72,79,82,88,93,97,128,129,130" machi="82" ten="40,7700,0" yaku="19,1,52,1,54,1" doraHai="90" who="0" fromWho="1" sc="250,77,250,-77,250,0,250,0" /><INIT seed="0,1,0,0,0,3" ten="327,173,250,250" oya="0" hai0="5,91,72,41,12,58,77,88,86,59,69,127,57" hai1="38,111,107,21,55,18,114,49,134,98,79,128,53" hai2="115,106,11,118,73,29,7,68,90,16,14,6,135" hai3="89,95,37,15,52,70,8,50,20,34,105,113,62"/><T40/><D69/><U99/><E111/><V122/><F68/><W82/><G34/><T121/><D121/><U126/><E128/><V78/><F122/><W23/><G105/><T27/><D127/><U116/><E116/><V36/><F36/><W92/><G37/><T85/><D72/><U104/><E38/><V108/><F106/><W63/><G82/><N who="0" m="47311" /><D27/><U13/><E134/><V125/><F115/><W124/><G92/><N who="0" m="54295" /><D91/><U1/><E1/><V19/><F29/><W75/><G75/><T76/><D76/><U39/><E39/><V130/><F90/><W119/><G124/><T74/><D74/><U60/><E126/><V56/><F125/><W51/><G119/><T131/><D131/><U0/><E0/><V71/><F71/><W31/><G31/><T2/><D2/><U100/><E114/><V103/><F130/><W65/><G113/><T81/><D81/><U123/><E123/><V32/><F32/><W133/><G133/><T22/><D22/><U45/><E79/><V66/><F135/><W102/><G102/><T25/><D25/><U10/><E21/><V9/><F103/><W109/><G109/><T64/><D64/><U112/><E112/><V120/><F108/><W61/><G23/><T117/><D117/><U84/><E84/><V26/><F120/><W132/><G20/><T28/><D28/><U47/><E99/><V94/><F26/><W80/><G132/><T35/><D35/><U83/><E83/><N who="2" m="45519" /><F118/><W110/><G70/><T101/><D101/><U43/><E104/><V87/><F66/><W129/><G65/><T67/><D67/><RYUUKYOKU ba="1,0" sc="327,30,173,-10,250,-10,250,-10" hai0="5,12,40,41,57,58,59" /><INIT seed="0,2,0,1,5,89" ten="357,163,240,240" oya="0" hai0="75,126,128,52,1,48,16,90,133,41,104,57,39" hai1="33,97,121,92,84,35,113,2,106,38,135,19,109" hai2="110,116,71,44,129,127,37,111,4,87,22,77,11" hai3="27,31,29,24,99,55,94,30,132,103,82,32,0"/><T86/><D75/><U105/><E121/><V59/><F71/><W101/><G132/><T60/><D133/><U47/><E135/><V21/><F129/><W115/><G115/><T134/><D134/><U118/><E118/><V78/><F116/><W123/><G123/><T79/><D104/><U93/><E113/><V23/><F127/><W12/><G0/><T69/><D1/><U14/><E2/><N who="2" m="407" /><F59/><W125/><G125/><T10/><D128/><U65/><E109/><N who="2" m="41483" /><F87/><W130/><G130/><T51/><D126/><U124/><E124/><V100/><F100/><N who="3" m="60535" /><G32/><T131/><D69/><U80/><E65/><V102/><F102/><N who="3" m="38923" /><G12/><N who="0" m="7191" /><D39/><U88/><E33/><V28/><F28/><W61/><G82/><N who="0" m="47455" /><D41/><AGARI ba="2,0" hai="21,22,23,37,41,44,77,78" m="41483,407" machi="41" ten="30,1000,0" yaku="14,1" doraHai="89" who="2" fromWho="0" sc="357,-16,163,0,240,16,240,0" /><INIT seed="1,0,0,4,3,100" ten="341,163,256,240" oya="1" hai0="117,128,41,88,129,91,37,113,30,13,79,4,103" hai1="82,93,80,68,73,114,64,125,17,48,23,70,127" hai2="14,85,45,29,55,28,51,104,72,1,54,116,22" hai3="42,3,118,102,135,50,81,74,123,134,20,43,27"/><U130/><E114/><V124/><F72/><W90/><G123/><T24/><D117/><U53/><E130/><N who="0" m="50281" /><D79/><U35/><E35/><V121/><F1/><W6/><G102/><T75/><D75/><U71/><E64/><V16/><F116/><W98/><G118/><T120/><D113/><U112/><E112/><V122/><F104/><W40/><G74/><T83/><D83/><U8/><E8/><V107/><F107/><W12/><G3/><T119/><D103/><U56/><E93/><V131/><F131/><W15/><G50/><T77/><D77/><U11/><E11/><V133/><F133/><N who="3" m="50699" /><G6/><T115/><D120/><U5/><E5/><V57/><F124/><N who="1" m="47689" /><E73/><V33/><F85/><N who="3" m="50479" /><G98/><T132/><D115/><U94/><E94/><V46/><F33/><W101/><G101/><T39/><D119/><U58/><E58/><V19/><F46/><W61/><G61/><T47/><D132/><U105/><E105/><V2/><F2/><W59/><G59/><T76/><D4/><U110/><E110/><V44/><F44/><W25/><G20/><T69/><D69/><N who="1" m="17667" /><U60/><DORA hai="89" /><E60/><N who="2" m="35895" /><F121/><W109/><G109/><T97/><D47/><U26/><AGARI ba="0,0" hai="17,23,26,48,53,56,80,82" m="17667,47689" machi="26" ten="50,2400,0" yaku="18,1" doraHai="100,89" who="1" fromWho="1" sc="341,-8,163,24,256,-8,240,-8" /><INIT seed="1,1,0,1,0,29" ten="333,187,248,232" oya="1" hai0="34,5,101,67,109,43,2,97,127,49,115,111,36" hai1="61,15,3,82,11,28,27,123,68,131,119,122,21" hai2="92,128,24,45,63,14,132,37,90,94,66,110,104" hai3="48,0,44,57,18,39,47,88,41,1,118,91,134"/><U112/><E112/><V87/><F104/><W130/><G130/><T73/><D49/><U53/><E119/><V40/><F128/><W124/><G124/><T129/><D67/><U35/><E131/><V7/><F110/><N who="0" m="41994" /><D129/><U126/><E126/><V17/><F7/><W56/><G134/><T46/><D127/><U12/><E12/><V26/><F92/><W55/><G118/><T59/><D59/><U85/><E3/><V81/><F81/><W69/><G69/><T6/><D73/><U102/><E102/><V58/><F132/><W103/><G103/><T107/><D115/><U23/><E123/><V64/><REACH who="2" step="1"/><F64/><REACH who="2" ten="333,187,238,232" step="2"/><W100/><G100/><T114/><D114/><U4/><E122/><V105/><F105/><W76/><G0/><T22/><D6/><U108/><E108/><V86/><F86/><W52/><G1/><T77/><D5/><U99/><E99/><V106/><F106/><W116/><G116/><T20/><D2/><U16/><E4/><V93/><F93/><W71/><G71/><T60/><D107/><U19/><E19/><V38/><F38/><W113/><G113/><T8/><D101/><U133/><E133/><V32/><F32/><W80/><G18/><T74/><D34/><U135/><E135/><V98/><F98/><W31/><G31/><T125/><D97/><U89/><REACH who="1" step="1"/><E68/><REACH who="1" ten="333,177,238,232" step="2"/><V72/><F72/><W96/><G96/><T75/><D125/><U62/><E62/><V65/><F65/><W30/><G30/><T42/><D60/><U120/><E120/><V10/><AGARI ba="1,2" hai="10,14,17,24,26,37,40,45,58,63,66,87,90,94" machi="10" ten="20,2700,0" yaku="1,1,0,1,7,1,53,0" doraHai="29" doraHaiUra="121" who="2" fromWho="2" sc="333,-8,177,-14,238,50,232,-8" /><INIT seed="2,0,0,3,5,105" ten="325,163,288,224" oya="2" hai0="32,128,88,5,78,81,20,68,95,122,94,19,18" hai1="123,51,124,15,76,106,119,86,41,35,82,99,28" hai2="2,127,31,121,34,65,47,40,89,117,21,115,120" hai3="4,9,58,108,130,67,75,134,132,45,93,29,30"/><V109/><F115/><W39/><G108/><T135/><D32/><U118/><E123/><V101/><F117/><W64/><G93/><T27/><D122/><U24/><E124/><V79/><F34/><W54/><G45/><T111/><D111/><U91/><E41/><V70/><F109/><W12/><G39/><T16/><D68/><U74/><E51/><V38/><F101/><W112/><G112/><T98/><D128/><U46/><E46/><V48/><F2/><W110/><G75/><T44/><D135/><N who="3" m="51753" /><G130/><T3/><D44/><U66/><E66/><N who="3" m="25130" /><G110/><T114/><D114/><U72/><E15/><V23/><F38/><W59/><G59/><T97/><D5/><U25/><E24/><V77/><F65/><W10/><G9/><T53/><D53/><U1/><E1/><V49/><F70/><W42/><G42/><T116/><D116/><U33/><E33/><V11/><F11/><W71/><G71/><T0/><D0/><U36/><E36/><V129/><F129/><W63/><AGARI ba="0,0" hai="4,10,12,29,30,54,58,63" m="25130,51753" machi="63" ten="30,1100,0" yaku="20,1" doraHai="105" who="3" fromWho="3" sc="325,-3,163,-3,288,-5,224,11" /><INIT seed="3,0,0,0,3,132" ten="322,160,283,235" oya="3" hai0="115,95,8,46,104,102,93,0,116,40,80,77,62" hai1="73,21,35,4,19,26,38,86,61,57,68,50,84" hai2="30,69,127,52,28,54,103,106,111,13,107,48,36" hai3="118,3,9,79,133,32,119,25,135,71,18,126,10"/><W24/><G71/><T70/><D116/><N who="3" m="44585" /><G79/><T120/><D120/><U14/><E73/><V90/><F36/><W2/><G126/><T134/><D134/><N who="3" m="51209" /><G32/><T44/><D44/><U72/><E72/><V67/><F127/><W43/><G43/><T27/><D27/><N who="3" m="10313" /><G18/><T42/><D42/><U112/><E112/><V60/><F54/><W58/><G58/><T16/><D115/><U37/><E68/><V83/><F30/><W5/><G5/><N who="0" m="1063" /><D16/><U81/><E35/><V75/><F28/><W15/><G15/><T114/><D114/><U45/><E37/><V65/><F65/><W92/><G92/><T91/><D70/><U94/><E38/><V78/><F52/><W108/><G108/><T56/><D95/><U23/><E94/><V130/><F13/><W34/><G34/><T101/><D56/><U29/><E4/><V41/><F41/><W96/><G96/><T22/><D40/><U1/><E1/><AGARI ba="0,0" hai="1,2,3,9,10" m="10313,51209,44585" machi="1" ten="40,12000,1" yaku="28,2,20,1,34,2" doraHai="132" who="3" fromWho="1" sc="322,0,160,-120,283,0,235,120" owari="322,12.2,40,-46.0,283,-11.7,355,45.5" /></mjloggm>