<mjloggm ver="2.3"><GO type="225" lobby="0"/><UN n0="%E3%81%8B%E3%82%8F%E3%81%A1%E3%82%83%E3%82%93%35%38" n1="%77%72%77%72%77%72%77%72" n2="%6E%69%63%6F%6E%74%6F" n3="%E3%81%90%E3%81%A1%E3%82%84%E3%81%BE" dan="16,17,16,16" rate="2143.31,2177.34,2144.23,2138.80" sx="M,M,M,M"/><TAIKYOKU oya="0"/><INIT seed="0,0,0,4,2,85" ten="250,250,250,250" oya="0" hai0="56,91,122,15,31,17,134,130,41,70,14,83,45" hai1="35,63,34,29,73,116,28,66,42,7,104,55,16" hai2="114,8,49,74,54,109,43,69,58,10,103,60,40" hai3="82,39,37,118,71,106,51,133,92,68,95,126,24"/><T135/><D122/><U30/><E116/><V25/><F114/><W13/><G106/><T105/><D70/><U50/><E73/><V77/><F109/><W76/><G118/><T52/><D105/><U20/><E104/><V100/><F74/><W21/><G133/><N who="0" m="50699" /><D31/><U121/><E121/><V72/><F72/><W113/><G126/><T131/><D83/><U89/><E7/><V132/><F77/><W65/><G13/><N who="0" m="4619" /><D17/><U81/><E42/><N who="2" m="15915" /><F69/><W12/><G12/><T64/><D64/><U98/><E34/><V86/><F132/><W38/><G65/><T32/><D91/><U3/><E3/><V78/><F25/><W93/><G113/><T36/><D32/><U26/><E35/><V101/><F60/><AGARI ba="0,0" hai="36,41,45,52,56,60,130,131" m="4619,50699" machi="60" ten="30,2900,0" yaku="20,1,54,1" doraHai="85" who="0" fromWho="2" sc="250,29,250,0,250,-29,250,0" /><INIT seed="0,1,0,0,0,78" ten="279,250,221,250" oya="0" hai0="40,56,102,112,96,124,20,39,79,135,18,133,48" hai1="111,85,27,25,29,3,15,100,88,93,134,17,121" hai2="0,55,113,132,122,24,75,128,11,115,72,104,10" hai3="125,129,101,9,22,109,42,108,2,87,60,59,105"/><T41/><D112/><U71/><E121/><V99/><F122/><W82/><G125/><T23/><D124/><U67/><E3/><V47/><F128/><W91/><G129/><T7/><D7/><U46/><E111/><N who="3" m="42570" /><G42/><T76/><D23/><U120/><E120/><V97/><F132/><N who="0" m="50762" /><D56/><U62/><E134/><V83/><F24/><W8/><G2/><T5/><D48/><U123/><E123/><V73/><F0/><W110/><N who="3" m="42578" /><W16/><DORA hai="130" /><G101/><T30/><D5/><U33/><E46/><V70/><F47/><W106/><G106/><N who="0" m="63815" /><D30/><U50/><E50/><V44/><F44/><W92/><G105/><T65/><D65/><U126/><E100/><V4/><F104/><W74/><G59/><T53/><D53/><U69/><E126/><V63/><F55/><W54/><G54/><T13/><D39/><U89/><E71/><V90/><F4/><W94/><G60/><T81/><D76/><U43/><E43/><V14/><F63/><W119/><G119/><T31/><D31/><U26/><E33/><V84/><F70/><W58/><G58/><T19/><D19/><U117/><E117/><V12/><F115/><W38/><G38/><T32/><D32/><U68/><E68/><V34/><F34/><W6/><G6/><T61/><D61/><U80/><E29/><V98/><F113/><W52/><G52/><T114/><D114/><U28/><E28/><V107/><F107/><W86/><G8/><T36/><D36/><U77/><E17/><N who="2" m="8343" /><F11/><W64/><G9/><T49/><D49/><U66/><E69/><V103/><F103/><RYUUKYOKU ba="1,0" sc="279,15,250,-15,221,15,250,-15" hai0="13,18,20,40,41,79,81" hai2="14,72,73,75,83,84,90,97,98,99" /><INIT seed="0,2,0,4,2,118" ten="294,235,236,235" oya="0" hai0="1,13,117,11,29,39,22,128,36,86,33,132,112" hai1="34,71,2,64,125,109,105,53,95,97,25,40,103" hai2="45,116,113,27,17,55,32,30,133,107,106,120,24" hai3="56,57,76,51,15,100,115,88,123,0,3,21,60"/><T114/><D86/><U85/><E2/><V66/><F116/><W28/><G115/><N who="0" m="44075" /><D36/><U70/><E109/><V80/><F113/><W73/><G100/><T101/><D39/><U23/><E125/><V127/><F127/><W111/><G111/><T38/><D38/><U104/><E34/><V89/><F120/><W130/><G130/><T41/><D41/><U77/><E40/><V83/><F66/><W61/><G76/><T119/><D101/><U46/><E77/><V43/><F133/><W84/><G73/><T63/><D63/><U99/><E85/><V18/><F43/><W14/><G51/><T92/><D92/><U110/><E110/><V6/><F6/><W8/><G123/><T98/><D98/><U52/><E105/><V48/><F48/><W12/><G0/><T121/><D121/><U69/><E46/><V134/><F45/><W75/><G3/><T59/><D59/><N who="3" m="22601" /><G8/><T78/><D78/><U31/><REACH who="1" step="1"/><E64/><REACH who="1" ten="294,225,236,235" step="2"/><V37/><F107/><W82/><G75/><T19/><D132/><U131/><E131/><V135/><F106/><W10/><G10/><T90/><D128/><U122/><E122/><V91/><F32/><W35/><G35/><T108/><D108/><U79/><E79/><V5/><F135/><W65/><G65/><T49/><D33/><U42/><E42/><V9/><F134/><W62/><G28/><T68/><D1/><U74/><E74/><V67/><F37/><W7/><G7/><N who="0" m="3327" /><D119/><U4/><E4/><V16/><F5/><W50/><G50/><T47/><D117/><U94/><E94/><V58/><F30/><RYUUKYOKU ba="2,1" sc="294,-15,225,15,236,-15,235,15" hai1="23,25,31,52,53,69,70,71,95,97,99,103,104" hai3="12,14,15,21,60,61,62,82,84,88" /><INIT seed="1,3,1,0,3,51" ten="279,240,221,250" oya="1" hai0="46,82,42,43,25,67,89,118,102,41,61,6,81" hai1="75,85,59,23,77,5,14,135,22,16,1,18,31" hai2="88,112,131,122,53,9,117,92,107,76,40,109,116" hai3="73,44,87,10,111,129,26,29,106,119,83,121,33"/><U4/><E75/><V64/><F122/><W60/><G121/><T128/><D118/><U54/><E135/><V52/><F107/><W32/><G106/><T49/><D128/><U97/><E1/><V24/><F40/><W48/><G111/><T8/><D102/><U115/><E115/><V91/><F109/><W78/><G129/><T11/><D25/><N who="1" m="16823" /><E97/><V62/><F131/><W86/><G119/><T113/><D113/><U70/><E70/><V3/><F112/><W7/><G60/><T101/><D101/><U98/><E98/><V126/><F76/><W2/><REACH who="3" step="1"/><G33/><REACH who="3" ten="279,240,221,240" step="2"/><T79/><D61/><N who="1" m="36087" /><E18/><V125/><F117/><W38/><G38/><T74/><D6/><U94/><E77/><V37/><F116/><W50/><G50/><T13/><D49/><U127/><E127/><N who="2" m="48651" /><F37/><W35/><G35/><T96/><D79/><U39/><E39/><V57/><F24/><W30/><G30/><T19/><D19/><U93/><E93/><V133/><F133/><W99/><G99/><T34/><D96/><U124/><E124/><V108/><F108/><W58/><G58/><T65/><D34/><U105/><E105/><V56/><F92/><W28/><G28/><T84/><D82/><U21/><E4/><N who="2" m="1183" /><F57/><W17/><G17/><T114/><D81/><U0/><E5/><V80/><F80/><W63/><G63/><T15/><D114/><U72/><E94/><V120/><F120/><W123/><G123/><T130/><D130/><U90/><E16/><V132/><F132/><W66/><G66/><T20/><D67/><U103/><E0/><V47/><F64/><RYUUKYOKU ba="3,2" sc="279,-15,240,-15,221,15,240,15" hai2="47,52,53,56,62,88,91" hai3="2,7,10,26,29,32,44,48,73,78,83,86,87" /><INIT seed="2,4,2,2,3,119" ten="264,225,236,255" oya="2" hai0="1,132,104,32,68,16,125,44,77,110,15,128,82" hai1="70,48,58,19,20,0,49,100,38,8,91,46,113" hai2="80,95,88,111,73,69,42,47,65,59,60,34,55" hai3="25,2,3,98,28,14,93,43,74,120,11,6,53"/><V24/><F111/><W115/><G74/><T81/><D1/><U71/><E113/><V67/><F73/><W63/><G115/><T116/><D32/><U23/><E38/><V26/><F80/><W29/><G120/><T18/><D68/><U5/><E100/><V89/><F34/><W50/><G43/><T109/><D104/><U86/><E58/><V79/><F79/><W75/><G75/><T96/><D128/><U94/><E23/><V12/><F12/><W129/><G63/><T13/><D132/><U45/><E48/><N who="2" m="31207" /><F67/><W64/><G64/><T40/><D96/><U66/><E66/><V122/><F122/><W103/><G129/><T30/><D30/><U83/><E83/><N who="0" m="31753" /><D77/><U27/><E45/><V135/><F135/><W17/><G6/><T41/><D116/><U57/><E57/><V56/><F56/><W78/><G78/><T76/><D76/><U105/><E105/><V10/><F10/><W101/><G101/><T133/><D133/><U33/><E33/><V97/><F89/><W107/><G107/><T4/><D4/><U112/><E112/><V92/><F92/><W114/><G114/><T31/><D44/><U7/><E5/><V62/><F62/><W123/><G123/><T121/><D121/><U51/><E51/><V99/><F99/><W84/><G84/><T124/><D109/><U117/><E117/><V35/><F35/><N who="3" m="20879" /><G29/><T39/><D110/><U21/><E21/><V118/><F118/><W126/><G2/><T130/><D130/><U72/><E72/><V36/><AGARI ba="4,2" hai="24,26,36,42,47,60,65,69,88,95,97" m="31207" machi="36" ten="30,3000,0" yaku="24,1,54,1" doraHai="119" who="2" fromWho="2" sc="264,-14,225,-14,236,62,255,-14" /><INIT seed="2,5,0,2,2,98" ten="250,211,298,241" oya="2" hai0="129,26,45,135,132,122,63,56,101,52,51,2,21" hai1="5,38,17,109,19,112,65,48,70,117,35,134,110" hai2="13,93,47,27,28,20,9,87,46,127,54,4,39" hai3="53,95,30,82,33,61,104,0,6,80,133,24,126"/><V22/><F127/><W50/><G104/><T108/><D122/><U66/><E112/><V131/><F131/><W60/><G126/><T107/><D2/><U31/><E117/><V113/><F113/><W1/><G133/><N who="0" m="51275" /><D129/><U99/><E38/><V43/><F47/><W25/><G25/><T18/><D108/><N who="1" m="41579" /><E134/><V64/><F64/><N who="1" m="24681" /><E70/><V55/><F87/><W57/><G95/><T11/><D11/><U102/><E5/><V115/><F115/><W8/><G8/><T49/><BYE who="3" /><D45/><U124/><E48/><N who="0" m="18505" /><D107/><N who="1" m="63967" /><E124/><V14/><F93/><W58/><G58/><T94/><D94/><U37/><E37/><V40/><F40/><W128/><G128/><T88/><D88/><U123/><E123/><V103/><F39/><UN n3="%E3%81%90%E3%81%A1%E3%82%84%E3%81%BE" /><W16/><G6/><T15/><D15/><U36/><E36/><V29/><F14/><W23/><G0/><T96/><D96/><U34/><E34/><V92/><F13/><W67/><G1/><T72/><D72/><U105/><E105/><V10/><F4/><W69/><G61/><T86/><D86/><U71/><E71/><V62/><F62/><W75/><G75/><T3/><D3/><U79/><E79/><V12/><F12/><W73/><G73/><T118/><D118/><U32/><E32/><V130/><F130/><W41/><G41/><T74/><D74/><U68/><E68/><V85/><F43/><W78/><G78/><T89/><D89/><U7/><E7/><V119/><F119/><W120/><G120/><T125/><D125/><U90/><E90/><V83/><F83/><N who="3" m="31787" /><G33/><T121/><D121/><U91/><E91/><RYUUKYOKU ba="5,0" sc="250,10,211,10,298,-30,241,10" hai0="18,21,26,52,56,63,101" hai1="17,19,31,35" hai3="16,23,24,30,50,53,57,60,67,69" /><INIT seed="3,6,0,2,2,66" ten="260,221,268,251" oya="3" hai0="47,20,71,128,86,96,21,100,2,120,103,10,117" hai1="73,129,102,22,77,3,97,37,133,112,39,49,57" hai2="113,24,111,30,51,43,80,8,56,0,46,85,65" hai3="50,54,48,124,115,74,40,93,6,59,76,67,41"/><W91/><G115/><T70/><D117/><U126/><E112/><V114/><F111/><W58/><G124/><T108/><D120/><U38/><E126/><V75/><F75/><W68/><G74/><T107/><D108/><U29/><E3/><V134/><F134/><W34/><G34/><T31/><D128/><U118/><E129/><V72/><F72/><W98/><G68/><T36/><D103/><U95/><E133/><V83/><F56/><W104/><G76/><T4/><D86/><U11/><E118/><V60/><F83/><W53/><G67/><T33/><D21/><U106/><E11/><V14/><F0/><W123/><G123/><T127/><D20/><U15/><E106/><V84/><F84/><W28/><G28/><T5/><D5/><U130/><E130/><V64/><F64/><W63/><G63/><T94/><D94/><U78/><E73/><V122/><F122/><W88/><G104/><T16/><D16/><U61/><E49/><V1/><F1/><W109/><G109/><T81/><D81/><U18/><REACH who="1" step="1"/><E29/><REACH who="1" ten="260,211,268,251" step="2"/><V9/><F9/><W32/><G32/><T26/><D127/><U99/><E99/><V42/><F113/><W7/><REACH who="3" step="1"/><G91/><REACH who="3" ten="260,211,268,241" step="2"/><T119/><D119/><U44/><E44/><V82/><F46/><W105/><G105/><T90/><D90/><U125/><E125/><V132/><F114/><W55/><G55/><AGARI ba="6,2" hai="15,18,22,37,38,39,55,57,61,77,78,95,97,102" machi="55" ten="40,1300,0" yaku="1,1,53,0" doraHai="66" doraHaiUra="135" who="1" fromWho="3" sc="260,0,211,51,268,0,241,-31" /><INIT seed="4,0,0,1,0,109" ten="260,262,268,210" oya="0" hai0="0,30,12,123,90,131,97,48,64,15,113,115,8" hai1="73,78,50,35,24,94,99,17,7,118,66,101,114" hai2="22,82,100,75,6,92,36,43,37,127,103,38,31" hai3="95,62,56,4,10,68,69,44,125,16,19,2,18"/><T85/><D131/><U59/><E118/><V27/><F127/><W84/><G125/><T117/><D117/><U21/><E114/><N who="0" m="43529" /><D123/><U23/><E7/><V116/><F6/><W132/><G132/><T105/><D30/><U14/><E35/><V11/><F11/><W108/><G108/><T39/><D39/><U110/><E110/><V72/><F116/><W52/><REACH who="3" step="1"/><G44/><REACH who="3" ten="260,262,268,200" step="2"/><T83/><D64/><U65/><E65/><V87/><F38/><W67/><G67/><T58/><D58/><U61/><BYE who="0" /><E59/><V13/><F37/><W5/><G5/><T41/><D41/><U49/><E66/><V98/><F36/><W1/><G1/><T53/><D53/><U54/><E54/><V80/><F43/><W91/><AGARI ba="0,1" hai="2,4,10,16,18,19,52,56,62,68,69,84,91,95" machi="91" ten="30,7900,0" yaku="1,1,0,1,54,2,53,0" doraHai="109" doraHaiUra="111" who="3" fromWho="3" sc="260,-39,262,-20,268,-20,200,89" /><UN n0="%E3%81%8B%E3%82%8F%E3%81%A1%E3%82%83%E3%82%93%35%38" /><INIT seed="5,0,0,0,5,109" ten="221,242,248,289" oya="1" hai0="74,46,91,129,29,49,123,107,30,72,48,70,68" hai1="77,43,28,117,101,116,6,19,102,134,94,37,90" hai2="84,40,100,118,33,87,98,8,2,18,89,88,17" hai3="120,92,69,75,124,103,114,71,14,50,86,36,125"/><U58/><E28/><V41/><F118/><W38/><G75/><T61/><D107/><U54/><E6/><V79/><F33/><W135/><G120/><T99/><D99/><U25/><E77/><V104/><F2/><W34/><G34/><T80/><D80/><U96/><E134/><V4/><F79/><W7/><G135/><T26/><D91/><U106/><E37/><V44/><F4/><W62/><G114/><T57/><D129/><U27/><E43/><V53/><F53/><W110/><G110/><T128/><D128/><U119/><E106/><V121/><F121/><W76/><G50/><T16/><D123/><U42/><E42/><V35/><F35/><W12/><G103/><T32/><D29/><U115/><E115/><V67/><F67/><W93/><G7/><T51/><D46/><U9/><E9/><V52/><F52/><W85/><G76/><T31/><D31/><U131/><E131/><V47/><F8/><W64/><G64/><N who="0" m="38959" /><D16/><U113/><E113/><V95/><F104/><W60/><AGARI ba="0,0" hai="12,14,36,38,60,62,69,71,85,86,92,93,124,125" machi="60" ten="25,3200,0" yaku="0,1,22,2" doraHai="109" who="3" fromWho="3" sc="221,-8,242,-16,248,-8,289,32" owari="213,-28.7,226,-17.4,240,4.0,321,42.1" /></mjloggm>