<mjloggm ver="2.3"><GO type="225" lobby="0"/><UN n0="%E9%A6%AC%E5%BC%95%E7%81%AB%33" n1="%4D%2E%61%72%74%65%74%61" n2="%E6%98%93%E5%88%A9%E8%96%A9%E4%BC%AF" n3="%72%61%6B%33" dan="16,17,16,16" rate="2053.51,2216.39,2113.84,2156.19" sx="M,M,F,M"/><TAIKYOKU oya="0"/><INIT seed="0,0,0,1,1,39" ten="250,250,250,250" oya="0" hai0="110,98,29,80,90,10,82,43,85,65,0,92,124" hai1="99,23,76,3,88,62,89,68,14,25,83,32,17" hai2="33,101,19,27,63,78,13,103,1,74,22,30,75" hai3="79,64,26,53,117,21,73,130,55,112,107,45,114"/><T115/><D115/><U4/><E99/><V84/><F84/><W44/><G107/><T108/><D124/><U36/><E36/><V34/><F34/><W122/><G73/><T60/><D29/><N who="1" m="19503" /><E68/><V8/><F63/><W133/><G79/><T125/><D125/><U132/><E62/><V35/><F35/><W52/><G117/><T37/><D0/><U69/><E69/><V6/><REACH who="2" step="1"/><F75/><REACH who="2" ten="250,250,240,250" step="2"/><W91/><G114/><T106/><D106/><U20/><E132/><V57/><F57/><W131/><G133/><T118/><D118/><U54/><E23/><V5/><F5/><W42/><G112/><T120/><D120/><U38/><E4/><V119/><F119/><W109/><G122/><T86/><D10/><U104/><E20/><V123/><F123/><W7/><G7/><T58/><D85/><U12/><E83/><AGARI ba="0,1" hai="1,6,8,13,19,22,27,30,33,74,78,83,101,103" machi="83" ten="40,5200,0" yaku="1,1,24,2,53,0" doraHai="39" doraHaiUra="40" who="2" fromWho="1" sc="250,0,250,-52,240,62,250,0" /><INIT seed="1,0,0,0,5,88" ten="250,198,302,250" oya="1" hai0="96,125,38,59,12,19,78,82,131,101,105,117,55" hai1="17,116,15,127,21,42,51,135,72,120,83,126,20" hai2="57,4,123,44,36,63,26,129,133,85,8,119,53" hai3="114,10,128,14,121,64,94,29,89,61,115,46,70"/><U130/><E116/><V81/><F119/><W34/><G121/><T113/><D117/><U52/><E120/><V43/><F123/><W7/><G128/><T25/><D131/><U56/><E130/><V92/><F129/><W50/><G29/><T1/><D113/><U28/><E42/><V13/><F26/><W77/><G77/><T93/><D125/><N who="1" m="47627" /><E135/><V97/><F133/><W73/><G73/><T111/><BYE who="1" /><D111/><U18/><E18/><V108/><F108/><W45/><G34/><T58/><D1/><UN n1="%4D%2E%61%72%74%65%74%61" /><U74/><E83/><V110/><F110/><W90/><G90/><T30/><D38/><U41/><E41/><V5/><F5/><W86/><REACH who="3" step="1"/><G46/><REACH who="3" ten="250,198,302,240" step="2"/><T33/><D105/><U99/><E99/><V109/><F109/><W66/><G66/><T22/><D55/><AGARI ba="0,1" hai="7,10,14,45,50,55,61,64,70,86,89,94,114,115" machi="55" ten="30,3900,0" yaku="1,1,7,1,52,1,53,0" doraHai="88" doraHaiUra="124" who="3" fromWho="0" sc="250,-39,198,0,302,0,240,49" /><INIT seed="2,0,0,3,5,88" ten="211,198,302,289" oya="2" hai0="8,61,40,60,51,28,66,6,15,26,37,87,52" hai1="30,98,48,64,108,104,31,91,90,36,9,92,43" hai2="54,97,119,59,0,85,2,135,106,38,120,127,34" hai3="134,80,19,76,72,86,57,103,107,4,39,84,68"/><V70/><RYUUKYOKU type="yao9" ba="0,0" sc="211,0,198,0,302,0,289,0" hai2="0,2,34,38,54,59,70,85,97,106,119,120,127,135" /><INIT seed="2,1,0,0,5,124" ten="211,198,302,289" oya="2" hai0="129,21,60,24,3,22,99,83,30,12,1,81,59" hai1="67,7,27,42,54,111,40,96,19,47,105,17,15" hai2="48,76,128,46,71,37,36,58,87,85,70,9,31" hai3="63,8,6,77,73,106,51,80,62,113,119,91,39"/><V117/><F31/><W32/><G119/><T10/><D22/><U56/><E111/><V64/><F9/><W35/><G113/><T5/><D129/><U116/><E116/><V107/><F76/><W108/><G108/><T120/><D120/><U65/><E105/><V126/><F107/><W127/><G127/><T134/><D134/><U0/><E96/><V25/><F25/><W110/><G110/><T18/><D99/><U94/><E94/><V23/><F23/><W98/><G51/><T57/><D57/><U75/><E75/><V86/><F117/><W112/><G112/><T103/><D103/><U118/><E118/><V74/><F74/><W97/><G97/><T38/><D38/><U61/><E27/><V123/><F123/><W44/><G63/><T84/><D30/><U34/><E42/><V115/><F115/><W4/><G62/><T93/><D93/><U16/><E34/><V135/><F135/><W14/><G4/><T52/><REACH who="0" step="1"/><D81/><REACH who="0" ten="201,198,302,289" step="2"/><U66/><E0/><V69/><F126/><W26/><G106/><T89/><AGARI ba="1,1" hai="1,3,5,10,12,18,21,24,52,59,60,83,84,89" machi="89" ten="20,8000,1" yaku="1,1,2,1,0,1,7,1,54,1,53,0" doraHai="124" doraHaiUra="92" who="0" fromWho="0" sc="201,93,198,-21,302,-41,289,-21" /><INIT seed="3,0,0,2,4,123" ten="294,177,261,268" oya="3" hai0="112,64,80,57,15,45,109,71,108,91,53,41,98" hai1="51,74,100,113,38,48,14,9,78,70,111,101,128" hai2="127,103,134,116,72,86,118,62,117,20,75,50,54" hai3="22,19,1,65,46,39,13,133,61,23,83,12,99"/><W37/><G1/><T110/><D112/><U63/><E113/><V119/><N who="2" m="29696" /><DORA hai="3" /><V120/><F120/><W60/><G133/><T26/><D15/><U30/><E38/><V124/><F62/><W42/><G39/><T59/><D26/><U94/><E128/><V84/><F20/><W17/><G65/><T106/><D53/><U102/><E30/><V27/><F27/><W73/><REACH who="3" step="1"/><G99/><REACH who="3" ten="294,177,261,258" step="2"/><T125/><D64/><U92/><E111/><V135/><F134/><W55/><G55/><T47/><D98/><U34/><E70/><V68/><F68/><W36/><G36/><T81/><D71/><U129/><E129/><V6/><F54/><W11/><G11/><T7/><D109/><U44/><E63/><V69/><F69/><W40/><G40/><T79/><D41/><U95/><E34/><V43/><F43/><W67/><G67/><T66/><D66/><U29/><E29/><V2/><F2/><W114/><G114/><T24/><D110/><U18/><REACH who="1" step="1"/><E44/><REACH who="1" ten="294,167,261,258" step="2"/><V107/><F135/><W5/><G5/><T85/><D7/><U35/><E35/><V10/><F6/><W130/><G130/><T82/><D45/><U115/><E115/><V25/><F127/><W97/><G97/><T88/><D125/><U31/><E31/><V132/><F124/><W104/><G104/><T0/><D106/><U4/><E4/><V121/><F107/><W122/><G122/><T16/><D108/><U89/><E89/><V33/><F121/><W131/><G131/><T56/><D47/><U90/><E90/><N who="0" m="34345" /><D0/><U21/><E21/><AGARI ba="0,2" hai="16,21,24,56,57,59,79,80,81,82,85" m="34345" machi="21" ten="30,3900,0" yaku="8,1,54,2" doraHai="123,3" who="0" fromWho="1" sc="294,59,167,-39,261,0,258,0" owari="353,45.3,128,-37.2,261,6.1,258,-14.2" /></mjloggm>