<mjloggm ver="2.3"><GO type="225" lobby="0"/><UN n0="%E7%89%B9%E6%9D%B1%E3%81%AF%E4%B8%96%E7%95%8C%E3%82%92%E6%95%91%E3%81%86" n1="%E3%83%81%E3%83%AF%E3%83%AF%E9%9A%8A%E9%95%B7" n2="%E6%B4%BE%E9%81%A3%E3%81%AE%E3%82%B8%E3%83%A3%E3%83%83%E3%82%AF" n3="%E3%80%90%E3%83%88%E3%83%AA%E3%83%A5%E3%83%95%E3%80%91" dan="16,16,17,16" rate="2158.28,2116.98,2196.73,2118.15" sx="M,M,M,M"/><TAIKYOKU oya="0"/><INIT seed="0,0,0,4,2,45" ten="250,250,250,250" oya="0" hai0="135,109,91,114,22,125,25,62,30,26,127,115,96" hai1="87,110,118,116,129,17,58,54,16,92,121,32,1" hai2="36,105,108,95,31,70,122,2,66,71,99,49,98" hai3="76,134,120,21,6,35,74,60,20,67,132,82,28"/><T11/><D62/><U124/><E121/><V47/><F36/><W111/><G111/><T24/><D91/><U68/><E68/><V100/><F122/><W97/><G6/><T88/><D88/><N who="1" m="53279" /><E1/><V65/><F108/><W57/><G97/><T83/><D83/><U75/><E110/><V7/><F31/><W12/><G120/><T50/><D50/><N who="1" m="31063" /><E32/><V113/><F113/><N who="0" m="43018" /><D96/><U79/><E75/><V13/><F2/><W93/><G93/><T94/><D94/><U9/><E129/><V133/><F70/><W107/><G107/><T4/><D109/><U18/><E124/><N who="0" m="47689" /><D135/><N who="3" m="51753" /><G12/><AGARI ba="0,0" hai="4,11,12,22,24,25,26,30" m="47689,43018" machi="12" ten="30,5800,0" yaku="18,1,34,2" doraHai="45" who="0" fromWho="3" sc="250,58,250,0,250,0,250,-58" /><INIT seed="0,1,0,5,2,83" ten="308,250,250,192" oya="0" hai0="87,120,16,110,58,4,112,121,97,28,99,75,63" hai1="132,12,56,18,128,0,103,78,122,76,14,37,9" hai2="107,7,30,11,117,48,17,124,109,98,64,8,57" hai3="15,89,126,102,55,31,115,106,67,44,52,94,93"/><T60/><D112/><U91/><E122/><V133/><F109/><W6/><G115/><T68/><D75/><U92/><E0/><V19/><F30/><W35/><G67/><T13/><D110/><U118/><E118/><V123/><F123/><W20/><G35/><T74/><D74/><U38/><E128/><V72/><F72/><W77/><G77/><T24/><D4/><U111/><E111/><V86/><F124/><W29/><G106/><T3/><D3/><U40/><E103/><V65/><F133/><W104/><G104/><T116/><D116/><U70/><E70/><V119/><F98/><N who="3" m="59727" /><G126/><T95/><D68/><U101/><E101/><V100/><F100/><W135/><G135/><T50/><D50/><U21/><E132/><V42/><F107/><W39/><G39/><T134/><D60/><U54/><E38/><V85/><F48/><N who="3" m="28679" /><G55/><T1/><D1/><U34/><E34/><V82/><F42/><W66/><G66/><T80/><D134/><U36/><E36/><V32/><F32/><W125/><G125/><T41/><D41/><U79/><E40/><V59/><F82/><W5/><G5/><AGARI ba="1,0" hai="5,7,8,11,17,19,57,59,64,65,85,86,117,119" machi="5" ten="25,6400,0" yaku="22,2,52,2" doraHai="83" who="2" fromWho="3" sc="308,0,250,0,250,67,192,-67" /><INIT seed="1,0,0,1,2,39" ten="308,250,317,125" oya="1" hai0="47,65,120,3,7,114,103,99,38,37,131,126,107" hai1="119,36,34,63,92,20,43,132,19,134,69,97,9" hai2="85,57,53,21,71,1,73,83,22,6,31,48,12" hai3="101,128,30,87,5,95,45,49,64,24,28,81,40"/><U91/><E34/><V60/><F73/><W8/><G128/><T77/><D114/><U15/><E119/><V109/><F109/><W51/><G64/><T76/><D131/><U115/><E115/><V52/><F1/><W23/><G30/><T26/><D65/><U106/><E106/><V98/><F98/><W102/><G51/><T25/><D7/><U61/><E69/><V70/><F70/><W29/><G29/><T74/><D3/><U62/><E9/><N who="2" m="4151" /><F31/><W111/><G95/><T56/><D56/><U13/><E13/><V130/><F71/><W66/><G66/><T59/><D126/><U10/><E10/><V133/><F133/><N who="1" m="51305" /><E36/><V121/><F121/><W27/><G27/><T80/><D107/><U86/><E97/><V2/><F2/><W58/><G58/><T72/><D99/><U4/><E4/><V113/><F130/><W135/><G111/><T108/><D108/><U89/><E89/><N who="2" m="51391" /><F113/><W116/><G116/><T32/><D38/><U110/><E110/><V42/><F53/><W125/><G135/><T129/><D32/><U50/><E50/><V14/><F14/><N who="3" m="5391" /><G125/><T96/><D129/><U55/><E55/><V0/><F0/><W117/><G117/><T82/><D120/><U79/><E79/><AGARI ba="0,0" hai="23,24,28,40,45,49,79,81,87,101,102" m="5391" machi="79" ten="30,3900,0" yaku="25,1,8,1,52,1" doraHai="39" who="3" fromWho="1" sc="308,0,250,-39,317,0,125,39" /><INIT seed="2,0,0,4,3,17" ten="308,211,317,164" oya="2" hai0="28,13,90,1,2,105,76,108,82,118,27,48,10" hai1="42,25,38,66,15,43,67,97,87,134,112,18,62" hai2="5,46,98,9,104,56,3,32,81,19,35,11,86" hai3="133,50,74,115,63,44,128,45,70,72,12,64,36"/><V52/><F46/><W91/><G128/><T41/><D105/><U85/><E112/><V54/><F54/><W69/><G12/><T30/><D108/><U103/><E134/><V78/><F104/><W65/><G91/><T34/><D28/><U125/><E25/><V88/><F11/><W0/><G0/><T121/><D121/><U124/><E85/><V24/><F78/><W114/><G74/><T100/><D100/><U84/><E87/><V40/><F40/><N who="3" m="22535" /><G72/><T55/><D90/><U31/><E31/><V51/><REACH who="2" step="1"/><F98/><REACH who="2" ten="308,211,307,164" step="2"/><W53/><G133/><T102/><D10/><U23/><E43/><V130/><F130/><W68/><G114/><T120/><D55/><U89/><E42/><V127/><F127/><W106/><G106/><T26/><D41/><U132/><E125/><V119/><F119/><W61/><G115/><T59/><D118/><U109/><E124/><V75/><F75/><W57/><AGARI ba="0,1" hai="45,50,53,57,61,63,64,65,68,69,70" m="22535" machi="57" ten="30,8000,1" yaku="35,5" doraHai="17" who="3" fromWho="3" sc="308,-20,211,-20,307,-40,164,90" /><INIT seed="3,0,0,1,5,60" ten="288,191,267,254" oya="3" hai0="93,124,100,36,94,73,68,91,98,4,61,126,65" hai1="20,70,16,18,46,66,125,112,51,42,24,15,105" hai2="50,23,84,32,48,82,22,13,8,75,99,10,7" hai3="53,133,127,79,58,49,6,45,90,28,33,74,12"/><W34/><G133/><T102/><D73/><U130/><E112/><V55/><F32/><W95/><G127/><N who="0" m="48683" /><D36/><U77/><E125/><V114/><F75/><W44/><G74/><T76/><D76/><U121/><E121/><V106/><F106/><W19/><G6/><T5/><D102/><U129/><E105/><V59/><F99/><AGARI ba="0,0" hai="4,5,61,65,68,91,93,94,98,99,100" m="48683" machi="99" ten="30,2000,0" yaku="18,1,52,1" doraHai="60" who="0" fromWho="2" sc="288,20,191,0,267,-20,254,0" owari="308,40.8,191,-30.9,247,-15.3,254,5.4" /></mjloggm>