<mjloggm ver="2.3"><GO type="225" lobby="0"/><UN n0="%E3%83%A9%E3%83%BC%E3%83%A1%E3%83%B3%E4%BA%94%E9%83%8E" n1="%E7%89%B9%E6%9D%B1%E3%81%AF%E4%B8%96%E7%95%8C%E3%82%92%E6%95%91%E3%81%86" n2="%E3%81%86%E3%82%8D%E3%81%9F%E3%82%93%E3%81%91%E3%81%8A%E3%82%89%E3%81%B2" n3="%E3%81%99%E3%81%84%E3%81%BE%E3%81%9B%E3%83%BC%E3%82%93" dan="16,16,16,18" rate="2165.57,2218.30,2109.16,2230.44" sx="M,M,M,M"/><TAIKYOKU oya="0"/><INIT seed="0,0,0,5,1,71" ten="250,250,250,250" oya="0" hai0="60,14,131,26,65,75,128,16,59,113,47,6,9" hai1="80,32,121,38,56,29,27,43,66,12,44,135,81" hai2="61,99,62,0,48,22,45,34,28,95,31,89,119" hai3="124,120,64,17,37,90,83,11,93,35,85,96,82"/><T7/><D113/><U78/><E121/><V103/><F34/><W104/><G120/><T8/><D75/><U97/><E135/><V129/><F0/><W84/><G35/><T53/><D26/><U21/><E97/><V108/><F108/><W92/><G37/><T91/><D91/><U87/><E81/><N who="3" m="30730" /><G64/><T116/><D116/><U25/><E12/><V133/><F129/><N who="0" m="49738" /><D8/><U114/><E114/><V126/><F126/><W130/><G17/><T49/><AGARI ba="0,0" hai="6,7,9,14,16,47,49,53,59,60,65" m="49738" machi="49" ten="30,3000,0" yaku="19,1,54,1" doraHai="71" who="0" fromWho="0" sc="250,30,250,-10,250,-10,250,-10" /><INIT seed="0,1,0,1,0,62" ten="280,240,240,240" oya="0" hai0="71,51,29,113,1,59,23,19,131,15,8,130,98" hai1="10,69,94,54,47,112,48,128,120,129,21,70,13" hai2="30,45,56,133,125,12,46,25,114,116,91,83,103" hai3="105,52,40,78,77,57,44,36,93,42,61,121,60"/><T39/><D113/><U41/><E120/><V0/><F0/><W110/><G105/><T24/><D39/><U86/><E21/><V88/><F114/><W50/><G121/><T115/><D115/><U16/><E112/><V20/><F125/><W134/><G110/><T67/><D1/><U76/><E41/><V124/><F124/><W108/><G108/><T85/><D71/><U106/><E106/><V35/><F133/><W58/><G134/><T118/><D118/><U49/><E48/><V27/><F116/><W65/><G93/><T111/><D111/><U68/><REACH who="1" step="1"/><E76/><REACH who="1" ten="280,230,240,240" step="2"/><N who="3" m="29290" /><G36/><T72/><D51/><U132/><E132/><V127/><F20/><W7/><G7/><T64/><D23/><U31/><E31/><V81/><F30/><W33/><G33/><T84/><D29/><U4/><E4/><V14/><F35/><W107/><G107/><T109/><D109/><U43/><E43/><AGARI ba="1,1" hai="40,42,43,44,50,52,57,58,60,61,65" m="29290" machi="43" ten="30,3900,0" yaku="8,1,52,1,54,1" doraHai="62" who="3" fromWho="1" sc="280,0,230,-42,240,0,240,52" /><INIT seed="1,0,0,3,2,59" ten="280,188,240,292" oya="1" hai0="25,72,130,10,127,117,121,58,40,17,93,15,46" hai1="67,77,14,114,75,4,6,20,81,42,118,97,100" hai2="76,86,49,104,35,122,33,23,68,41,11,1,26" hai3="111,70,0,29,55,48,19,31,120,16,116,102,63"/><U95/><E114/><V61/><F122/><W54/><G120/><T60/><D121/><U12/><E118/><V56/><F104/><W32/><G0/><T28/><D117/><U8/><E42/><V43/><F68/><W47/><G116/><T84/><D72/><U22/><REACH who="1" step="1"/><E67/><REACH who="1" ten="280,178,240,292" step="2"/><V36/><F43/><W108/><G108/><T64/><D40/><U128/><E128/><V39/><F39/><W91/><G111/><T106/><D130/><U135/><E135/><V30/><F36/><W2/><G55/><T119/><D119/><U101/><E101/><V96/><F41/><W13/><G54/><T7/><D64/><U5/><E5/><V27/><F35/><W78/><G102/><T66/><D7/><U88/><E88/><V38/><F33/><W125/><G91/><T83/><D66/><U3/><E3/><V115/><F1/><W69/><G2/><T9/><D127/><U82/><E82/><V71/><F38/><W113/><G32/><T133/><D83/><U73/><E73/><V110/><F115/><W52/><G125/><T34/><D133/><U24/><E24/><V57/><F27/><W79/><G113/><T107/><D34/><U37/><E37/><V45/><F26/><W74/><G74/><T98/><D25/><U92/><E92/><V87/><F110/><W18/><G52/><T124/><D124/><U44/><E44/><V62/><F45/><W94/><G47/><T50/><D46/><U103/><E103/><V129/><F129/><W123/><G94/><T132/><D93/><U89/><E89/><V109/><F109/><RYUUKYOKU ba="0,1" sc="280,-10,178,30,240,-10,292,-10" hai1="4,6,8,12,14,20,22,75,77,81,95,97,100" /><INIT seed="1,1,1,0,1,16" ten="270,208,230,282" oya="1" hai0="50,54,94,0,115,109,98,61,101,113,59,53,105" hai1="95,72,128,92,6,9,60,14,116,42,1,4,15" hai2="82,123,20,31,25,78,66,119,32,90,46,86,75" hai3="77,47,81,79,40,84,93,35,37,13,76,70,89"/><U80/><E116/><V49/><F123/><W56/><G70/><T133/><D0/><U96/><E128/><V99/><F119/><W100/><G35/><T118/><D118/><U69/><E42/><V106/><F66/><W48/><G13/><T85/><D109/><U58/><E69/><V114/><F114/><W124/><G124/><T135/><D85/><U2/><E72/><V112/><F112/><W39/><G56/><N who="0" m="32823" /><D105/><U22/><E80/><V130/><F130/><W104/><G104/><T126/><D126/><U28/><E28/><V57/><F57/><W73/><G73/><T10/><D10/><U51/><E51/><V43/><F106/><W36/><REACH who="3" step="1"/><G100/><REACH who="3" ten="270,208,230,272" step="2"/><T27/><D27/><U67/><E6/><V97/><REACH who="2" step="1"/><F32/><REACH who="2" ten="270,208,220,272" step="2"/><W52/><G52/><T41/><D41/><U117/><E117/><V12/><F12/><W64/><G64/><T121/><D121/><U30/><E1/><V33/><F33/><W45/><G45/><T34/><D34/><U131/><E131/><V108/><F108/><W74/><AGARI ba="1,3" hai="36,37,39,40,47,48,74,76,77,79,81,84,89,93" machi="74" ten="30,2000,0" yaku="1,1,0,1,53,0" doraHai="16" doraHaiUra="17" who="3" fromWho="3" sc="270,-6,208,-11,220,-6,272,53" /><INIT seed="2,0,0,2,4,22" ten="264,197,214,325" oya="2" hai0="67,132,124,123,128,59,45,62,1,55,66,75,113" hai1="61,98,56,115,127,47,30,8,126,101,29,106,77" hai2="37,71,53,74,12,13,25,2,110,92,94,103,88" hai3="135,43,7,42,121,3,96,32,122,99,89,24,18"/><V95/><F2/><W105/><G135/><T72/><D1/><U112/><E77/><V33/><F71/><W80/><G7/><T104/><D104/><U65/><E8/><V44/><F74/><W119/><G3/><T14/><D75/><U23/><E47/><V134/><F134/><W116/><G89/><T16/><D72/><U50/><E50/><V6/><F110/><W19/><G32/><T34/><D123/><U31/><REACH who="1" step="1"/><E23/><REACH who="1" ten="264,187,214,325" step="2"/><V87/><F37/><W131/><G122/><T27/><D45/><U69/><E69/><V4/><F33/><W79/><G79/><T60/><D34/><U52/><E52/><V46/><F53/><W5/><G121/><T15/><D132/><U133/><E133/><V90/><F46/><W28/><G43/><T84/><D55/><U125/><AGARI ba="0,1" hai="29,30,31,56,61,65,98,101,106,112,115,125,126,127" machi="125" ten="40,5200,0" yaku="1,1,0,1,18,1,53,0" doraHai="22" doraHaiUra="10" who="1" fromWho="1" sc="264,-13,187,62,214,-26,325,-13" /><INIT seed="3,0,0,1,0,130" ten="251,249,188,312" oya="3" hai0="46,84,127,8,92,32,25,3,124,19,102,45,56" hai1="39,76,2,43,119,94,110,28,65,15,74,69,70" hai2="129,13,23,62,90,11,21,29,26,107,42,24,5" hai3="85,9,126,59,60,77,31,75,88,37,68,108,4"/><W106/><G106/><T116/><D116/><U58/><E2/><V72/><F129/><W12/><G68/><T34/><D56/><U112/><E28/><V89/><F72/><W104/><G104/><T52/><D3/><U18/><E112/><V135/><F107/><W40/><G75/><T87/><D102/><U95/><E43/><V14/><F42/><W47/><G77/><T61/><D61/><U125/><E39/><V73/><F73/><W113/><G113/><T121/><D121/><U122/><E122/><V117/><F117/><W100/><G100/><T79/><D92/><U20/><E119/><V118/><F118/><W71/><G71/><T83/><D87/><U27/><E27/><V132/><F62/><W0/><G31/><N who="0" m="19567" /><D52/><U123/><E58/><V57/><F57/><W111/><G0/><T80/><D80/><U81/><E65/><V44/><F44/><W22/><G47/><T16/><D34/><U33/><E33/><V66/><F66/><W51/><G60/><T91/><D79/><U105/><E105/><V63/><F63/><W35/><G35/><T30/><D30/><U48/><E123/><V55/><F55/><W67/><G67/><T96/><D96/><U93/><E70/><V50/><F50/><W49/><G51/><T120/><D120/><U1/><E69/><V115/><F115/><W82/><G49/><T6/><D45/><U99/><E48/><V109/><F109/><W133/><G111/><T128/><D46/><U53/><E110/><V101/><F101/><W41/><G108/><T36/><D128/><U114/><E74/><RYUUKYOKU ba="0,0" sc="251,0,249,0,188,0,312,0" owari="251,5.1,249,-15.1,188,-31.2,312,41.2" /></mjloggm>