<mjloggm ver="2.3"><GO type="225" lobby="0"/><UN n0="%E3%81%90%E3%81%A1%E3%82%84%E3%81%BE" n1="%E3%81%8B%E3%82%8F%E3%81%A1%E3%82%83%E3%82%93%35%38" n2="%E7%B4%94%E6%BD%94%E3%83%94%E3%83%A9%E3%83%8B%E3%82%A2" n3="%E3%83%A9%E3%82%B9%E7%8E%87%EF%BC%93%E5%89%B2" dan="16,16,17,16" rate="2129.82,2146.35,2187.21,2224.79" sx="M,M,M,F"/><TAIKYOKU oya="0"/><INIT seed="0,0,0,2,0,86" ten="250,250,250,250" oya="0" hai0="102,61,21,75,40,17,135,51,64,31,78,22,9" hai1="28,80,70,131,14,20,27,109,103,1,129,99,92" hai2="98,38,118,105,43,33,77,13,89,72,7,46,10" hai3="0,8,73,100,39,67,57,133,91,119,110,121,55"/><T85/><D135/><U11/><E70/><V34/><F118/><W87/><G73/><T24/><D75/><U93/><E109/><V15/><F15/><W19/><G39/><T76/><D102/><U5/><E80/><V83/><F105/><W59/><G100/><T44/><D9/><U104/><REACH who="1" step="1"/><E1/><REACH who="1" ten="250,240,250,250" step="2"/><V36/><F36/><W18/><G110/><T126/><D126/><U58/><E58/><V82/><F82/><W120/><G133/><T52/><D85/><U68/><E68/><V6/><F6/><W47/><G59/><N who="0" m="35047" /><D64/><U65/><E65/><V115/><F115/><W53/><G67/><T26/><AGARI ba="0,1" hai="17,21,22,24,26,31,40,44,51,76,78" m="35047" machi="26" ten="30,3000,0" yaku="8,1,54,1" doraHai="86" who="0" fromWho="0" sc="250,40,240,-10,250,-10,250,-10" /><INIT seed="0,1,0,3,4,76" ten="290,230,240,240" oya="0" hai0="37,3,19,41,83,116,34,88,63,54,73,129,51" hai1="33,9,31,100,15,94,35,85,105,81,106,56,1" hai2="112,120,53,40,68,7,101,75,23,87,16,48,109" hai3="70,30,99,86,135,123,26,122,97,17,102,96,38"/><T65/><D116/><U98/><E1/><V18/><F75/><W32/><G38/><T130/><D34/><U59/><E105/><V44/><F68/><W127/><G135/><T58/><D3/><U107/><E107/><V115/><F120/><N who="3" m="46123" /><G127/><T25/><D25/><U45/><E106/><V93/><F7/><W2/><G2/><T52/><D19/><U12/><E12/><V91/><F101/><W117/><G70/><T77/><D88/><U0/><E0/><V119/><F18/><W82/><G17/><T110/><D110/><U42/><E31/><V20/><F20/><W21/><G117/><T108/><D108/><U104/><E104/><V92/><F92/><N who="3" m="58631" /><G32/><T49/><D37/><U89/><E35/><V132/><F132/><W95/><G95/><T111/><D111/><U78/><E100/><V79/><F119/><W4/><G4/><T36/><D36/><U133/><E133/><V28/><F28/><W14/><G14/><T29/><D29/><U74/><E74/><V46/><F109/><W8/><G8/><T66/><D41/><U121/><E33/><V84/><F40/><W118/><G118/><T131/><D51/><N who="1" m="27063" /><E121/><V69/><F69/><W80/><G86/><T71/><D71/><U128/><E128/><V60/><F60/><W22/><G22/><T6/><D6/><AGARI ba="1,0" hai="6,9,15,56,59,78,81,85,89,94,98" m="27063" machi="6" ten="30,3900,0" yaku="25,1,8,1,52,1" doraHai="76" who="1" fromWho="0" sc="290,-42,230,42,240,0,240,0" /><INIT seed="1,0,0,3,3,60" ten="248,272,240,240" oya="1" hai0="22,19,4,3,46,6,74,8,133,13,24,83,64" hai1="73,100,123,77,91,118,16,15,41,70,67,132,89" hai2="33,130,122,58,101,44,88,90,27,63,109,98,112" hai3="36,30,38,96,127,59,79,11,102,47,115,76,81"/><U82/><E123/><V106/><F122/><W107/><G115/><T135/><D46/><U18/><E118/><V20/><F112/><W0/><G127/><T105/><D105/><U69/><E132/><N who="0" m="50761" /><D74/><U86/><E41/><V35/><F44/><W45/><G30/><N who="0" m="17687" /><D83/><U78/><E100/><V5/><F5/><N who="0" m="2154" /><D64/><U124/><E124/><V25/><F109/><W110/><G110/><T72/><D72/><U120/><E120/><V95/><F130/><W111/><G111/><T93/><D93/><U85/><E73/><V39/><F39/><W119/><G81/><T32/><D32/><U55/><E55/><V116/><F116/><W40/><G119/><T62/><D62/><U103/><E103/><V1/><F1/><AGARI ba="0,0" hai="1,3,8,13,19" m="2154,17687,50761" machi="1" ten="30,3900,0" yaku="20,1,34,2" doraHai="60" who="0" fromWho="2" sc="248,39,272,0,240,-39,240,0" /><INIT seed="2,0,0,2,5,20" ten="287,272,201,240" oya="2" hai0="67,94,110,117,106,21,29,78,3,27,85,89,82" hai1="95,128,122,50,10,7,60,107,11,97,43,38,48" hai2="93,61,40,74,108,14,46,98,71,22,131,44,80" hai3="83,63,1,4,114,69,101,18,88,70,79,90,24"/><V49/><F131/><W84/><G1/><T103/><D3/><U133/><E107/><V25/><F108/><W121/><G121/><T53/><D110/><U45/><E128/><V134/><F134/><W105/><G114/><T109/><D109/><U33/><E133/><V51/><F14/><W112/><G112/><T100/><D117/><U126/><E122/><V39/><F71/><W26/><G70/><T91/><D106/><U76/><E126/><V56/><F74/><W92/><G4/><T120/><D120/><U23/><E33/><V32/><F80/><W12/><G69/><T62/><D53/><U17/><E76/><V135/><F32/><W113/><G63/><T68/><REACH who="0" step="1"/><D91/><REACH who="0" ten="277,272,201,240" step="2"/><N who="3" m="34857" /><G105/><T73/><AGARI ba="0,1" hai="21,27,29,62,67,68,73,78,82,85,89,94,100,103" machi="73" ten="20,8000,1" yaku="1,1,0,1,7,1,52,1,53,1" doraHai="20" doraHaiUra="66" who="0" fromWho="0" sc="277,90,272,-20,201,-40,240,-20" /><INIT seed="3,0,0,4,4,131" ten="367,252,161,220" oya="3" hai0="102,21,130,115,76,80,3,5,127,51,2,84,98" hai1="27,38,90,42,132,116,66,35,31,70,28,118,112" hai2="69,113,32,4,92,93,72,74,73,85,20,10,77" hai3="79,7,95,55,1,107,117,36,122,11,128,44,17"/><W59/><G107/><T121/><D121/><U67/><E112/><V56/><F32/><W46/><G117/><N who="1" m="45162" /><E132/><V18/><F69/><W129/><G122/><T71/><D2/><U123/><E123/><V60/><F113/><W82/><G95/><T103/><D103/><U26/><E70/><V81/><F4/><W135/><G17/><T54/><D98/><U45/><E90/><V68/><F10/><W124/><G124/><T14/><D51/><U30/><E30/><V52/><REACH who="2" step="1"/><F68/><REACH who="2" ten="367,252,151,220" step="2"/><W22/><G22/><AGARI ba="0,1" hai="22,26,27,28,31,35,38,42,45,66,67" m="45162" machi="22" ten="30,1000,0" yaku="12,1" doraHai="131" who="1" fromWho="3" sc="367,0,252,20,151,0,220,-10" owari="367,46.7,272,7.2,151,-34.9,210,-19.0" /></mjloggm>