<mjloggm ver="2.3"><GO type="225" lobby="0"/><UN n0="%72%69%6F%75%63%68%61%6E" n1="%E3%81%8B%E3%82%8F%E3%81%A1%E3%82%83%E3%82%93%35%38" n2="%E4%BC%8A%E9%81%94%E6%9C%B1%E9%87%8C%E7%B4%97" n3="%E6%98%93%E5%88%A9%E8%96%A9%E4%BC%AF" dan="16,16,16,17" rate="2142.76,2137.09,2141.80,2190.33" sx="M,M,F,F"/><TAIKYOKU oya="0"/><INIT seed="0,0,0,5,1,16" ten="250,250,250,250" oya="0" hai0="116,117,28,92,10,77,122,45,91,85,115,59,130" hai1="65,72,126,41,4,63,5,27,93,128,87,104,110" hai2="111,18,66,97,57,71,24,34,58,26,54,84,49" hai3="51,113,121,135,52,14,96,118,25,19,23,48,64"/><T133/><D115/><U61/><E104/><V36/><F36/><W6/><G113/><T20/><D122/><U60/><E72/><V22/><F111/><W2/><G118/><T40/><D130/><U9/><E128/><V76/><F71/><W7/><G2/><T55/><D133/><U29/><E110/><V67/><F97/><W131/><G131/><T12/><D77/><U62/><E41/><V1/><F1/><W107/><G121/><T47/><D47/><U13/><E126/><V112/><F112/><W30/><G51/><T82/><D82/><U56/><E4/><V80/><F34/><W11/><G64/><N who="2" m="24617" /><F26/><W68/><G68/><T89/><D89/><N who="1" m="53439" /><E27/><V108/><F108/><W98/><G135/><T69/><D69/><U43/><E43/><V44/><AGARI ba="0,0" hai="18,22,24,44,49,54,57,58,76,80,84" m="24617" machi="44" ten="30,2000,0" yaku="8,1,52,1" doraHai="16" who="2" fromWho="2" sc="250,-10,250,-5,250,20,250,-5" /><INIT seed="1,0,0,2,0,77" ten="240,245,270,245" oya="1" hai0="67,82,14,127,28,93,70,66,45,32,106,102,85" hai1="34,123,1,79,131,109,100,61,72,129,12,58,126" hai2="96,125,116,19,44,112,27,47,78,119,8,38,3" hai3="75,4,16,13,74,50,26,37,42,103,118,120,41"/><U17/><E123/><V60/><F125/><W105/><G37/><T65/><D127/><U21/><E126/><V84/><F112/><W39/><G39/><T25/><D93/><U111/><E1/><V43/><F96/><W6/><G120/><T22/><D45/><U124/><E124/><V76/><F44/><W89/><G118/><T132/><D132/><U91/><E34/><V23/><F60/><W18/><G105/><T110/><D110/><N who="1" m="41995" /><E100/><V52/><F52/><W108/><G103/><T107/><D70/><U81/><E91/><V33/><F33/><W101/><G101/><T24/><D14/><U95/><E95/><V64/><F64/><AGARI ba="0,0" hai="12,17,21,58,61,64,72,79,81,129,131" m="41995" machi="64" ten="30,5800,0" yaku="14,1,10,1,52,1" doraHai="77" who="1" fromWho="2" sc="240,0,245,58,270,-58,245,0" /><INIT seed="1,1,0,1,3,12" ten="240,303,212,245" oya="1" hai0="53,17,61,84,121,87,58,39,131,9,11,46,51" hai1="133,47,73,1,26,117,50,34,14,7,95,71,23" hai2="111,80,28,72,2,96,102,135,94,98,83,64,77" hai3="40,68,82,32,76,44,109,107,88,112,79,118,48"/><U63/><E117/><V59/><F2/><W106/><G112/><T86/><D131/><U101/><E73/><V15/><F111/><W125/><G68/><T127/><D127/><U70/><E1/><V124/><F124/><W19/><G32/><T65/><D121/><U120/><E120/><V130/><F130/><W4/><G125/><T20/><REACH who="0" step="1"/><D39/><REACH who="0" ten="230,303,212,245" step="2"/><U100/><E133/><V0/><F135/><W99/><G109/><T126/><D126/><U108/><E108/><V29/><F0/><W13/><G118/><T35/><D35/><U92/><E34/><V43/><F72/><W89/><G107/><T74/><D74/><U56/><E71/><V52/><F29/><W8/><G106/><T25/><AGARI ba="1,1" hai="9,11,17,20,25,46,51,53,58,61,65,84,86,87" machi="25" ten="30,7900,0" yaku="1,1,0,1,8,1,52,1,53,0" doraHai="12" doraHaiUra="93" who="0" fromWho="0" sc="230,92,303,-40,212,-21,245,-21" /><INIT seed="2,0,0,2,2,52" ten="322,263,191,224" oya="2" hai0="45,40,117,99,118,44,24,67,123,28,58,120,33" hai1="3,96,23,125,63,106,22,41,31,48,104,83,16" hai2="135,61,0,82,91,35,85,56,97,87,71,131,95" hai3="122,75,27,70,76,54,81,74,1,108,101,133,6"/><V77/><F131/><W103/><G122/><N who="0" m="46635" /><D99/><U21/><E3/><V89/><F135/><W69/><G108/><T2/><D2/><U134/><E134/><V98/><F0/><W102/><G75/><T126/><D126/><U62/><E125/><V7/><F71/><W132/><G132/><T114/><D114/><U105/><E31/><V107/><F35/><W129/><G129/><T30/><D30/><U60/><E83/><N who="2" m="47343" /><F7/><W36/><G133/><T8/><D8/><U38/><E96/><N who="2" m="57455" /><F56/><W115/><G36/><T19/><D19/><U57/><E38/><V86/><F107/><W66/><G115/><T29/><D29/><U64/><REACH who="1" step="1"/><E16/><REACH who="1" ten="322,253,191,224" step="2"/><V111/><F111/><W94/><G1/><T79/><D28/><U68/><E68/><V55/><F55/><W10/><G54/><T92/><D40/><U15/><E15/><V121/><F121/><W43/><G43/><T128/><D128/><U72/><E72/><V51/><F61/><W14/><G70/><T88/><D117/><U110/><E110/><V84/><F51/><W5/><G69/><T50/><D118/><U119/><E119/><V42/><F42/><W32/><G74/><T34/><D50/><U113/><E113/><V73/><F91/><W4/><G4/><T13/><D88/><U17/><E17/><V65/><F65/><W26/><G66/><T130/><D67/><U53/><E53/><V25/><F25/><N who="3" m="9227" /><G6/><T100/><D24/><U12/><E12/><V80/><F80/><W49/><G49/><T11/><D13/><U39/><E39/><V112/><F112/><W20/><G5/><RYUUKYOKU ba="0,1" sc="322,-15,253,15,191,15,224,-15" hai1="21,22,23,41,48,57,60,62,63,64,104,105,106" hai2="73,82,84,86,87,97,98" /><INIT seed="2,1,1,0,0,6" ten="307,268,206,209" oya="2" hai0="30,109,19,113,120,2,80,18,12,87,91,94,128" hai1="45,29,48,27,95,73,93,88,34,111,121,106,99" hai2="105,53,32,69,38,13,90,66,21,114,7,130,85" hai3="17,40,62,67,4,55,102,115,129,25,122,96,84"/><V3/><F114/><W46/><G122/><T59/><D120/><U44/><E121/><V26/><F38/><W126/><G129/><T98/><D113/><U107/><E73/><V108/><F105/><W22/><G126/><T74/><D2/><U104/><E111/><V133/><F130/><W8/><G115/><T56/><D128/><U89/><REACH who="1" step="1"/><E48/><REACH who="1" ten="307,258,206,209" step="2"/><V76/><F108/><W39/><G39/><T9/><D109/><U61/><E61/><V81/><F133/><W57/><G40/><T117/><D117/><U15/><E15/><V65/><F3/><W125/><G125/><T0/><D74/><U119/><E119/><V20/><F13/><W100/><G62/><T43/><D43/><U71/><E71/><V118/><F69/><W54/><G46/><T33/><D0/><U82/><E82/><V49/><F118/><W116/><G116/><T86/><D80/><U64/><E64/><V47/><F66/><W60/><G67/><T36/><D36/><U101/><E101/><V52/><F65/><W124/><G124/><T110/><D110/><U77/><E77/><V5/><F76/><W10/><G100/><T92/><D12/><U75/><E75/><V131/><F131/><W132/><G60/><T35/><D91/><U42/><E42/><V83/><F81/><W135/><G102/><T58/><D58/><U70/><E70/><V127/><F127/><W23/><G132/><T112/><D112/><U79/><E79/><V63/><F63/><W11/><G135/><T24/><D56/><U68/><E68/><V50/><F90/><W78/><G57/><RYUUKYOKU ba="1,2" sc="307,-10,258,30,206,-10,209,-10" hai1="27,29,34,44,45,88,89,93,95,99,104,106,107" /><INIT seed="3,2,2,3,3,91" ten="297,288,196,199" oya="3" hai0="6,15,47,111,57,36,85,114,89,93,5,12,131" hai1="115,8,92,104,3,106,28,32,22,46,95,38,86" hai2="110,4,102,67,120,21,54,96,42,18,23,125,30" hai3="97,16,70,41,119,14,61,130,66,83,88,35,69"/><W1/><G119/><T53/><D111/><U59/><E115/><V25/><F110/><W87/><G1/><T60/><D114/><U76/><E32/><V103/><F125/><W129/><G35/><T100/><D131/><N who="3" m="50185" /><G41/><T117/><D117/><U124/><E106/><V80/><F42/><W2/><G2/><T17/><D36/><U19/><E104/><V98/><F120/><W133/><G133/><T105/><D105/><U132/><E38/><V68/><F54/><W24/><G97/><N who="2" m="37481" /><F67/><W101/><G24/><T77/><D100/><N who="2" m="38442" /><F68/><N who="3" m="42063" /><G101/><T7/><D77/><U43/><E76/><V33/><F33/><W62/><G62/><T84/><D85/><U82/><E86/><V71/><F71/><W39/><G39/><T127/><D127/><U64/><E64/><V128/><F128/><W50/><G50/><N who="0" m="28895" /><D17/><U34/><E19/><V135/><F135/><W65/><G65/><AGARI ba="2,2" hai="5,6,7,12,15,57,60,65,84,89,93" m="28895" machi="65" ten="30,2000,0" yaku="8,1,52,1" doraHai="91" who="0" fromWho="3" sc="297,46,288,0,196,0,199,-26" owari="343,44.3,288,8.8,196,-20.4,173,-32.7" /></mjloggm>