<mjloggm ver="2.3"><GO type="225" lobby="0"/><UN n0="%E6%9D%B1%E9%A2%A8%E3%81%AE%E3%81%8D%E3%82%83%E3%81%B7%E3%81%95%E3%82%93" n1="%E3%81%A4%E3%81%A3%E3%81%B1%E3%82%8A%E3%83%9D%E3%83%BC%E3%83%AB" n2="%E3%83%96%E3%83%83%E3%83%91%E3%82%AA%E3%83%96%E3%83%81%E3%82%AD%E3%83%B3" n3="%E3%81%A4%E3%81%AE%E3%81%A0%E2%98%86%E3%81%B2%E3%82%8D" dan="16,17,16,16" rate="2150.48,2254.79,2160.25,2165.80" sx="M,M,M,M"/><TAIKYOKU oya="0"/><INIT seed="0,0,0,2,1,15" ten="250,250,250,250" oya="0" hai0="13,74,50,49,80,9,123,124,108,115,14,57,92" hai1="116,126,12,107,104,11,0,35,127,93,82,109,118" hai2="5,81,101,73,43,120,64,1,19,128,40,86,84" hai3="36,85,39,112,78,69,45,76,56,16,106,20,87"/><T67/><D123/><U65/><E65/><V90/><F120/><W75/><G69/><T129/><D115/><U27/><E82/><V55/><F128/><W111/><G106/><T88/><D129/><U4/><E93/><V59/><F73/><W66/><G112/><T130/><D130/><U24/><E107/><V54/><F101/><W53/><G111/><T97/><D108/><U22/><E104/><V2/><F5/><W41/><G39/><T60/><D124/><N who="1" m="47659" /><E109/><V8/><F1/><W37/><G37/><T63/><D63/><U7/><E7/><V77/><F2/><W72/><G66/><T47/><D47/><U17/><E35/><V98/><F98/><W102/><G102/><T94/><D94/><U121/><E121/><V131/><F64/><W32/><G32/><T48/><REACH who="0" step="1"/><D9/><REACH who="0" ten="240,250,250,250" step="2"/><U96/><E96/><V52/><F131/><W70/><G70/><T21/><D21/><U25/><AGARI ba="0,1" hai="0,4,11,12,17,22,24,25,27,116,118" m="47659" machi="25" ten="30,7900,0" yaku="18,1,34,2,52,1" doraHai="15" who="1" fromWho="1" sc="240,-39,250,89,250,-20,250,-20" /><INIT seed="1,0,0,0,5,89" ten="201,339,230,230" oya="1" hai0="70,30,6,88,113,120,68,86,51,22,119,102,123" hai1="66,79,73,69,23,33,99,57,87,46,43,77,26" hai2="28,38,67,20,53,80,11,128,54,45,17,34,134" hai3="84,97,32,5,83,25,65,29,100,105,27,62,121"/><U78/><E73/><V72/><F128/><W4/><G121/><N who="0" m="46667" /><D119/><U37/><E33/><V135/><F11/><W1/><G27/><N who="0" m="16759" /><D113/><U133/><E133/><N who="2" m="50699" /><F67/><W125/><G1/><T31/><D31/><U129/><E129/><V131/><F131/><W112/><G125/><T93/><D6/><U7/><E7/><V14/><F34/><W74/><G74/><T42/><D102/><U58/><E69/><N who="0" m="26729" /><D51/><U90/><E66/><V60/><F28/><W124/><G124/><T49/><D49/><U127/><E127/><V21/><F21/><W81/><G112/><T109/><D42/><U114/><E114/><V3/><F3/><W126/><G126/><T40/><D40/><U111/><E23/><V96/><F60/><W55/><G5/><T16/><D109/><U41/><E41/><N who="2" m="22711" /><F96/><W52/><G4/><T76/><D76/><AGARI ba="0,0" hai="14,17,20,53,54,72,76,80" m="22711,50699" machi="76" ten="30,1000,0" yaku="20,1" doraHai="89" who="2" fromWho="0" sc="201,-10,339,0,230,10,230,0" /><INIT seed="2,0,0,0,5,93" ten="191,339,240,230" oya="2" hai0="4,6,90,13,54,58,94,62,126,105,49,36,76" hai1="104,70,60,53,47,109,117,89,35,27,111,57,18" hai2="86,121,61,12,59,115,125,8,107,113,112,108,102" hai3="88,99,87,120,48,65,85,78,29,92,33,91,44"/><V97/><F121/><W81/><G120/><T98/><D126/><U67/><E117/><V64/><F125/><W133/><G133/><T134/><D134/><U74/><E104/><V42/><F108/><N who="1" m="41545" /><E74/><V124/><F124/><W122/><G122/><T95/><D36/><U11/><E89/><V32/><F32/><W128/><G128/><T114/><D114/><U66/><E47/><V31/><F31/><W16/><G65/><N who="1" m="24586" /><E70/><V23/><F23/><W28/><G33/><T41/><D76/><U39/><E39/><V14/><F8/><W9/><G9/><T1/><D1/><U20/><E11/><V7/><F7/><W2/><G2/><T106/><D106/><U3/><E35/><V72/><F72/><W30/><G16/><T55/><D41/><U100/><E100/><V15/><REACH who="2" step="1"/><F86/><REACH who="2" ten="191,339,230,230" step="2"/><W132/><G132/><T52/><D105/><U51/><E3/><V21/><F21/><W129/><G129/><T101/><D13/><U130/><E130/><V80/><F80/><N who="3" m="47255" /><G28/><T69/><D69/><U0/><E0/><V77/><F77/><W19/><G19/><T63/><D63/><AGARI ba="0,1" hai="18,20,27,51,53,57,60,63" m="24586,41545" machi="63" ten="30,1000,0" yaku="14,1" doraHai="93" who="1" fromWho="0" sc="191,-10,339,20,230,0,230,0" /><INIT seed="3,0,0,1,4,31" ten="181,359,230,230" oya="3" hai0="109,58,66,55,49,2,68,105,28,45,125,50,8" hai1="39,15,41,81,27,108,117,133,82,104,52,48,72" hai2="85,11,131,20,69,96,22,76,115,16,65,101,38" hai3="123,62,3,120,127,43,33,64,57,1,106,19,44"/><W113/><G113/><T54/><D105/><U77/><E104/><V87/><F115/><W32/><G106/><T112/><D112/><U103/><E103/><V47/><F131/><W9/><G127/><T73/><D73/><U5/><E108/><V94/><F69/><W7/><G1/><T83/><D83/><U0/><E82/><N who="2" m="47303" /><F38/><W56/><G19/><T92/><D92/><U98/><E15/><N who="2" m="7295" /><F65/><W128/><G128/><T79/><D79/><U26/><E48/><V25/><F25/><W36/><REACH who="3" step="1"/><G57/><REACH who="3" ten="181,359,230,220" step="2"/><T121/><D125/><U23/><E0/><V114/><F114/><W35/><AGARI ba="0,1" hai="3,7,9,32,33,35,36,43,44,56,62,64,120,123" machi="35" ten="30,18000,2" yaku="1,1,2,1,0,1,52,3,53,0" doraHai="31" doraHaiUra="78" who="3" fromWho="3" sc="181,-60,359,-60,230,-60,220,190" owari="121,-37.9,299,9.9,170,-23.0,410,51.0" /></mjloggm>