<mjloggm ver="2.3"><GO type="225" lobby="0"/><UN n0="%E3%83%B4%E3%83%A0%EF%BC%99%E3%81%A6" n1="%E7%99%BD%E5%80%89%E5%AF%9B%E4%B9%8B" n2="%E3%81%AF%E3%82%88%E3%81%8A%E3%81%98%E3%81%95%E3%82%93" n3="%E3%81%99%E3%81%84%E3%81%BE%E3%81%9B%E3%83%BC%E3%82%93" dan="17,16,17,18" rate="2167.11,2175.78,2246.99,2177.53" sx="M,M,M,M"/><TAIKYOKU oya="0"/><INIT seed="0,0,0,0,4,129" ten="250,250,250,250" oya="0" hai0="130,94,122,5,16,54,100,111,84,66,58,37,2" hai1="44,19,87,86,117,52,28,124,23,31,68,132,36" hai2="11,105,101,74,49,104,26,118,76,114,72,121,106" hai3="3,42,17,46,108,115,10,89,102,71,80,95,55"/><T113/><D113/><U79/><E68/><V15/><F114/><W107/><G115/><T43/><D122/><U131/><E117/><V14/><F121/><W56/><G71/><T78/><D130/><U61/><E131/><V123/><F123/><W133/><G108/><T34/><D34/><U128/><E128/><V70/><F70/><W8/><G3/><T98/><D66/><U134/><E124/><V77/><F101/><W30/><G30/><N who="1" m="11306" /><E79/><N who="2" m="30283" /><F49/><W88/><G107/><T125/><D125/><U45/><E61/><V27/><F11/><W96/><G17/><T90/><D111/><U38/><E52/><V40/><F40/><W35/><G35/><T20/><D78/><U22/><E45/><V127/><F127/><W60/><G102/><T33/><D33/><U120/><E120/><V50/><F50/><N who="3" m="26967" /><G133/><N who="1" m="51306" /><E44/><V97/><F118/><W4/><G4/><T85/><D54/><U47/><E47/><V67/><F67/><W13/><G55/><T12/><D58/><U0/><E0/><V82/><F74/><W63/><G56/><T99/><D2/><U64/><E64/><V93/><F72/><W29/><G63/><T73/><D73/><U103/><E103/><V75/><F75/><W18/><G60/><T32/><D100/><U41/><E41/><V91/><F105/><W62/><G62/><T9/><D43/><U1/><E1/><V116/><F116/><W110/><G110/><T109/><D109/><U69/><E69/><V39/><F106/><W81/><G89/><T25/><D90/><U53/><E53/><V51/><F104/><W6/><G88/><RYUUKYOKU ba="0,0" sc="250,0,250,0,250,0,250,0" /><INIT seed="1,1,0,1,5,4" ten="250,250,250,250" oya="1" hai0="73,31,83,15,87,109,43,107,70,28,38,130,9" hai1="61,46,49,117,132,98,89,95,54,133,110,6,27" hai2="3,55,101,66,56,1,62,75,84,91,103,123,72" hai3="106,76,71,74,16,78,81,68,135,11,128,14,29"/><U2/><E117/><V30/><F123/><W21/><G128/><T79/><D130/><U64/><E110/><V112/><F112/><W96/><G135/><T134/><D134/><U108/><E108/><V80/><F30/><W111/><G111/><T92/><D70/><U5/><E27/><V36/><F36/><W129/><G129/><T42/><D107/><U47/><E47/><V93/><F1/><W90/><G78/><T48/><D38/><U131/><E131/><V114/><F3/><W105/><G105/><T50/><D109/><U69/><REACH who="1" step="1"/><E6/><REACH who="1" ten="250,240,250,250" step="2"/><V77/><F114/><W57/><G29/><T10/><D28/><U12/><E12/><V40/><F40/><W37/><G14/><T33/><D31/><U45/><E45/><V59/><F72/><W63/><G74/><T39/><D15/><U52/><E52/><V125/><F125/><W8/><G16/><T85/><D42/><U22/><E22/><V34/><F34/><W124/><G21/><T104/><D33/><U26/><E26/><V82/><F82/><W19/><G19/><T115/><D43/><U18/><E18/><V102/><F55/><W32/><G32/><T120/><D73/><U118/><E118/><V122/><F122/><W13/><G124/><T67/><D120/><U41/><E41/><V94/><F93/><N who="3" m="56375" /><G37/><T0/><D39/><U65/><E65/><V7/><F7/><N who="3" m="3231" /><G106/><T116/><D104/><U53/><E53/><V35/><F35/><W51/><G81/><T121/><D116/><U20/><E20/><V25/><F25/><W23/><G23/><T17/><D115/><RYUUKYOKU ba="1,1" sc="250,-15,240,15,250,15,250,-15" hai1="2,5,46,49,54,61,64,69,89,95,98,132,133" hai2="56,59,62,66,75,77,80,84,91,94,101,102,103" /><INIT seed="1,2,1,0,4,49" ten="235,255,265,235" oya="1" hai0="78,62,119,35,58,2,14,133,25,69,81,135,90" hai1="3,127,105,87,120,123,110,24,36,53,75,130,88" hai2="68,113,94,42,95,13,102,45,59,71,89,101,126" hai3="125,22,4,76,124,51,61,33,20,29,41,9,73"/><U57/><E36/><V85/><F126/><N who="3" m="48747" /><G33/><T103/><D119/><U1/><E127/><V11/><F113/><W17/><G29/><T91/><D2/><U134/><E105/><V30/><F30/><W63/><G76/><T104/><D69/><U99/><E75/><V23/><F23/><N who="3" m="8747" /><G17/><T7/><D25/><U64/><E64/><V12/><F12/><N who="3" m="5159" /><G73/><T38/><D35/><U111/><E24/><V100/><F59/><W44/><AGARI ba="2,1" hai="41,44,51,61,63" m="5159,8747,48747" machi="44" ten="30,1100,0" yaku="18,1" doraHai="49" who="3" fromWho="3" sc="235,-5,255,-7,265,-5,235,27" /><INIT seed="2,0,0,1,3,14" ten="230,248,260,262" oya="2" hai0="78,37,33,58,107,45,8,116,29,67,25,132,73" hai1="26,51,70,57,126,12,83,15,71,93,32,50,100" hai2="128,13,91,96,10,75,117,61,52,97,112,0,19" hai3="110,101,20,85,68,121,38,131,46,82,133,44,94"/><V36/><F117/><W40/><G121/><T17/><D116/><U123/><E123/><V35/><F112/><W124/><G68/><T115/><D115/><U84/><E126/><V79/><F35/><W48/><G124/><T31/><D107/><U34/><E71/><V104/><F36/><W53/><G110/><T64/><D132/><U105/><E70/><V21/><F128/><W24/><G133/><T9/><D31/><U54/><E105/><V108/><F108/><W2/><G2/><T30/><D30/><U49/><E34/><V7/><F104/><W130/><G94/><T103/><D103/><U129/><E26/><V120/><F120/><W90/><REACH who="3" step="1"/><G101/><REACH who="3" ten="230,248,260,252" step="2"/><T99/><D33/><U127/><E32/><V6/><F0/><W76/><G76/><T3/><D78/><N who="1" m="46199" /><E127/><V109/><F109/><W66/><G66/><T28/><D64/><U118/><E118/><V5/><F79/><W43/><G43/><T72/><D3/><U88/><E100/><V134/><F134/><W60/><G60/><T42/><D67/><U111/><E111/><V74/><F91/><W80/><G80/><T81/><D81/><U119/><E119/><V18/><F96/><W114/><G114/><T47/><D99/><N who="1" m="57767" /><E129/><V63/><F97/><W16/><AGARI ba="0,1" hai="16,20,24,38,40,44,46,48,53,82,85,90,130,131" machi="16" ten="30,7900,0" yaku="1,1,0,1,52,1,54,1,53,0" doraHai="14" doraHaiUra="1" who="3" fromWho="3" sc="230,-20,248,-20,260,-39,252,89" /><INIT seed="3,0,0,5,1,95" ten="210,228,221,341" oya="3" hai0="11,110,101,54,48,2,85,24,50,87,133,78,72" hai1="120,27,108,119,105,21,109,19,60,94,4,103,131" hai2="30,14,9,8,37,99,90,36,96,74,39,125,3" hai3="91,22,35,59,132,0,97,114,32,29,102,1,23"/><W113/><G91/><T124/><D110/><N who="1" m="42603" /><E131/><V100/><F74/><W73/><G59/><T18/><D124/><U86/><E120/><V75/><F75/><W83/><G83/><N who="0" m="47351" /><D72/><U44/><E119/><V121/><F125/><W122/><G29/><T10/><D2/><U80/><E4/><V42/><F42/><W63/><G63/><T69/><D69/><U92/><E44/><V51/><F51/><N who="0" m="19498" /><D133/><U93/><E60/><V68/><F68/><W13/><G73/><T117/><D117/><U5/><E5/><V46/><F46/><W118/><G114/><T65/><D65/><U31/><E105/><V52/><F52/><W81/><G81/><T34/><D34/><U57/><E57/><V20/><F121/><W98/><G122/><T49/><D101/><U33/><E103/><V89/><F3/><W106/><G1/><T12/><D87/><U62/><E62/><V79/><F79/><W116/><G0/><T71/><D71/><U111/><N who="1" m="42611" /><U134/><DORA hai="128" /><E134/><V17/><F30/><W130/><G132/><T45/><D24/><N who="1" m="14399" /><E80/><V61/><F61/><W127/><G130/><T7/><D7/><U40/><E86/><V104/><F99/><W28/><G98/><T47/><D45/><U64/><E64/><V84/><F90/><W25/><G118/><T26/><D26/><U126/><E126/><V56/><F56/><W58/><G127/><T88/><D88/><U66/><E66/><V43/><F43/><AGARI ba="0,0" hai="27,31,33,40,43,92,93,94" m="14399,42611" machi="43" ten="50,1600,0" yaku="14,1" doraHai="95,128" who="1" fromWho="2" sc="210,0,228,16,221,-16,341,0" owari="210,-19.0,244,4.4,205,-29.5,341,44.1" /></mjloggm>