<mjloggm ver="2.3"><GO type="225" lobby="0"/><UN n0="%E3%81%8B%E3%82%8F%E3%81%A1%E3%82%83%E3%82%93%35%38" n1="%E3%83%A9%E3%82%B9%E7%8E%87%EF%BC%93%E5%89%B2" n2="%E6%9D%B1%E9%A2%A8%E3%81%AE%E3%81%8D%E3%82%83%E3%81%B7%E3%81%95%E3%82%93" n3="%E3%83%96%E3%83%83%E3%83%91%E3%82%AA%E3%83%96%E3%83%81%E3%82%AD%E3%83%B3" dan="16,17,16,16" rate="2151.76,2215.64,2162.37,2185.75" sx="M,F,M,M"/><TAIKYOKU oya="0"/><INIT seed="0,0,0,1,0,86" ten="250,250,250,250" oya="0" hai0="109,56,1,89,121,92,118,54,135,46,68,119,107" hai1="76,40,14,22,57,58,88,91,116,42,84,43,110" hai2="90,117,81,18,36,99,74,98,12,100,31,15,102" hai3="44,55,93,133,69,11,120,83,26,8,5,132,34"/><T39/><D121/><U50/><E116/><V24/><F36/><W38/><G69/><T3/><D107/><U87/><E110/><V75/><F117/><W130/><G120/><T41/><D135/><N who="3" m="51785" /><G130/><T94/><D118/><U29/><E76/><V112/><F112/><W123/><G123/><T122/><D122/><U111/><E111/><V63/><F63/><W59/><G83/><T61/><D119/><U17/><E29/><V104/><F12/><N who="3" m="5135" /><G11/><T62/><D94/><N who="1" m="54631" /><E50/><V16/><F18/><W27/><G34/><T115/><D115/><U80/><AGARI ba="0,0" hai="14,17,22,40,42,43,57,58,80,87,88" m="54631" machi="80" ten="30,7900,0" yaku="8,1,52,2,54,1" doraHai="86" who="1" fromWho="1" sc="250,-39,250,79,250,-20,250,-20" /><INIT seed="1,0,0,0,3,17" ten="211,329,230,230" oya="1" hai0="50,21,63,92,116,62,117,82,6,94,119,55,11" hai1="10,114,43,109,5,127,3,32,15,89,124,61,100" hai2="75,85,77,93,67,97,30,84,91,34,40,105,128" hai3="79,125,111,53,22,113,4,130,122,9,64,48,49"/><U65/><E114/><V1/><F1/><W35/><G122/><T86/><D63/><U36/><E109/><V39/><F128/><W59/><G35/><T123/><D62/><U13/><E32/><V96/><F67/><W88/><G113/><T28/><D123/><U0/><E15/><V31/><F40/><W29/><G111/><T58/><D28/><U66/><E66/><V131/><F39/><W71/><G130/><T2/><REACH who="0" step="1"/><D21/><REACH who="0" ten="201,329,230,230" step="2"/><U7/><E61/><V101/><F131/><W112/><G22/><T23/><D23/><U90/><E65/><V107/><F34/><W104/><G29/><T70/><D70/><U8/><E124/><V26/><F30/><W99/><G125/><T132/><D132/><U95/><E127/><V68/><F68/><W42/><G112/><T81/><D81/><U45/><REACH who="1" step="1"/><E13/><REACH who="1" ten="201,319,230,230" step="2"/><V134/><F134/><W110/><G64/><T52/><D52/><U12/><E12/><V38/><F31/><W69/><G53/><T44/><D44/><U73/><E73/><V60/><F75/><W126/><G126/><T20/><D20/><U57/><E57/><V27/><F60/><W51/><G59/><T87/><D87/><U14/><E14/><V24/><F84/><W54/><G71/><T115/><D115/><U41/><E41/><V83/><F38/><W120/><G42/><T18/><D18/><U46/><E46/><V72/><F72/><W129/><G69/><T103/><D103/><U135/><E135/><V19/><F19/><W78/><G110/><T16/><D16/><U25/><E25/><V80/><F80/><RYUUKYOKU ba="0,2" sc="201,10,319,10,230,10,230,-30" hai0="2,6,11,50,55,58,82,86,92,94,116,117,119" hai1="0,3,5,7,8,10,36,43,45,89,90,95,100" hai2="24,26,27,77,83,85,91,93,96,97,101,105,107" /><INIT seed="1,1,2,2,2,135" ten="211,329,240,200" oya="1" hai0="9,53,63,47,55,11,71,94,88,101,1,97,86" hai1="109,62,115,16,133,28,14,103,44,61,81,85,18" hai2="79,132,5,3,120,90,77,93,134,84,131,29,42" hai3="66,45,72,17,130,105,126,21,114,75,92,23,112"/><U6/><E115/><V57/><F29/><W30/><G105/><T128/><D128/><U73/><E73/><V40/><F57/><W2/><G66/><T58/><D71/><U99/><E109/><V52/><F5/><W36/><G2/><T37/><D1/><U106/><E133/><N who="2" m="51307" /><F3/><W98/><G30/><T64/><D55/><U20/><E28/><V123/><F52/><W10/><G36/><T69/><D37/><U119/><E119/><V22/><F22/><W87/><G87/><T48/><REACH who="0" step="1"/><D69/><REACH who="0" ten="201,329,240,200" step="2"/><U124/><E44/><V95/><F131/><W78/><G45/><T125/><D125/><U59/><E124/><V110/><F40/><W41/><G41/><T15/><D15/><U96/><E59/><V91/><F42/><W54/><G126/><T70/><D70/><U7/><E61/><V26/><F26/><W34/><G54/><T43/><D43/><U39/><E62/><V67/><F67/><W13/><G130/><T104/><AGARI ba="1,3" hai="9,11,47,48,53,58,63,64,86,88,94,97,101,104" machi="104" ten="20,5200,0" yaku="1,1,0,1,7,1,54,1,53,0" doraHai="135" doraHaiUra="12" who="0" fromWho="0" sc="201,85,329,-27,240,-14,200,-14" /><INIT seed="2,0,0,3,5,51" ten="286,302,226,186" oya="2" hai0="95,34,7,9,73,134,102,108,38,33,115,24,104" hai1="67,94,52,36,30,65,119,97,77,74,80,114,123" hai2="132,8,131,64,28,1,125,25,68,20,29,128,87" hai3="113,116,10,47,48,111,90,35,72,37,26,109,83"/><V5/><F64/><W32/><G116/><T55/><D38/><U4/><E114/><V101/><F87/><W71/><G71/><T61/><D73/><U124/><E124/><V27/><F101/><W59/><G113/><T66/><D115/><U43/><E123/><V6/><F68/><W92/><G37/><T44/><D104/><U88/><E119/><V12/><F125/><W133/><G59/><T127/><D127/><U56/><E30/><V75/><F75/><W70/><G70/><T11/><D11/><U42/><E4/><V58/><F58/><W79/><G133/><T15/><D66/><U99/><E99/><V39/><F39/><W23/><G10/><T120/><D120/><U50/><REACH who="1" step="1"/><E43/><REACH who="1" ten="286,292,226,186" step="2"/><V100/><F132/><W14/><G111/><T91/><D108/><U19/><E19/><N who="2" m="8583" /><F100/><W31/><G109/><T121/><D102/><U0/><E0/><V78/><F78/><W82/><G14/><T84/><D121/><U49/><E49/><V126/><F126/><W93/><G35/><T98/><D134/><U103/><E103/><V41/><F41/><W135/><G32/><T89/><D24/><N who="2" m="9290" /><F1/><W96/><G135/><T86/><D98/><U69/><E69/><V118/><F118/><W60/><G96/><T110/><D110/><U122/><E122/><V62/><F62/><W130/><G60/><T40/><D40/><U106/><E106/><V45/><F28/><W63/><G63/><T2/><D2/><U112/><E112/><V17/><F29/><W129/><G31/><T85/><D34/><U117/><E117/><V53/><F5/><RYUUKYOKU ba="0,1" sc="286,-10,292,30,226,-10,186,-10" hai1="36,42,50,52,56,65,67,74,77,80,88,94,97" /><INIT seed="3,1,1,3,0,5" ten="276,322,216,176" oya="3" hai0="129,22,101,112,111,97,17,2,52,86,108,0,35" hai1="104,11,90,71,98,115,78,95,84,14,1,56,7" hai2="42,70,67,83,114,43,96,122,18,62,128,23,28" hai3="16,81,37,72,66,117,123,132,47,94,38,120,25"/><W119/><G94/><T91/><D35/><U105/><E115/><V53/><F114/><W74/><G66/><T59/><D112/><U79/><E71/><V113/><F113/><W106/><G25/><T55/><D129/><U58/><E1/><V133/><F128/><W21/><G21/><T99/><D55/><U4/><E4/><V65/><F133/><W134/><G81/><T44/><D44/><U32/><E32/><V27/><F122/><W20/><G20/><T36/><D36/><N who="3" m="13929" /><G47/><T26/><D0/><U73/><E73/><N who="3" m="28266" /><G16/><N who="0" m="12615" /><D2/><U103/><E105/><V87/><F67/><W60/><G60/><N who="0" m="35943" /><D17/><U92/><E104/><V15/><F53/><W135/><G106/><N who="0" m="63791" /><D86/><U34/><E34/><V51/><F51/><W126/><G126/><T45/><D45/><U88/><E103/><V29/><F29/><W48/><G48/><T76/><D76/><AGARI ba="1,1" hai="7,11,14,56,58,76,78,79,84,88,90,92,95,98" machi="76" ten="40,5200,0" yaku="8,1,52,1,54,1" doraHai="5" who="1" fromWho="0" sc="276,-55,322,65,216,0,176,0" owari="221,2.1,387,48.7,216,-18.4,176,-32.4" /></mjloggm>