<mjloggm ver="2.3"><GO type="225" lobby="0"/><UN n0="%E3%83%96%E3%83%83%E3%83%91%E3%82%AA%E3%83%96%E3%83%81%E3%82%AD%E3%83%B3" n1="%E6%A1%9C%E6%B2%A2%E5%A2%A8" n2="%E7%99%BD%E5%80%89%E5%AF%9B%E4%B9%8B" n3="%4C%4F%4C%49%54%41" dan="16,17,16,16" rate="2062.62,2157.72,2131.60,2114.18" sx="M,F,M,F"/><TAIKYOKU oya="0"/><INIT seed="0,0,0,2,1,132" ten="250,250,250,250" oya="0" hai0="71,39,91,1,112,48,103,58,74,104,40,13,29" hai1="96,19,43,126,107,37,86,88,15,128,92,72,83" hai2="76,23,17,41,12,75,55,122,102,70,66,25,87" hai3="44,113,45,118,26,65,33,8,85,4,90,95,20"/><T5/><D112/><U51/><E128/><V134/><F122/><W34/><G118/><T36/><D74/><U24/><E37/><V42/><F134/><W114/><G65/><T133/><D133/><U69/><E69/><V64/><F75/><W38/><G113/><T52/><D71/><U109/><E109/><V67/><F70/><W63/><G63/><T81/><D29/><U130/><E130/><V27/><F102/><W7/><G7/><T116/><D1/><U135/><E135/><V56/><F76/><W59/><G59/><T61/><D116/><U119/><E119/><V30/><F87/><W115/><G115/><T50/><D104/><U111/><E111/><V11/><REACH who="2" step="1"/><F27/><REACH who="2" ten="250,250,240,250" step="2"/><W2/><G26/><T80/><D103/><U53/><E24/><V62/><AGARI ba="0,1" hai="11,12,17,23,25,30,41,42,55,56,62,64,66,67" machi="62" ten="30,7900,0" yaku="1,1,2,1,0,1,8,1,53,0" doraHai="132" doraHaiUra="77" who="2" fromWho="2" sc="250,-39,250,-20,240,89,250,-20" /><INIT seed="1,0,0,5,3,57" ten="211,230,329,230" oya="1" hai0="81,74,120,11,100,106,14,24,84,68,27,60,117" hai1="80,129,77,13,119,94,9,85,6,64,40,73,91" hai2="121,51,63,92,21,53,20,108,3,87,19,34,18" hai3="59,38,133,55,54,127,124,107,26,28,104,82,23"/><U114/><E114/><V39/><F39/><W110/><G38/><T58/><D117/><U111/><E119/><V12/><F34/><W49/><G110/><T62/><D74/><U66/><E129/><V43/><F3/><W103/><G133/><T47/><D120/><U70/><E111/><V112/><F108/><W45/><G82/><T52/><D106/><U86/><E70/><V10/><F121/><W78/><G78/><N who="0" m="46135" /><D68/><U41/><REACH who="1" step="1"/><E73/><REACH who="1" ten="211,220,329,230" step="2"/><V132/><F112/><W0/><G124/><T93/><D47/><U96/><E96/><V42/><F132/><W130/><G127/><T116/><D116/><U31/><E31/><V123/><F123/><W33/><G130/><T7/><D62/><U90/><E90/><N who="2" m="53343" /><F63/><W1/><G45/><T88/><D100/><U44/><E44/><N who="2" m="27879" /><F10/><W131/><G131/><T50/><D50/><U17/><E17/><V128/><F128/><W122/><G122/><T102/><D102/><U75/><E75/><V25/><AGARI ba="0,1" hai="12,18,19,20,21,25,42,43" m="27879,53343" machi="25" ten="30,1100,0" yaku="8,1" doraHai="57" who="2" fromWho="2" sc="211,-3,220,-5,329,21,230,-3" /><INIT seed="2,0,0,1,2,76" ten="208,215,350,227" oya="2" hai0="54,86,130,4,107,83,106,117,108,119,16,19,45" hai1="59,80,98,67,127,112,2,61,37,31,39,70,111" hai2="22,32,99,123,49,10,7,71,65,79,89,75,90" hai3="94,84,55,24,13,60,103,12,125,50,120,122,43"/><V91/><F32/><W28/><G125/><T52/><D4/><U41/><E2/><V6/><F123/><W51/><G43/><T105/><D108/><U9/><E9/><V102/><F71/><W134/><G134/><T126/><D130/><U63/><E31/><V93/><F65/><W77/><G120/><T128/><D128/><U133/><E98/><V27/><F10/><W64/><G122/><T100/><D100/><U88/><E112/><V56/><F79/><W78/><G78/><N who="0" m="46455" /><D126/><U15/><E127/><V92/><F75/><W46/><G51/><N who="0" m="28783" /><D54/><U33/><E33/><V131/><F131/><W109/><G109/><T40/><D40/><U0/><E0/><V121/><F121/><W129/><G129/><T25/><D25/><U58/><E111/><V23/><F27/><W18/><G103/><T17/><D107/><U3/><E3/><V53/><F92/><W97/><G94/><T44/><D44/><U118/><E41/><V62/><F62/><W57/><G55/><T47/><D47/><U110/><E110/><V30/><F30/><W115/><G28/><T73/><D73/><U96/><E133/><V87/><F6/><W114/><G114/><T101/><D101/><U48/><E48/><V69/><F7/><W36/><G115/><T35/><D35/><U74/><E70/><V8/><F69/><W14/><G50/><T26/><D26/><U38/><E74/><V21/><F87/><W135/><G135/><T82/><D82/><U11/><E80/><V113/><F113/><W81/><G81/><T20/><D20/><U42/><E37/><RYUUKYOKU ba="0,0" sc="208,15,215,-15,350,15,227,-15" hai0="16,17,19,105,106,117,119" hai2="8,21,22,23,49,53,56,89,90,91,93,99,102" /><INIT seed="2,1,0,4,5,22" ten="223,200,365,212" oya="2" hai0="41,113,2,80,100,1,29,117,5,12,77,8,97" hai1="89,72,86,88,79,9,99,116,38,67,26,76,33" hai2="87,82,36,108,111,21,47,45,25,107,39,0,130" hai3="127,93,78,134,32,43,58,31,92,62,24,61,75"/><V128/><F0/><W123/><G123/><T121/><D121/><U13/><E116/><V6/><F6/><W11/><G134/><T3/><D113/><U112/><E112/><V48/><F107/><W57/><G127/><T119/><D41/><U23/><E38/><N who="2" m="14379" /><F87/><W124/><G43/><T14/><D29/><N who="1" m="17631" /><E33/><V85/><F85/><W105/><G105/><T30/><D30/><U96/><E72/><V83/><F83/><W40/><G40/><T64/><D64/><U109/><E109/><N who="2" m="42059" /><F82/><W44/><G124/><T120/><D14/><U132/><E132/><V46/><F48/><W51/><G75/><T60/><D120/><U69/><E79/><V133/><F133/><W129/><G78/><T7/><D7/><U106/><E76/><V126/><F126/><W71/><G51/><T50/><D50/><U118/><E106/><V81/><F81/><W95/><G95/><N who="0" m="58431" /><D80/><N who="1" m="49223" /><E89/><V74/><F74/><W28/><G32/><T17/><D77/><U90/><E90/><V10/><F10/><W73/><G73/><T63/><D5/><N who="1" m="3247" /><E118/><AGARI ba="1,0" hai="1,2,3,8,12,17,60,63,117,118,119" m="58431" machi="118" ten="40,1300,0" yaku="12,1" doraHai="22" who="0" fromWho="1" sc="223,16,200,-16,365,0,212,0" /><INIT seed="3,0,0,1,0,48" ten="239,184,365,212" oya="3" hai0="25,30,4,20,129,75,60,64,90,36,52,96,87" hai1="27,35,82,71,39,76,115,32,113,26,9,11,94" hai2="15,128,50,106,70,135,55,40,117,88,69,124,51" hai3="108,95,118,61,33,104,126,13,134,120,105,23,65"/><W10/><G118/><T18/><D129/><U97/><E39/><V116/><F106/><W17/><G120/><T122/><D122/><U42/><E42/><V43/><F128/><W12/><G33/><T5/><D75/><U47/><E47/><V57/><F15/><W85/><G134/><T99/><D36/><U16/><E71/><N who="2" m="27147" /><F88/><W86/><G126/><T63/><D64/><U119/><E119/><N who="2" m="45643" /><F124/><W49/><G108/><T110/><D63/><U102/><E32/><V53/><F135/><W111/><G111/><T67/><D67/><U73/><E35/><V100/><F100/><W101/><G86/><T127/><D30/><U79/><E79/><V131/><F131/><W92/><G92/><N who="0" m="54367" /><D110/><U132/><E132/><V29/><F29/><W6/><G61/><T37/><D60/><U22/><REACH who="1" step="1"/><E27/><REACH who="1" ten="239,174,365,212" step="2"/><V3/><F3/><W121/><G121/><T123/><D25/><U130/><E130/><V84/><F43/><W109/><G109/><T19/><D123/><U112/><AGARI ba="0,1" hai="9,11,16,22,26,73,76,82,94,97,102,112,113,115" machi="112" ten="30,4000,0" yaku="1,1,0,1,54,1,53,0" doraHai="48" doraHaiUra="45" who="1" fromWho="1" sc="239,-10,174,50,365,-10,212,-20" owari="229,2.9,224,-17.6,355,45.5,192,-30.8" /></mjloggm>