<mjloggm ver="2.3"><GO type="225" lobby="0"/><UN n0="%E3%82%B2%E3%82%B9%E8%8C%82%E5%8B%9D" n1="%E3%81%95%E3%81%8D%E3%81%9F%E3%81%BE%E6%9E%97%E6%AA%8E" n2="%E6%80%AA%E3%81%97%E3%81%99%E3%81%8E%E3%82%8B%E3%83%81%E3%83%BC" n3="%53%61%63%68%69%30%34" dan="16,16,16,16" rate="2123.93,2113.38,2101.95,2075.81" sx="F,M,M,M"/><TAIKYOKU oya="0"/><INIT seed="0,0,0,2,2,15" ten="250,250,250,250" oya="0" hai0="72,43,44,106,77,101,32,39,24,22,94,131,4" hai1="0,54,31,53,18,69,68,40,60,5,76,119,3" hai2="1,107,27,121,129,87,88,61,11,70,84,99,93" hai3="125,51,103,135,111,74,26,28,62,63,78,2,114"/><T104/><D131/><U102/><E119/><V112/><F112/><W58/><G114/><T20/><D32/><U108/><E31/><V134/><F121/><W83/><G111/><T71/><D71/><U81/><E102/><V120/><F120/><W21/><G125/><T36/><D36/><U56/><E108/><V66/><F129/><W65/><G135/><T113/><D113/><U42/><E69/><V91/><F134/><W19/><G2/><T52/><D4/><U95/><E95/><V17/><F107/><W109/><G109/><T45/><D94/><U55/><E68/><V123/><F123/><W48/><G103/><T130/><D130/><U35/><E35/><V96/><F1/><W115/><G115/><T13/><D13/><U50/><E0/><V9/><F9/><W67/><REACH who="3" step="1"/><G28/><REACH who="3" ten="250,250,250,240" step="2"/><T12/><D101/><U133/><E133/><V80/><REACH who="2" step="1"/><F11/><REACH who="2" ten="250,250,240,240" step="2"/><W23/><G23/><AGARI ba="0,2" hai="17,23,27,61,66,70,80,84,87,88,91,93,96,99" machi="23" ten="40,8000,1" yaku="1,1,2,1,52,1,54,1,53,0" doraHai="15" doraHaiUra="100" who="2" fromWho="3" sc="250,0,250,0,240,100,240,-80" /><INIT seed="1,0,0,3,0,119" ten="250,250,340,160" oya="1" hai0="108,121,27,23,87,26,124,132,62,28,46,14,109" hai1="52,111,8,106,15,64,51,63,4,2,125,16,35" hai2="10,72,38,39,1,0,25,130,9,100,103,74,112" hai3="116,67,60,21,59,93,83,48,133,34,33,84,68"/><U3/><E106/><V18/><F25/><W101/><G133/><T5/><D62/><U129/><E35/><V131/><REACH who="2" step="1"/><F18/><REACH who="2" ten="250,250,330,160" step="2"/><W79/><G116/><T115/><D132/><U118/><E118/><V50/><F50/><W77/><G34/><T57/><D115/><AGARI ba="0,1" hai="0,1,9,10,38,39,72,74,100,103,112,115,130,131" machi="115" ten="25,3200,0" yaku="1,1,22,2,53,0" doraHai="119" doraHaiUra="65" who="2" fromWho="0" sc="250,-32,250,0,330,42,160,0" /><INIT seed="2,0,0,3,1,9" ten="218,250,372,160" oya="2" hai0="127,104,36,90,21,120,113,73,5,60,84,67,114" hai1="103,102,8,82,83,65,126,34,72,125,51,25,124" hai2="7,32,100,119,123,107,115,93,85,39,133,112,135" hai3="17,95,89,61,37,122,54,98,52,6,42,79,91"/><V3/><F39/><W118/><G118/><T74/><D120/><U44/><E65/><V134/><F32/><W76/><G122/><T53/><D127/><U78/><E83/><V106/><F7/><W64/><G6/><T10/><D104/><N who="2" m="39978" /><F3/><W20/><G37/><T117/><D117/><U111/><E111/><V71/><F71/><W129/><G42/><T15/><D36/><U105/><E105/><V48/><F48/><W45/><G129/><T110/><D53/><N who="1" m="29927" /><E8/><V99/><F123/><W33/><G33/><T18/><D110/><U31/><AGARI ba="0,0" hai="25,31,34,72,78,82,102,103,124,125,126" m="29927" machi="31" ten="40,1500,0" yaku="18,1" doraHai="9" who="1" fromWho="1" sc="218,-4,250,15,372,-7,160,-4" /><INIT seed="3,0,0,0,5,7" ten="214,265,365,156" oya="3" hai0="44,62,63,4,121,54,107,85,65,96,115,99,92" hai1="128,49,119,37,42,51,59,48,78,23,103,106,95" hai2="56,98,67,57,88,1,116,26,66,12,15,40,90" hai3="17,108,20,35,122,133,11,118,132,0,52,109,111"/><W30/><G118/><T50/><D121/><U124/><E106/><V19/><F1/><W47/><G122/><T127/><D127/><U83/><E124/><V123/><F40/><W120/><G120/><T8/><D115/><U129/><E119/><V32/><F32/><W104/><G104/><T9/><D62/><U29/><E37/><V21/><F116/><W125/><G125/><T25/><D25/><N who="1" m="16575" /><E95/><N who="2" m="56679" /><F123/><W13/><G47/><T75/><D75/><U10/><E10/><N who="0" m="4201" /><D4/><U5/><E5/><V105/><F105/><W70/><G70/><T80/><D107/><U91/><E91/><V81/><F67/><W100/><G100/><T113/><D113/><U72/><E103/><V94/><F81/><W135/><G0/><T38/><D92/><U79/><E79/><V14/><F56/><W27/><G52/><T46/><D46/><N who="1" m="25687" /><E59/><V36/><F94/><W87/><REACH who="3" step="1"/><G87/><REACH who="3" ten="214,265,365,146" step="2"/><T28/><D54/><U82/><E82/><V61/><F57/><W114/><G114/><T102/><D44/><U77/><E77/><V45/><F45/><W110/><N who="3" m="27648" /><DORA hai="126" /><W130/><G130/><AGARI ba="0,1" hai="49,51,72,78,83,128,129,130" m="25687,16575" machi="130" ten="30,7700,0" yaku="19,1,52,3" doraHai="7,126" who="1" fromWho="3" sc="214,0,265,87,365,0,146,-77" owari="214,-18.6,352,15.2,365,46.5,69,-43.1" /></mjloggm>