<mjloggm ver="2.3"><GO type="225" lobby="0"/><UN n0="%72%61%6B%33" n1="%E7%99%BD%E9%9B%AA%E4%B9%83%E6%84%9B" n2="%E5%B8%86%E7%AB%8B%E5%A4%8F%E8%A1%A3" n3="%E5%8F%AF%E5%85%90%E9%82%A3%E7%94%B1%E5%A4%9A" dan="16,16,17,16" rate="2069.32,2031.88,2218.48,2082.05" sx="M,F,M,F"/><TAIKYOKU oya="0"/><INIT seed="0,0,0,2,3,55" ten="250,250,250,250" oya="0" hai0="67,36,60,86,108,126,100,13,27,32,23,31,41" hai1="88,129,56,98,28,21,92,54,76,84,61,132,74" hai2="95,14,35,73,106,58,131,34,111,5,45,29,2" hai3="51,24,79,103,123,18,70,107,78,93,25,0,71"/><T81/><D126/><U9/><E132/><V83/><F106/><W133/><G107/><T80/><D108/><U124/><E129/><V77/><F111/><W53/><G0/><T135/><D135/><U65/><E124/><V46/><F131/><W3/><G3/><T47/><D100/><U114/><E114/><V39/><F14/><W68/><G133/><T122/><D122/><U37/><E37/><V90/><F29/><W12/><G123/><T105/><D105/><U30/><E74/><V33/><F58/><W66/><G66/><T87/><D81/><N who="1" m="47143" /><E9/><V128/><F128/><W117/><G117/><T115/><D115/><U96/><E65/><V48/><F48/><W82/><G93/><T112/><D112/><U119/><E119/><V97/><REACH who="2" step="1"/><F39/><REACH who="2" ten="250,250,240,250" step="2"/><W102/><G70/><T57/><REACH who="0" step="1"/><D80/><REACH who="0" ten="240,250,240,250" step="2"/><U17/><E98/><V130/><F130/><W99/><G82/><T134/><D134/><U1/><E1/><V91/><F91/><W59/><G103/><T43/><D43/><U42/><E42/><V121/><F121/><W63/><G102/><T7/><D7/><U89/><E89/><V16/><F16/><AGARI ba="0,2" hai="13,16,23,27,31,32,36,41,47,57,60,67,86,87" machi="16" ten="40,12000,1" yaku="1,1,52,1,54,1,53,1" doraHai="55" doraHaiUra="10" who="0" fromWho="2" sc="240,140,250,0,240,-120,250,0" /><INIT seed="0,1,0,3,0,17" ten="380,250,120,250" oya="0" hai0="16,43,83,37,107,128,65,29,93,34,74,27,112" hai1="90,109,94,91,15,127,22,82,110,69,114,62,135" hai2="23,2,123,21,66,46,25,108,102,1,111,122,10" hai3="81,85,119,20,79,49,44,124,125,32,18,88,72"/><T61/><D128/><U129/><E129/><V42/><F66/><W95/><G32/><T98/><D112/><U12/><E135/><V60/><F60/><W101/><G119/><T64/><D64/><U134/><E127/><V45/><F102/><W97/><G49/><T51/><D37/><U89/><E134/><V4/><F42/><W36/><G44/><T118/><D118/><U56/><E69/><V26/><F10/><W54/><G54/><T133/><D133/><U9/><E82/><V58/><F58/><W103/><G36/><T33/><D107/><U31/><E114/><V41/><F41/><W131/><G131/><T106/><D106/><U105/><E105/><V104/><F104/><N who="3" m="63535" /><G103/><T7/><D7/><AGARI ba="1,0" hai="1,2,4,7,21,23,25,26,45,46,108,111,122,123" machi="7" ten="25,6400,0" yaku="22,2,52,2" doraHai="17" who="2" fromWho="0" sc="380,-67,250,0,120,67,250,0" /><INIT seed="1,0,0,3,0,56" ten="313,250,187,250" oya="1" hai0="73,41,106,27,116,96,129,84,74,25,8,112,109" hai1="102,30,134,44,103,46,128,92,121,69,3,123,10" hai2="131,36,6,11,14,4,117,88,91,40,127,101,120" hai3="111,19,23,63,119,87,118,35,71,76,9,29,12"/><U125/><E30/><V79/><F120/><W122/><G122/><T132/><D112/><U24/><E24/><V32/><F117/><N who="3" m="44555" /><G111/><T108/><D116/><U99/><E69/><V65/><F32/><W42/><G42/><T81/><D41/><U135/><E128/><V61/><F127/><W100/><G100/><N who="0" m="62727" /><D8/><U26/><E26/><N who="0" m="9737" /><D132/><N who="1" m="50731" /><E125/><V48/><F36/><W68/><G35/><T57/><D57/><U83/><E83/><V45/><F131/><W105/><G105/><T28/><D28/><U67/><E67/><V89/><F101/><W113/><G113/><T75/><D129/><U5/><E103/><V94/><F79/><W31/><G9/><T98/><D98/><U66/><E66/><V13/><F13/><W49/><G71/><T86/><D81/><U7/><E7/><V34/><F34/><W62/><G68/><T95/><D95/><U17/><E17/><V2/><F2/><W47/><G29/><T107/><D107/><U124/><E124/><V21/><F4/><W85/><G31/><T110/><AGARI ba="0,0" hai="73,74,75,84,86,108,109,110" m="9737,62727" machi="110" ten="40,1500,0" yaku="14,1" doraHai="56" who="0" fromWho="0" sc="313,15,250,-7,187,-4,250,-4" /><INIT seed="2,0,0,0,1,51" ten="328,243,183,246" oya="2" hai0="14,114,56,91,106,113,58,81,35,50,55,93,18" hai1="8,52,40,122,99,7,30,34,83,24,85,67,13" hai2="6,132,48,68,129,70,26,54,21,109,110,135,60" hai3="49,125,69,119,133,39,82,76,12,123,103,128,96"/><V27/><F6/><W37/><G119/><T57/><D106/><U89/><E122/><V75/><F75/><W10/><G123/><T95/><D35/><U32/><E40/><V53/><F129/><W65/><G128/><T44/><D113/><U61/><E99/><V33/><F33/><W31/><G31/><T19/><D114/><U90/><E34/><V102/><F102/><W92/><G133/><N who="2" m="51273" /><F27/><W5/><G125/><T78/><D91/><U124/><E124/><V74/><F74/><W116/><G116/><T38/><D38/><U42/><E42/><V115/><F115/><W131/><G131/><T126/><D126/><U71/><E52/><N who="2" m="20075" /><F48/><W2/><G49/><T107/><D107/><U62/><E62/><V25/><F25/><W97/><G2/><T98/><D50/><U45/><E45/><V79/><F79/><AGARI ba="0,0" hai="7,8,13,24,30,32,61,67,71,79,83,85,89,90" machi="79" ten="30,1000,0" yaku="7,1" doraHai="51" who="1" fromWho="2" sc="328,0,243,10,183,-10,246,0" /><INIT seed="3,0,0,2,5,130" ten="328,253,173,246" oya="3" hai0="23,111,72,21,83,41,88,54,103,35,75,113,5" hai1="19,55,30,38,51,105,95,4,46,64,79,40,67" hai2="126,66,84,48,7,47,116,18,33,81,58,117,100" hai3="76,73,70,63,24,25,15,86,112,109,135,14,80"/><W131/><G112/><T44/><D35/><U8/><E105/><V71/><F126/><W108/><G131/><T22/><D103/><U104/><E104/><V43/><F33/><W87/><G73/><T50/><D5/><U122/><E122/><V20/><F100/><W119/><G119/><T91/><D113/><U62/><E30/><V2/><F71/><W16/><G87/><T82/><D111/><N who="3" m="42569" /><G15/><T125/><D125/><U114/><E114/><V59/><F2/><W49/><G49/><N who="0" m="26767" /><D75/><U31/><E95/><V133/><F7/><W52/><G135/><T13/><D72/><U37/><E31/><V96/><F96/><W68/><G68/><T10/><D10/><U89/><E79/><V77/><F117/><W121/><G121/><T0/><D13/><U118/><E118/><V29/><F116/><W78/><G78/><T90/><D0/><U9/><E4/><V134/><F29/><W27/><G70/><T132/><D132/><N who="2" m="50794" /><F66/><W97/><G97/><T110/><D110/><U26/><E67/><V127/><F127/><W92/><G92/><T12/><D12/><AGARI ba="0,0" hai="12,18,20,43,47,48,58,59,77,81,84" m="50794" machi="12" ten="30,7700,0" yaku="20,1,52,3" doraHai="130" who="2" fromWho="0" sc="328,-77,253,0,173,77,246,0" /><INIT seed="4,0,0,3,1,84" ten="251,253,250,246" oya="0" hai0="28,95,64,20,53,109,72,78,10,26,18,52,99" hai1="32,120,40,118,121,9,125,79,63,89,66,38,74" hai2="111,8,123,103,86,24,81,42,1,25,131,105,0" hai3="134,6,4,88,76,115,112,46,127,31,14,51,45"/><T67/><D109/><U124/><E118/><V69/><F123/><W126/><G76/><T75/><D75/><U13/><E32/><V43/><F69/><W7/><G31/><T92/><D78/><U47/><E79/><V133/><F133/><W3/><G3/><T94/><D72/><U106/><E106/><V60/><F131/><W19/><G134/><T85/><D99/><U2/><E2/><V34/><F111/><W62/><G62/><T49/><D85/><U101/><E101/><V102/><F60/><W33/><G33/><T30/><D53/><U132/><E74/><V77/><F1/><W15/><G88/><T93/><N who="0" m="23552" /><DORA hai="83" /><T29/><REACH who="0" step="1"/><D10/><REACH who="0" ten="241,253,250,246" step="2"/><U96/><E132/><V12/><F77/><W56/><G112/><T57/><AGARI ba="0,1" hai="18,20,26,28,29,30,49,52,57,64,67" m="23552" machi="57" ten="50,18000,2" yaku="1,1,2,1,0,1,8,1,54,1,53,1" doraHai="84,83" doraHaiUra="16,36" who="0" fromWho="0" sc="241,190,253,-60,250,-60,246,-60" owari="431,53.1,193,-0.7,190,-21.0,186,-31.4" /></mjloggm>