<mjloggm ver="2.3"><GO type="225" lobby="0"/><UN n0="%E3%82%B7%E3%83%88%E3%83%AD%E3%82%A8%E3%83%B3%E3%81%AE%E5%AD%A4%E7%8B%AC" n1="%E4%B8%8B%E6%AE%B5%E3%83%81%E3%82%A7%E3%83%AA%E3%83%BC" n2="%E8%A8%88%E7%AE%97%E6%A9%9F%E8%87%AA%E7%84%B6" n3="%6D%61%74%69%67%75%73%61" dan="16,16,17,17" rate="2147.17,2154.25,2130.05,2115.03" sx="F,M,M,M"/><TAIKYOKU oya="0"/><INIT seed="0,0,0,4,3,80" ten="250,250,250,250" oya="0" hai0="74,43,68,90,25,75,134,59,16,23,88,117,33" hai1="56,27,17,53,11,52,18,85,77,94,65,113,79" hai2="92,116,130,61,106,73,121,76,133,97,95,123,86" hai3="58,15,72,89,2,112,98,96,21,4,101,12,84"/><T126/><D117/><U114/><E65/><V119/><F61/><W93/><G72/><T51/><D68/><U7/><E79/><V109/><F109/><W99/><G112/><N who="1" m="43114" /><E27/><V48/><F48/><W91/><G2/><T107/><D107/><U57/><E57/><V3/><F3/><W24/><G58/><T118/><D118/><N who="2" m="45098" /><F133/><W70/><G70/><T20/><D134/><U83/><E94/><N who="2" m="35883" /><F73/><W87/><G4/><T42/><D75/><U64/><E64/><V135/><F135/><W111/><G101/><T34/><D74/><U128/><E128/><V32/><F32/><W35/><G35/><T5/><D34/><U31/><E31/><V50/><F130/><W120/><G120/><T36/><D33/><U46/><E46/><V30/><F30/><N who="3" m="17679" /><G111/><T45/><D43/><U78/><E78/><V62/><F76/><W82/><AGARI ba="0,0" hai="12,15,82,84,87,89,91,93,96,98,99" m="17679" machi="82" ten="30,4000,0" yaku="8,1,52,2" doraHai="80" who="3" fromWho="3" sc="250,-20,250,-10,250,-10,250,40" /><INIT seed="1,0,0,2,2,76" ten="230,240,240,290" oya="1" hai0="118,2,82,74,64,85,32,41,26,51,75,62,102" hai1="24,7,135,80,109,88,29,100,56,39,93,38,33" hai2="25,120,81,8,123,16,134,13,68,53,57,17,11" hai3="63,98,67,54,59,58,66,128,94,60,31,114,111"/><U42/><E135/><V49/><F68/><W1/><G111/><T130/><D2/><U65/><E109/><V96/><F134/><W97/><G128/><T5/><D118/><U35/><E7/><V129/><F129/><W79/><G114/><T101/><D5/><U116/><E33/><V108/><F108/><W115/><G1/><T103/><D130/><U99/><E116/><V21/><F8/><W14/><G115/><T4/><D4/><U34/><E34/><V15/><F25/><W45/><G31/><T43/><D32/><U83/><E42/><V127/><F127/><W10/><G79/><T19/><D26/><U12/><E12/><V46/><F96/><W52/><G45/><T124/><D19/><U69/><E69/><V37/><REACH who="2" step="1"/><F81/><REACH who="2" ten="230,240,230,290" step="2"/><W50/><G98/><T126/><D124/><U40/><E100/><V72/><F72/><W73/><G73/><T121/><D126/><U48/><E39/><V119/><F119/><W61/><G10/><T71/><D75/><U104/><E104/><V122/><F122/><W107/><G107/><T6/><D74/><U133/><E133/><V70/><F70/><W95/><G14/><T89/><D121/><U84/><E99/><V90/><F90/><N who="3" m="55511" /><G95/><T78/><D102/><U18/><E18/><V3/><F3/><W77/><G77/><T47/><D78/><U117/><E117/><V22/><F22/><W112/><G112/><T106/><D106/><U132/><E132/><V87/><F87/><W91/><G91/><T105/><D105/><U23/><E23/><V30/><F30/><W55/><G67/><RYUUKYOKU ba="0,1" sc="230,-15,240,-15,230,15,290,15" hai2="11,13,15,16,17,21,37,46,49,53,57,120,123" hai3="50,52,54,55,58,59,60,61,63,66" /><INIT seed="2,1,1,2,5,58" ten="215,225,245,305" oya="2" hai0="125,68,103,15,102,43,48,96,16,70,124,83,17" hai1="51,62,81,53,10,13,110,133,5,128,25,135,106" hai2="99,86,8,114,35,85,108,49,30,55,0,23,92" hai3="76,36,20,80,26,75,78,69,90,22,21,104,7"/><V77/><F35/><W127/><G36/><T126/><D83/><U73/><E106/><V105/><F105/><W27/><G69/><T123/><D123/><U116/><E116/><V84/><F114/><W2/><G127/><T98/><D43/><U119/><E119/><V118/><F118/><W34/><G76/><T89/><D89/><U65/><E128/><V72/><F72/><W37/><G90/><T95/><D48/><U42/><E42/><V47/><F108/><W6/><G34/><T122/><D122/><U61/><E110/><V71/><F71/><N who="0" m="27178" /><D15/><U12/><E25/><N who="2" m="16703" /><F0/><W31/><G104/><AGARI ba="1,1" hai="16,17,95,96,98,102,103,104,124,125,126" m="27178" machi="104" ten="40,2600,0" yaku="18,1,54,1" doraHai="58" who="0" fromWho="3" sc="215,39,225,0,245,0,305,-29" /><INIT seed="3,0,0,4,5,102" ten="254,225,245,276" oya="3" hai0="118,9,79,65,42,8,15,45,23,35,123,61,119" hai1="18,81,59,1,98,76,108,103,3,115,77,70,24" hai2="93,78,34,104,68,83,99,112,129,72,26,54,30" hai3="62,51,16,12,87,2,95,74,120,52,90,69,134"/><W58/><G120/><T73/><D123/><U55/><E70/><V56/><F129/><W44/><G134/><T36/><D35/><U50/><E115/><V109/><F109/><W127/><G127/><T131/><D131/><U82/><E108/><V86/><F68/><W107/><G107/><T96/><D23/><U106/><E18/><V128/><F128/><W19/><G2/><T41/><D41/><U66/><E66/><V122/><F122/><W27/><G74/><T75/><D96/><U117/><E117/><V43/><F43/><W38/><G38/><T17/><D8/><U49/><E49/><V88/><F112/><W114/><G69/><T132/><D132/><U97/><E97/><V11/><F11/><N who="3" m="6175" /><G114/><T22/><D9/><U53/><E53/><V80/><F104/><W133/><G133/><T7/><D7/><U5/><E5/><V40/><F40/><N who="3" m="24967" /><G19/><T135/><D135/><U124/><E124/><V6/><F6/><W63/><G27/><T29/><D29/><U28/><E77/><V111/><F111/><W101/><G101/><T39/><D39/><U125/><E125/><V60/><REACH who="2" step="1"/><F80/><REACH who="2" ten="254,225,235,276" step="2"/><W121/><G121/><T110/><D110/><U57/><E82/><V113/><F113/><W105/><G105/><T116/><D118/><U85/><REACH who="1" step="1"/><E59/><REACH who="1" ten="254,215,235,276" step="2"/><V33/><F33/><AGARI ba="0,2" hai="1,3,24,28,33,50,55,57,76,81,85,98,103,106" machi="33" ten="30,7700,0" yaku="1,1,2,1,7,1,52,1,53,0" doraHai="102" doraHaiUra="37" who="1" fromWho="2" sc="254,0,215,97,235,-77,276,0" owari="254,-14.6,312,41.2,158,-34.2,276,7.6" /></mjloggm>