<mjloggm ver="2.3"><GO type="225" lobby="0"/><UN n0="%E7%99%BD%E5%80%89%E5%AF%9B%E4%B9%8B" n1="%E5%B0%8F%E9%B3%A5%E9%81%8A%E7%B7%B4%E7%84%A1%32%31%E6%AD%B3" n2="%E3%82%A2%E3%83%9E%E3%83%9D%EF%BD%9E%EF%BD%9E%E3%83%A9" n3="%E9%A6%AC%E5%BC%95%E7%81%AB%33" dan="16,16,17,17" rate="2154.59,2204.72,2077.65,2143.49" sx="M,F,M,M"/><TAIKYOKU oya="0"/><INIT seed="0,0,0,3,5,102" ten="250,250,250,250" oya="0" hai0="106,89,69,78,124,56,100,129,112,17,131,132,80" hai1="18,30,122,61,88,134,54,94,117,105,34,101,115" hai2="29,93,76,113,81,50,6,32,107,97,42,22,45" hai3="0,28,65,44,135,83,85,47,5,64,99,8,7"/><T24/><D69/><U114/><E122/><V53/><F32/><W37/><G135/><T43/><D43/><U1/><E117/><V27/><F113/><N who="1" m="43017" /><E1/><V79/><F107/><W75/><G28/><T55/><D112/><U39/><E39/><V98/><F6/><W2/><G99/><N who="2" m="37897" /><F93/><W41/><G47/><T116/><D116/><U49/><E18/><V60/><F81/><W109/><G109/><T95/><D100/><U91/><E61/><V126/><F126/><W104/><G104/><T123/><D106/><U72/><E101/><V77/><F60/><W38/><G38/><T57/><D123/><U110/><E72/><V14/><F14/><W84/><G84/><N who="0" m="52647" /><D124/><U9/><E134/><V58/><F58/><W21/><G21/><N who="0" m="13359" /><D55/><AGARI ba="0,0" hai="22,27,29,42,45,50,53,55,76,77,79" m="37897" machi="55" ten="30,1000,0" yaku="8,1" doraHai="102" who="2" fromWho="0" sc="250,-10,250,0,250,10,250,0" /><INIT seed="1,0,0,0,3,98" ten="240,250,260,250" oya="1" hai0="109,29,61,36,129,21,119,115,65,50,134,25,35" hai1="43,105,72,46,53,116,51,8,74,34,0,38,87" hai2="127,12,80,85,78,52,24,60,79,90,16,4,2" hai3="55,75,57,56,101,99,92,54,104,3,132,121,47"/><U77/><E116/><V124/><F24/><W93/><G121/><T33/><D36/><U64/><E34/><V113/><F4/><W23/><G75/><T94/><D119/><U15/><E0/><V89/><F2/><W19/><G132/><T103/><D134/><U110/><E110/><V128/><F128/><W118/><G47/><T130/><D50/><U31/><E31/><V81/><F113/><W133/><G3/><T37/><D37/><U40/><E64/><V96/><F96/><W112/><G112/><T18/><D109/><U11/><E11/><V117/><F117/><W102/><G133/><T7/><D7/><U114/><E114/><V68/><F68/><W126/><G126/><N who="2" m="48169" /><F60/><N who="3" m="35863" /><G104/><T30/><D115/><U48/><E105/><V123/><F52/><W86/><G86/><T83/><D83/><U82/><E38/><V91/><F123/><W120/><G120/><T84/><D84/><U14/><E40/><V63/><F63/><N who="3" m="36287" /><G118/><T10/><D35/><U69/><E69/><V42/><F42/><W45/><G45/><T9/><D33/><U131/><E14/><V1/><F1/><W62/><G62/><T66/><D61/><U73/><E15/><V28/><F28/><N who="0" m="10858" /><D130/><U95/><E131/><V13/><F16/><W88/><G92/><T27/><D27/><AGARI ba="0,0" hai="19,23,27,88,93,99,101,102" m="36287,35863" machi="27" ten="30,8000,1" yaku="25,1,8,1,52,2,54,1" doraHai="98" who="3" fromWho="0" sc="240,-80,250,0,260,0,250,80" /><INIT seed="2,0,0,2,0,69" ten="160,250,260,330" oya="2" hai0="4,8,16,134,70,110,15,115,53,49,22,32,30" hai1="119,20,45,3,121,52,76,116,124,82,28,29,73" hai2="47,106,74,51,41,58,98,11,123,102,23,60,21" hai3="68,132,107,96,33,83,104,40,88,55,7,14,78"/><V100/><F123/><W129/><G33/><T6/><D70/><U64/><E64/><V89/><F74/><W81/><G68/><T127/><D115/><U105/><E105/><V43/><F43/><W71/><G71/><T1/><D110/><U86/><E3/><V66/><F102/><W57/><G129/><T2/><D127/><U94/><E124/><V72/><F72/><W128/><G132/><T97/><D134/><U17/><E121/><V118/><F118/><W24/><G24/><N who="0" m="18503" /><D97/><U133/><E133/><V112/><F112/><W113/><G128/><T122/><D53/><U63/><E119/><V44/><F44/><W19/><G7/><N who="0" m="2603" /><D49/><U59/><E45/><V54/><F11/><W48/><G40/><T67/><D67/><U125/><E125/><V108/><F108/><W114/><G114/><T117/><D117/><U91/><REACH who="1" step="1"/><E116/><REACH who="1" ten="160,240,260,330" step="2"/><V12/><F66/><W26/><G113/><T25/><D122/><U84/><E84/><V39/><F47/><W38/><G107/><T75/><D75/><U34/><E34/><V95/><F106/><W79/><G104/><T90/><D90/><U126/><E126/><V9/><F89/><W92/><G88/><T65/><D65/><U13/><AGARI ba="0,1" hai="13,17,20,28,29,52,59,63,73,76,82,86,91,94" machi="13" ten="20,8000,1" yaku="1,1,0,1,7,1,54,1,53,1" doraHai="69" doraHaiUra="10" who="1" fromWho="1" sc="160,-20,240,90,260,-40,330,-20" /><INIT seed="3,0,0,2,1,89" ten="140,330,220,310" oya="3" hai0="42,12,87,52,111,3,115,24,50,134,10,43,11" hai1="13,130,110,63,44,71,41,91,60,84,70,25,5" hai2="69,59,49,123,66,56,76,58,36,31,88,80,122" hai3="114,19,6,26,132,14,62,64,117,32,131,53,30"/><W100/><G117/><T74/><D74/><U104/><E104/><V2/><F36/><W126/><G114/><T127/><D115/><U16/><E110/><V8/><F31/><W105/><G126/><T27/><D127/><U133/><E5/><N who="2" m="1079" /><F69/><W68/><G131/><T73/><D73/><U77/><E77/><V79/><F49/><W7/><G132/><T85/><D111/><U86/><E25/><V40/><F40/><W72/><G72/><T67/><D134/><U129/><E133/><V102/><F102/><W17/><G17/><T23/><D3/><U48/><E84/><N who="2" m="50183" /><F66/><W0/><G0/><T18/><D67/><U82/><E70/><V46/><F46/><W35/><G35/><T47/><D11/><N who="1" m="6207" /><E71/><V119/><F119/><W116/><G116/><T93/><D27/><U39/><E39/><V97/><F97/><W90/><G90/><T1/><D1/><U78/><E91/><V113/><F113/><W83/><G83/><T9/><D9/><U57/><E57/><V103/><F103/><W112/><G112/><T22/><D22/><U95/><E130/><V96/><F96/><N who="3" m="61575" /><G53/><T120/><D120/><AGARI ba="0,0" hai="56,58,59,76,79,120,122,123" m="50183,1079" machi="120" ten="30,2000,0" yaku="13,1,54,1" doraHai="89" who="2" fromWho="0" sc="140,-20,330,0,220,20,310,0" owari="120,-38.0,330,43.0,240,-16.0,310,11.0" /></mjloggm>