<mjloggm ver="2.3"><GO type="225" lobby="0"/><UN n0="%E7%9A%AE%E3%80%85" n1="%E3%83%81%E3%83%83%E3%82%BF%E3%82%BD%E3%83%BC" n2="%E6%9D%B1%E9%A2%A8%E3%81%AE%E3%81%8D%E3%82%83%E3%81%B7%E3%81%95%E3%82%93" n3="%E3%83%96%E3%83%83%E3%83%91%E3%82%AA%E3%83%96%E3%83%81%E3%82%AD%E3%83%B3" dan="16,16,16,17" rate="2155.72,2209.60,2200.45,2226.37" sx="M,F,M,M"/><TAIKYOKU oya="0"/><INIT seed="0,0,0,3,4,123" ten="250,250,250,250" oya="0" hai0="17,21,81,80,54,14,114,119,12,30,131,99,8" hai1="70,24,38,130,129,116,25,36,74,51,39,34,69" hai2="22,68,55,87,109,45,111,100,78,115,105,132,5" hai3="19,95,32,122,11,73,110,50,40,88,59,104,101"/><T43/><D114/><U103/><E74/><V47/><F115/><W0/><G122/><T44/><D119/><U83/><E116/><V61/><F132/><W52/><G32/><T33/><D131/><N who="1" m="50187" /><E83/><N who="2" m="47607" /><F5/><W58/><G73/><T126/><D126/><U102/><E51/><V124/><F124/><W127/><G127/><T120/><D120/><U84/><E84/><V41/><F22/><W97/><G40/><T94/><D33/><U108/><E108/><N who="2" m="41547" /><F41/><W23/><G110/><T112/><D112/><U1/><E1/><V62/><F68/><N who="1" m="26217" /><E34/><V86/><F86/><W72/><G72/><T26/><D43/><U16/><E16/><V92/><F105/><W75/><G75/><T134/><D134/><U65/><E65/><V85/><F100/><AGARI ba="0,0" hai="24,25,36,38,39,100,102,103" m="26217,50187" machi="100" ten="40,5200,0" yaku="28,2,19,1" doraHai="123" who="1" fromWho="2" sc="250,0,250,52,250,-52,250,0" /><INIT seed="1,0,0,0,5,36" ten="250,302,198,250" oya="1" hai0="95,10,48,26,113,53,108,90,7,47,79,128,14" hai1="80,0,91,129,68,116,61,78,56,100,93,110,27" hai2="127,16,69,5,72,28,81,63,21,24,46,15,13" hai3="49,45,77,103,9,111,8,54,37,6,55,94,51"/><U4/><E116/><V75/><F127/><W119/><G111/><T133/><D113/><U130/><E68/><V131/><F131/><N who="1" m="50185" /><E100/><V30/><F46/><W41/><G119/><T58/><D128/><U112/><E112/><V82/><F69/><W20/><G77/><T73/><D108/><U35/><E110/><V32/><F63/><W125/><G125/><T120/><D120/><U85/><E4/><V23/><F5/><W106/><G106/><T104/><D104/><U52/><E0/><V96/><F96/><N who="3" m="59799" /><G37/><T124/><D124/><U97/><E27/><V39/><F39/><W22/><G55/><T74/><D133/><U59/><E59/><V87/><F81/><W57/><G6/><T132/><D132/><U117/><E117/><V44/><F44/><W38/><G38/><T115/><D115/><U134/><E134/><V105/><F105/><W135/><G135/><T50/><D79/><U11/><E11/><AGARI ba="0,0" hai="8,9,11,20,22,41,45,49,51,54,57" m="59799" machi="11" ten="30,2000,0" yaku="8,1,52,1" doraHai="36" who="3" fromWho="1" sc="250,0,302,-20,198,0,250,20" /><INIT seed="2,0,0,1,2,21" ten="250,282,198,270" oya="2" hai0="132,114,110,116,97,26,45,115,103,117,0,16,63" hai1="18,76,80,11,75,38,53,90,42,17,39,62,15" hai2="112,7,1,9,52,14,101,66,100,4,55,57,102" hai3="67,78,51,25,28,87,6,124,93,58,68,107,30"/><V64/><F112/><W119/><G107/><T94/><D0/><U83/><E42/><V27/><F1/><W74/><G119/><N who="0" m="45643" /><D110/><U13/><E83/><V5/><F27/><W135/><G135/><T129/><D132/><U56/><REACH who="1" step="1"/><E90/><REACH who="1" ten="250,272,198,270" step="2"/><V127/><F127/><W22/><G124/><T134/><D134/><U59/><E59/><V24/><F24/><W121/><G58/><T113/><D129/><U123/><E123/><V71/><F71/><W34/><G25/><T61/><D45/><U82/><E82/><V69/><F69/><W10/><G68/><T131/><D131/><U106/><E106/><V81/><F81/><W96/><G121/><T109/><D109/><U29/><E29/><V43/><F43/><W33/><G30/><T40/><D40/><U50/><E50/><N who="2" m="30871" /><F55/><W95/><G51/><T120/><D120/><U133/><E133/><V70/><F70/><W125/><G28/><T79/><D79/><U65/><E65/><AGARI ba="0,1" hai="4,5,7,9,14,64,65,66,100,101,102" m="30871" machi="65" ten="30,2900,0" yaku="8,1,54,1" doraHai="21" who="2" fromWho="1" sc="250,0,272,-29,198,39,270,0" /><INIT seed="2,1,0,2,1,15" ten="250,243,237,270" oya="2" hai0="48,94,55,53,58,131,99,80,132,25,88,96,28" hai1="79,108,89,41,0,9,114,134,30,24,39,45,2" hai2="110,36,87,13,127,119,120,85,92,60,86,1,22" hai3="18,57,133,5,123,23,100,62,29,113,112,67,34"/><V16/><F119/><W27/><G123/><T125/><D132/><U106/><E114/><V4/><F120/><W95/><G133/><T31/><D131/><U14/><E134/><V126/><F36/><W59/><G5/><T117/><D117/><U82/><E106/><V64/><F110/><W116/><G116/><T128/><D128/><U6/><E108/><V35/><F35/><W91/><G100/><T33/><D125/><N who="2" m="47626" /><F4/><W11/><G11/><T68/><D68/><U109/><E89/><N who="2" m="53295" /><F1/><W54/><G34/><T7/><D7/><U135/><E135/><V40/><F40/><W97/><REACH who="3" step="1"/><G29/><REACH who="3" ten="250,243,237,260" step="2"/><T51/><D31/><U105/><E109/><V46/><F46/><W124/><G124/><T75/><D75/><U61/><E0/><V83/><F83/><W72/><G72/><T66/><D80/><U10/><E2/><V111/><F111/><W21/><G21/><T102/><D66/><U50/><E6/><V71/><AGARI ba="1,1" hai="13,16,22,60,64,71,86,87" m="53295,47626" machi="71" ten="30,6000,0" yaku="18,1,52,1,54,1" doraHai="15" who="2" fromWho="2" sc="250,-21,243,-21,237,73,260,-21" /><INIT seed="2,2,0,1,0,115" ten="229,222,310,239" oya="2" hai0="35,65,56,58,44,8,30,83,5,97,121,43,10" hai1="36,114,64,12,89,42,134,54,99,79,38,96,61" hai2="124,3,1,9,106,118,19,126,94,59,57,117,67" hai3="17,18,119,108,110,130,45,78,20,41,60,80,11"/><V29/><F106/><W122/><G122/><T26/><D121/><U63/><E134/><V14/><F29/><W69/><G130/><T91/><D65/><U39/><E114/><V6/><F94/><W7/><G69/><T22/><D35/><U116/><E79/><V70/><F70/><W93/><G60/><T76/><D10/><U81/><E42/><V48/><F67/><W100/><G100/><T125/><D125/><N who="2" m="48234" /><F1/><N who="3" m="495" /><G93/><T73/><D91/><U132/><E132/><V131/><F131/><W33/><G33/><T74/><D74/><U102/><E102/><V105/><F105/><W4/><G4/><T85/><D97/><U88/><E12/><V86/><F86/><N who="3" m="48407" /><G20/><T135/><D135/><U113/><E113/><V49/><F49/><N who="3" m="26799" /><G119/><N who="2" m="45577" /><F48/><W101/><G101/><T16/><D30/><U133/><E116/><V66/><F66/><W68/><G68/><T23/><D23/><AGARI ba="2,0" hai="3,6,9,14,19,23,57,59" m="45577,48234" machi="23" ten="30,11600,0" yaku="18,1,52,3" doraHai="115" who="2" fromWho="0" sc="229,-122,222,0,310,122,239,0" /><INIT seed="2,3,0,2,2,88" ten="107,222,432,239" oya="2" hai0="65,55,68,25,134,49,9,71,124,14,58,48,10" hai1="12,59,28,18,43,111,117,45,87,76,83,53,30" hai2="96,47,103,0,72,56,62,109,105,86,118,89,39" hai3="85,129,22,125,37,40,67,17,107,123,20,122,127"/><V52/><F118/><W104/><G67/><T41/><D134/><U126/><E111/><V112/><F109/><W120/><G129/><T115/><D115/><U101/><E126/><N who="3" m="48138" /><G85/><T44/><D124/><U97/><E117/><V38/><F112/><W29/><G29/><T6/><D65/><U61/><E18/><V78/><F0/><W119/><G119/><T92/><D25/><U94/><REACH who="1" step="1"/><E12/><REACH who="1" ten="107,212,432,239" step="2"/><V84/><F47/><N who="3" m="23951" /><G17/><T60/><D60/><U64/><E64/><V93/><F84/><W77/><G77/><T100/><REACH who="0" step="1"/><D10/><REACH who="0" ten="97,212,432,239" step="2"/><U16/><E16/><V4/><REACH who="2" step="1"/><F4/><REACH who="2" ten="97,212,422,239" step="2"/><W133/><G133/><T80/><D80/><AGARI ba="3,3" hai="38,39,52,56,62,72,78,80,86,89,93,96,103,105" machi="80" ten="40,18000,2" yaku="1,1,2,1,24,2,52,1,54,1,53,0" doraHai="88" doraHaiUra="132" who="2" fromWho="0" sc="97,-189,212,0,422,219,239,0" owari="-92,-59.2,212,-18.8,641,74.1,239,3.9" /></mjloggm>