<mjloggm ver="2.3"><GO type="225" lobby="0"/><UN n0="%E6%A0%B9%E5%85%83%E3%81%8B%E3%82%89%E5%90%B9%E3%81%A3%E9%A3%9B%E3%81%B6" n1="%E6%B8%A9%E2%98%85%E6%83%85%E2%98%85%E6%8E%AA%E2%98%85%E7%BD%AE" n2="%E6%A1%9C%E8%8A%B1%E9%96%83%E3%80%85" n3="%E3%80%93%E3%81%97%E3%83%BC%E3%82%89%E3%80%93" dan="16,17,16,16" rate="2113.48,2230.45,2108.52,2203.57" sx="F,M,M,M"/><TAIKYOKU oya="0"/><INIT seed="0,0,0,2,0,77" ten="250,250,250,250" oya="0" hai0="120,33,123,110,127,28,81,58,53,75,103,35,49" hai1="73,69,54,36,65,46,21,128,3,25,6,105,48" hai2="55,43,18,132,15,13,62,12,32,96,125,92,57" hai3="104,87,116,119,9,0,5,115,39,98,30,101,1"/><T56/><D110/><U64/><E105/><V99/><F125/><W72/><G39/><T59/><D127/><U129/><E73/><V86/><F132/><W17/><G72/><T47/><D103/><U107/><E107/><V126/><F126/><W66/><G115/><T7/><D7/><U19/><E36/><V117/><F117/><W24/><G0/><T90/><D90/><U83/><E83/><V108/><F108/><W89/><G17/><T135/><D135/><U23/><E23/><V121/><F32/><W60/><G89/><T85/><D85/><U51/><E51/><V45/><F121/><W14/><G87/><T37/><D37/><U42/><E42/><V61/><F61/><W106/><G14/><T122/><REACH who="0" step="1"/><D28/><REACH who="0" ten="240,250,250,250" step="2"/><U94/><E6/><V130/><F18/><W2/><G106/><T16/><D16/><U131/><E3/><V38/><F86/><W114/><G1/><T52/><D52/><U50/><E94/><V102/><F96/><W71/><REACH who="3" step="1"/><G114/><REACH who="3" ten="240,250,250,240" step="2"/><T26/><D26/><U97/><E25/><V124/><F124/><W100/><G100/><T93/><D93/><U76/><E131/><V88/><F130/><W11/><G11/><T134/><D134/><U109/><E129/><V95/><F88/><W40/><G40/><T10/><D10/><U63/><E128/><V82/><F92/><W67/><G67/><T70/><D70/><U80/><E65/><V22/><F12/><W111/><G111/><T4/><D4/><U79/><E109/><V41/><F13/><W84/><G84/><T68/><D68/><U113/><E69/><RYUUKYOKU ba="0,2" sc="240,15,250,-15,250,-15,240,15" hai0="33,35,47,49,53,56,58,59,75,81,120,122,123" hai3="2,5,9,24,30,60,66,71,98,101,104,116,119" /><INIT seed="0,1,2,5,3,75" ten="255,235,235,255" oya="0" hai0="76,54,22,79,24,122,60,135,1,83,134,107,66" hai1="109,96,118,47,38,16,131,103,49,81,100,130,108" hai2="44,120,115,14,132,36,129,15,94,4,67,25,125" hai3="62,73,69,51,8,17,98,84,52,101,5,57,116"/><T46/><D122/><U90/><E38/><V30/><F120/><W23/><G73/><T121/><D107/><U6/><E6/><V18/><F115/><W21/><G116/><T87/><D1/><U72/><E118/><V70/><F125/><W12/><G84/><T39/><D121/><U13/><E90/><V68/><F129/><N who="1" m="49161" /><E81/><V7/><F132/><N who="0" m="50730" /><D54/><N who="1" m="30015" /><E72/><V99/><F7/><W9/><G69/><N who="0" m="42183" /><D46/><U86/><E86/><V27/><F44/><W110/><G110/><N who="1" m="42602" /><E96/><V106/><F99/><W128/><G62/><T123/><D39/><U33/><E33/><V105/><F36/><W111/><G111/><T3/><D3/><U88/><E88/><V56/><F4/><W58/><G128/><T95/><D123/><U65/><E65/><V77/><F67/><W41/><G101/><T59/><D95/><U127/><E127/><V104/><F94/><W61/><G98/><T32/><D32/><U10/><AGARI ba="1,2" hai="10,13,16,100,103" m="42602,30015,49161" machi="10" ten="30,4000,0" yaku="19,1,14,1,54,1" doraHai="75" who="1" fromWho="1" sc="255,-21,235,63,235,-11,255,-11" /><INIT seed="1,0,0,3,2,91" ten="234,298,224,244" oya="1" hai0="110,59,67,126,112,3,44,68,105,93,89,25,120" hai1="30,107,28,64,101,128,73,69,102,94,84,125,62" hai2="10,79,65,96,38,131,81,85,23,133,2,82,66" hai3="19,88,53,6,108,4,31,14,72,45,40,51,99"/><U42/><E128/><V114/><F131/><W47/><G72/><T104/><D112/><U76/><E125/><V39/><F114/><W127/><G31/><T95/><D68/><U12/><E42/><V123/><F123/><W121/><G108/><T54/><D3/><U77/><E73/><V34/><F34/><W49/><G127/><T33/><D126/><U122/><E122/><V135/><F23/><W13/><G121/><T37/><D120/><U132/><E132/><N who="2" m="50763" /><F96/><W58/><G14/><T16/><D110/><U8/><E107/><V57/><F82/><W43/><G88/><T20/><D33/><U113/><E113/><V130/><F57/><W26/><G99/><T41/><D67/><N who="2" m="25610" /><F130/><W74/><G74/><T134/><D134/><U63/><E64/><V29/><F29/><N who="1" m="11369" /><E69/><V92/><F92/><W60/><REACH who="3" step="1"/><G26/><REACH who="3" ten="234,298,224,234" step="2"/><T35/><D35/><U119/><E102/><V56/><F2/><W32/><G32/><T11/><D89/><N who="1" m="53543" /><E101/><V129/><F129/><W52/><G52/><T50/><REACH who="0" step="1"/><D11/><AGARI ba="0,1" hai="4,6,11,13,19,40,43,45,47,49,51,53,58,60" machi="11" ten="30,7700,0" yaku="1,1,7,1,9,1,8,1,53,0" doraHai="91" doraHaiUra="17" who="3" fromWho="0" sc="234,-77,298,0,224,0,234,87" /><INIT seed="2,0,0,4,5,60" ten="157,298,224,321" oya="2" hai0="19,0,28,53,88,68,56,1,111,76,27,121,36" hai1="81,117,130,105,128,50,127,115,47,106,58,83,86" hai2="132,119,92,55,44,131,75,2,24,94,100,61,72" hai3="26,95,51,3,29,35,77,39,64,102,112,104,98"/><V116/><F2/><W25/><G39/><T66/><D121/><U46/><E58/><V97/><F131/><N who="1" m="50217" /><E47/><V38/><F132/><W57/><G3/><T45/><D76/><N who="1" m="46375" /><E115/><V10/><F10/><W107/><G112/><T108/><D19/><U74/><E117/><V31/><F94/><W87/><G26/><T103/><D88/><U37/><E37/><V48/><F38/><W15/><G15/><T11/><D103/><U126/><E50/><V20/><REACH who="2" step="1"/><F61/><REACH who="2" ten="157,298,214,321" step="2"/><N who="3" m="37935" /><G51/><T78/><D11/><U91/><E106/><V42/><F42/><W79/><G107/><T133/><D0/><U6/><E105/><V16/><F16/><W41/><G41/><N who="0" m="22695" /><D1/><U52/><E6/><V8/><F8/><W49/><G49/><N who="0" m="30767" /><D133/><U84/><E127/><V89/><F89/><W109/><G104/><T18/><D18/><U114/><E126/><V93/><F93/><W113/><G95/><T122/><D122/><U129/><E129/><V118/><AGARI ba="0,1" hai="20,24,31,44,48,55,72,75,92,97,100,116,118,119" machi="118" ten="30,3000,0" yaku="1,1,0,1,53,0" doraHai="60" doraHaiUra="14" who="2" fromWho="2" sc="157,-10,298,-10,214,40,321,-10" /><INIT seed="2,1,0,5,5,98" ten="147,288,254,311" oya="2" hai0="9,90,51,56,75,73,115,93,80,2,61,84,78" hai1="79,132,34,44,91,52,83,104,39,30,116,40,108" hai2="130,71,103,55,32,50,58,111,19,110,122,14,8" hai3="31,38,87,17,92,53,126,36,72,124,35,22,129"/><V82/><F122/><W26/><G72/><T45/><D115/><U28/><E116/><V77/><F32/><W102/><G129/><T125/><D125/><N who="3" m="48233" /><G53/><T54/><D2/><U119/><E119/><V112/><F112/><W100/><G87/><T25/><D25/><U94/><E108/><N who="2" m="41515" /><F71/><W15/><G92/><T49/><D9/><U113/><E104/><V107/><F130/><W74/><G74/><T127/><D127/><U47/><E34/><V106/><F103/><AGARI ba="1,0" hai="15,17,22,26,31,35,36,38,100,102,103" m="48233" machi="103" ten="30,7700,0" yaku="18,1,52,3" doraHai="98" who="3" fromWho="2" sc="147,0,288,0,254,-80,311,80" /><INIT seed="3,0,0,3,4,62" ten="147,288,174,391" oya="3" hai0="116,3,105,20,5,124,74,86,67,53,11,125,8" hai1="68,47,95,17,44,110,129,4,77,27,90,49,38" hai2="75,101,54,100,120,26,2,36,82,104,43,94,98" hai3="97,37,41,46,122,119,10,61,71,121,128,85,106"/><W72/><G85/><T111/><D74/><U6/><E110/><V29/><F2/><W58/><G72/><T40/><D86/><U66/><E129/><V30/><F120/><W102/><G119/><T132/><D40/><U16/><E77/><V115/><F115/><W117/><G117/><T134/><D116/><U96/><E38/><V1/><F1/><W31/><G128/><T65/><D105/><U35/><E35/><V84/><F75/><W103/><G102/><T24/><D11/><U93/><E27/><V76/><F54/><W64/><G10/><T25/><D111/><U118/><E118/><V0/><F0/><W14/><G14/><T131/><D53/><U9/><E9/><V87/><F101/><W79/><G79/><T32/><D32/><U33/><E33/><V45/><F26/><N who="0" m="10346" /><D20/><U15/><E15/><V34/><F34/><W108/><G31/><T57/><D131/><U52/><E47/><V60/><F60/><W126/><G108/><T130/><D130/><U133/><E133/><N who="0" m="51305" /><D57/><U18/><REACH who="1" step="1"/><E95/><REACH who="1" ten="147,278,174,391" step="2"/><V19/><F94/><N who="3" m="58807" /><G46/><T50/><D50/><U55/><E55/><V13/><F87/><W83/><G37/><T135/><N who="0" m="51313" /><T88/><DORA hai="89" /><D88/><U22/><E22/><AGARI ba="0,1" hai="13,19,22,29,30,36,43,45,76,82,84,98,100,104" machi="22" ten="30,1000,0" yaku="7,1" doraHai="62,89" who="2" fromWho="1" sc="147,0,278,-10,174,20,391,0" owari="147,-35.3,268,6.8,194,-20.6,391,49.1" /></mjloggm>