<mjloggm ver="2.3"><GO type="225" lobby="0"/><UN n0="%4C%4F%4C%49%54%41" n1="%E8%81%B7%E6%A5%AD%E3%80%81%E9%A2%A8%32" n2="%E3%81%AF%E3%82%88%E3%81%8A%E3%81%98%E3%81%95%E3%82%93" n3="%E4%BF%BA%E3%81%A8%E5%A6%96%E5%A4%A2" dan="16,16,16,16" rate="2096.98,2154.01,2208.86,2143.75" sx="F,M,M,F"/><TAIKYOKU oya="0"/><INIT seed="0,0,0,1,5,110" ten="250,250,250,250" oya="0" hai0="128,85,47,92,87,59,17,74,27,94,108,60,24" hai1="111,93,20,19,6,40,53,22,28,48,45,15,10" hai2="31,69,32,127,125,131,123,12,91,120,52,29,83" hai3="64,5,70,4,36,9,1,34,75,101,88,73,25"/><T0/><D74/><U76/><E111/><V122/><F69/><W30/><G36/><T43/><D108/><U135/><E135/><V107/><F107/><W13/><G101/><T109/><D0/><U49/><E76/><V61/><F131/><W115/><G115/><T66/><D128/><U62/><E62/><V133/><F133/><W97/><G4/><T132/><D132/><U102/><E28/><V33/><F12/><W39/><G39/><T82/><D87/><U104/><E104/><V86/><F29/><W42/><G42/><T38/><D109/><U105/><E105/><V112/><F112/><W118/><G118/><T18/><D27/><U50/><E53/><V130/><F130/><W11/><G64/><T95/><REACH who="0" step="1"/><D24/><REACH who="0" ten="240,250,250,250" step="2"/><N who="1" m="14367" /><E22/><V2/><F2/><W78/><G75/><T14/><D14/><U8/><E8/><V81/><F31/><W106/><G30/><T117/><D117/><U65/><E65/><V77/><F32/><W80/><G34/><T3/><D3/><U68/><E68/><V44/><F33/><W121/><G70/><T129/><D129/><U84/><E84/><V79/><F86/><W35/><G35/><T98/><D98/><AGARI ba="0,1" hai="6,10,15,40,45,48,49,50,93,98,102" m="14367" machi="98" ten="30,1000,0" yaku="8,1" doraHai="110" who="1" fromWho="0" sc="240,-10,250,20,250,0,250,0" /><INIT seed="1,0,0,1,0,61" ten="230,270,250,250" oya="1" hai0="59,18,79,109,28,55,115,86,101,66,76,71,8" hai1="38,32,20,123,13,121,3,15,63,116,48,56,30" hai2="80,108,26,9,110,106,0,87,72,69,24,41,88" hai3="82,103,53,33,96,128,122,52,12,62,81,89,10"/><U133/><E116/><V27/><F69/><W35/><G122/><T132/><D115/><U98/><E38/><V42/><F106/><W57/><G128/><T113/><D113/><U129/><E3/><V37/><F72/><W2/><G2/><T54/><D109/><N who="2" m="42090" /><F37/><W93/><G53/><N who="0" m="19979" /><D71/><U5/><E48/><V40/><F0/><W68/><G68/><T131/><D132/><U125/><E133/><V92/><F9/><W134/><G134/><T124/><D124/><U14/><E129/><V49/><F80/><W16/><REACH who="3" step="1"/><G103/><REACH who="3" ten="230,270,250,240" step="2"/><T99/><D101/><U120/><E123/><V95/><F42/><W114/><G114/><T117/><D131/><U64/><E120/><V51/><F41/><W111/><G111/><T7/><D117/><U36/><E121/><V100/><F40/><W11/><G11/><T31/><D8/><U43/><E43/><V135/><F135/><W1/><G1/><T75/><D66/><U74/><E64/><V105/><F105/><W73/><G73/><T83/><D75/><U118/><E74/><V22/><F22/><W107/><G107/><T91/><D59/><U85/><E56/><V94/><F100/><W84/><G84/><T130/><D130/><U21/><E85/><V119/><F119/><W102/><G102/><T25/><D86/><U58/><E118/><V6/><BYE who="3" /><F6/><W60/><G60/><T65/><D31/><U97/><E30/><V23/><F23/><W104/><G104/><T50/><D28/><UN n3="%E4%BF%BA%E3%81%A8%E5%A6%96%E5%A4%A2" /><U44/><E20/><V34/><F34/><AGARI ba="0,1" hai="10,12,16,33,34,35,52,57,62,81,82,89,93,96" machi="34" ten="40,8000,1" yaku="1,1,54,2,53,1" doraHai="61" doraHaiUra="90" who="3" fromWho="2" sc="230,0,270,0,250,-80,240,90" /><INIT seed="2,0,0,2,0,126" ten="230,270,170,330" oya="2" hai0="21,5,95,33,79,125,39,107,92,9,26,41,16" hai1="133,102,32,116,110,75,40,43,30,112,70,51,124" hai2="69,37,35,29,54,4,85,71,109,96,0,14,88" hai3="34,131,13,114,86,132,80,73,84,118,22,76,72"/><V97/><F0/><W18/><G118/><T19/><D107/><U101/><E110/><V25/><F37/><W50/><G34/><T58/><D125/><U134/><E70/><V77/><F109/><W52/><G132/><N who="1" m="50794" /><E124/><V60/><F77/><W8/><G114/><T61/><D33/><U46/><E112/><V111/><F111/><W121/><G121/><T28/><D79/><U10/><E116/><V100/><F54/><W91/><G8/><T87/><D41/><N who="1" m="15947" /><E75/><V57/><F57/><W20/><G20/><T36/><D36/><U7/><E30/><V65/><F71/><W120/><G120/><T12/><D39/><U113/><E32/><V105/><F97/><W123/><G123/><T44/><D44/><U23/><E23/><V24/><F24/><W59/><G131/><T108/><D108/><U3/><E113/><V48/><F48/><W89/><G76/><T94/><REACH who="0" step="1"/><D87/><REACH who="0" ten="220,270,170,330" step="2"/><U45/><E45/><V56/><F56/><W128/><G128/><T81/><D81/><AGARI ba="0,1" hai="13,18,22,50,52,59,72,73,80,81,84,86,89,91" machi="81" ten="30,3900,0" yaku="7,1,9,1,54,1" doraHai="126" who="3" fromWho="0" sc="220,-39,270,0,170,0,330,49" /><INIT seed="3,0,0,0,5,13" ten="181,270,170,379" oya="3" hai0="89,32,124,87,57,103,49,112,25,58,128,102,81" hai1="73,61,113,75,123,79,60,36,110,91,19,14,118" hai2="116,6,45,4,84,115,93,27,119,28,37,35,114" hai3="127,72,74,130,0,26,51,120,23,121,2,42,30"/><W22/><G42/><T52/><D124/><U95/><E110/><V82/><F93/><W131/><G51/><T70/><D70/><U126/><E113/><N who="2" m="43019" /><F84/><W86/><G86/><T59/><D112/><U69/><E123/><N who="3" m="47178" /><G127/><T104/><D128/><N who="3" m="49193" /><G22/><T41/><D41/><U11/><E36/><V39/><F82/><W85/><G85/><T53/><D104/><U21/><E79/><V62/><F62/><W33/><G33/><T34/><D34/><U5/><E118/><N who="2" m="45099" /><F45/><W132/><G132/><T44/><REACH who="0" step="1"/><D53/><REACH who="0" ten="171,270,170,379" step="2"/><U105/><E126/><V125/><F125/><W7/><G7/><N who="2" m="2601" /><F39/><W1/><AGARI ba="0,1" hai="0,1,2,23,26,30,72,74" m="49193,47178" machi="1" ten="40,2100,0" yaku="19,1" doraHai="13" who="3" fromWho="3" sc="171,-7,270,-7,170,-7,379,31" owari="164,-23.6,263,6.3,163,-33.7,410,51.0" /></mjloggm>