<mjloggm ver="2.3"><GO type="225" lobby="0"/><UN n0="%E6%9D%B1%E9%A2%A8%E3%81%AE%E3%81%8D%E3%82%83%E3%81%B7%E3%81%95%E3%82%93" n1="%E6%98%93%E5%88%A9%E8%96%A9%E4%BC%AF" n2="%E3%81%A4%E3%81%A3%E3%81%B1%E3%82%8A%E3%83%9D%E3%83%BC%E3%83%AB" n3="%E6%A1%9C%E8%8A%B1%E9%96%83%E3%80%85" dan="16,16,17,17" rate="2111.52,2099.49,2269.56,2194.88" sx="M,F,M,M"/><TAIKYOKU oya="0"/><INIT seed="0,0,0,1,5,105" ten="250,250,250,250" oya="0" hai0="104,125,119,129,6,55,92,42,21,10,41,124,101" hai1="0,61,51,71,31,45,72,96,73,77,82,48,89" hai2="64,65,53,3,97,95,44,30,68,37,114,111,46" hai3="34,107,84,93,2,87,43,99,63,22,90,112,40"/><T69/><D69/><U103/><E0/><V132/><F114/><W79/><G34/><T113/><D104/><U50/><E31/><V135/><F3/><W88/><G2/><T47/><D21/><U120/><E120/><V98/><F30/><W66/><G112/><T54/><D113/><U85/><E45/><V130/><F111/><W27/><G79/><T33/><D33/><U17/><E77/><V19/><F19/><W28/><G107/><T7/><D119/><U39/><E39/><V13/><F13/><W115/><G99/><N who="0" m="59623" /><D129/><U118/><E118/><V32/><F32/><W127/><G127/><N who="0" m="48715" /><D41/><U15/><E61/><V4/><F68/><W100/><G100/><T86/><D86/><U108/><E71/><V56/><F130/><W12/><G12/><N who="0" m="5207" /><D7/><U67/><E108/><V78/><F4/><W75/><G115/><T94/><D94/><U126/><E126/><V60/><F97/><W102/><G102/><T52/><D54/><U49/><N who="1" m="12288" /><DORA hai="76" /><U8/><REACH who="1" step="1"/><E67/><REACH who="1" ten="250,240,250,250" step="2"/><V131/><F65/><W18/><G28/><T134/><D134/><U91/><E91/><N who="2" m="55679" /><F64/><W128/><G128/><T109/><D109/><U23/><E23/><V117/><F131/><W83/><G43/><T38/><AGARI ba="0,1" hai="38,42,47,52,55" m="5207,48715,59623" machi="38" ten="30,3000,0" yaku="18,1,54,1" doraHai="105,76" who="0" fromWho="0" sc="250,40,240,-10,250,-10,250,-10" /><INIT seed="0,1,0,0,3,14" ten="290,230,240,240" oya="0" hai0="103,92,3,121,68,90,77,42,80,34,4,106,57" hai1="107,74,83,118,84,6,11,129,60,62,82,43,132" hai2="133,55,58,13,61,124,125,65,102,53,112,7,128" hai3="28,45,48,51,89,71,131,99,94,39,66,22,64"/><T67/><D121/><U104/><E118/><V29/><F112/><W47/><G131/><T30/><D42/><U79/><E132/><V134/><F102/><W31/><G39/><T38/><D57/><U69/><E129/><V96/><F96/><W81/><G81/><T108/><D38/><U25/><E43/><V19/><F29/><N who="3" m="11339" /><G22/><T9/><D108/><U119/><E25/><V76/><F76/><W86/><G86/><T95/><D106/><U52/><E119/><V41/><F7/><W117/><G71/><T70/><D103/><U12/><E69/><V16/><F128/><W98/><G98/><T15/><D3/><U85/><E74/><V105/><F105/><W115/><G115/><T50/><D50/><N who="3" m="18985" /><G117/><T56/><D56/><U44/><E44/><AGARI ba="1,0" hai="44,45,47,64,66,89,94,99" m="18985,11339" machi="44" ten="30,1000,0" yaku="8,1" doraHai="14" who="3" fromWho="1" sc="290,0,230,-13,240,0,240,13" /><INIT seed="1,0,0,3,2,42" ten="290,217,240,253" oya="1" hai0="49,6,68,45,128,85,37,67,14,0,95,43,15" hai1="28,57,19,78,5,86,2,113,38,33,58,118,99" hai2="52,132,90,77,80,131,133,122,104,16,56,10,89" hai3="109,48,117,96,87,24,66,114,100,29,62,30,1"/><U50/><E113/><V116/><F116/><W34/><G114/><T20/><D128/><U8/><E38/><V17/><F104/><W22/><G117/><T40/><D0/><U13/><E118/><V54/><F131/><W129/><G129/><T115/><D115/><U11/><E99/><V75/><F122/><W55/><G109/><T31/><D68/><U112/><E112/><V76/><F10/><W105/><G1/><T124/><D124/><U92/><E78/><V64/><F64/><W79/><G87/><T63/><D6/><U27/><REACH who="1" step="1"/><E50/><REACH who="1" ten="290,207,240,253" step="2"/><N who="2" m="30743" /><F77/><W83/><G79/><T134/><D37/><U121/><E121/><V3/><F90/><AGARI ba="0,1" hai="2,5,8,11,13,19,27,28,33,57,58,86,90,92" machi="90" ten="40,3900,0" yaku="1,1,53,1" doraHai="42" doraHaiUra="82" who="1" fromWho="2" sc="290,0,207,49,240,-39,253,0" /><INIT seed="1,1,0,2,5,130" ten="290,256,201,253" oya="1" hai0="98,119,103,79,116,105,104,80,29,129,14,94,60" hai1="10,89,86,62,87,24,4,91,22,68,6,25,118" hai2="23,127,11,5,99,135,100,132,133,101,59,111,85" hai3="9,120,47,115,81,3,88,36,82,126,45,66,75"/><U16/><E118/><V109/><F127/><W56/><G115/><T40/><D40/><U64/><E25/><V90/><F23/><W123/><G126/><T107/><D29/><U122/><E122/><V106/><F59/><W70/><G70/><T128/><D60/><U73/><E73/><V28/><F28/><W27/><G27/><T57/><D57/><U67/><E67/><V15/><REACH who="2" step="1"/><F101/><REACH who="2" ten="290,256,191,253" step="2"/><W84/><G56/><T30/><D30/><U76/><E76/><V2/><F2/><W114/><G3/><T39/><D14/><U41/><E41/><V52/><F52/><W69/><G120/><T31/><D31/><U121/><E121/><V113/><F113/><W46/><G123/><T17/><D17/><U33/><E33/><V124/><F124/><W102/><G102/><T49/><D39/><U43/><E43/><V44/><F44/><W65/><G36/><T51/><D51/><U108/><E6/><V35/><F35/><W20/><G114/><T53/><D53/><U93/><E108/><V8/><F8/><W0/><G20/><T125/><D49/><U74/><E10/><V112/><F112/><W32/><G32/><T38/><D38/><U58/><E4/><V96/><F96/><W19/><G0/><T12/><D12/><U72/><REACH who="1" step="1"/><E58/><REACH who="1" ten="290,246,191,253" step="2"/><V48/><F48/><W71/><G9/><T61/><D125/><U95/><AGARI ba="1,2" hai="16,22,24,62,64,68,72,74,86,87,89,91,93,95" machi="95" ten="20,18000,2" yaku="1,1,2,1,0,1,7,1,9,1,54,1,53,0" doraHai="130" doraHaiUra="110" who="1" fromWho="1" sc="290,-61,246,203,191,-61,253,-61" /><INIT seed="1,2,0,1,2,115" ten="229,449,130,192" oya="1" hai0="99,34,91,104,102,81,132,78,1,114,86,101,63" hai1="95,55,108,72,85,7,117,21,110,77,51,128,74" hai2="107,9,96,70,57,100,47,43,41,8,103,4,126" hai3="112,27,135,88,116,66,45,130,17,0,18,118,124"/><U48/><E128/><V71/><F126/><W44/><G112/><T15/><D1/><U33/><E33/><V83/><F57/><W105/><G124/><T20/><D114/><U122/><E122/><V32/><F32/><W68/><G130/><T10/><D34/><U69/><E69/><V62/><F62/><N who="3" m="40023" /><G105/><T120/><D132/><U90/><E7/><V131/><F131/><W19/><G0/><T58/><D120/><U121/><E121/><V67/><F67/><W39/><G135/><T125/><D20/><U65/><E65/><V26/><F26/><W129/><G129/><T49/><D49/><U60/><E60/><V50/><F100/><W38/><G88/><T97/><D125/><U123/><E123/><V109/><F109/><W82/><G82/><T29/><D29/><U23/><E90/><V59/><F43/><W6/><G6/><N who="0" m="3543" /><D104/><U106/><E106/><V134/><F134/><W42/><G27/><T61/><D61/><U12/><E95/><V2/><F59/><W75/><G75/><T14/><D14/><U56/><E74/><V46/><F46/><N who="3" m="18027" /><G42/><T87/><D102/><U89/><E72/><V84/><REACH who="2" step="1"/><F9/><REACH who="2" ten="229,449,120,192" step="2"/><W31/><G31/><T25/><D101/><U3/><E108/><V52/><F52/><W5/><G5/><T11/><D11/><U22/><E55/><V80/><F80/><W54/><G54/><N who="0" m="34263" /><D25/><U93/><E110/><V64/><F64/><W94/><G94/><AGARI ba="2,1" hai="78,81,86,87,91,94,97,99" m="34263,3543" machi="94" ten="30,1000,0" yaku="8,1" doraHai="115" who="0" fromWho="3" sc="229,26,449,0,120,0,192,-16" /><INIT seed="2,0,0,3,0,46" ten="255,449,120,176" oya="2" hai0="103,93,37,24,97,54,41,124,47,22,114,6,86" hai1="131,84,9,80,99,71,50,30,117,101,107,132,68" hai2="130,121,82,17,65,43,61,122,10,63,115,70,13" hai3="74,19,36,100,133,35,8,56,14,125,23,11,32"/><V66/><F115/><W60/><G36/><T109/><D109/><U104/><E117/><V1/><F130/><W73/><G125/><T29/><D124/><U102/><E131/><V55/><F43/><W134/><G100/><T77/><D114/><U48/><E30/><V135/><F135/><N who="3" m="51723" /><G8/><T95/><D6/><U44/><E132/><V81/><F1/><W88/><G23/><T49/><D77/><U78/><E9/><V7/><F7/><W21/><G21/><T5/><D5/><U108/><E108/><V64/><F55/><N who="3" m="33823" /><G88/><T83/><D83/><U16/><E16/><V129/><F129/><W128/><G128/><T94/><REACH who="0" step="1"/><D86/><REACH who="0" ten="245,449,120,176" step="2"/><U28/><E84/><V59/><REACH who="2" step="1"/><F66/><REACH who="2" ten="245,449,110,176" step="2"/><W69/><G69/><T76/><D76/><U118/><E78/><V87/><F87/><W34/><AGARI ba="0,2" hai="11,14,19,32,34,35,73,74" m="33823,51723" machi="34" ten="40,1500,0" yaku="20,1" doraHai="46" who="3" fromWho="3" sc="245,-4,449,-4,110,-7,176,35" /><INIT seed="3,0,0,4,2,72" ten="241,445,103,211" oya="3" hai0="92,133,109,111,47,62,95,41,13,31,63,53,49" hai1="82,14,91,12,66,68,123,88,114,60,35,75,93" hai2="10,58,27,19,85,108,105,80,30,56,34,64,83" hai3="90,77,44,25,50,29,122,48,118,113,26,101,5"/><W57/><G122/><T126/><D31/><U0/><E0/><V124/><F108/><N who="0" m="41546" /><D133/><U87/><E114/><V74/><F124/><W127/><G113/><T59/><D126/><U125/><E123/><V38/><F38/><W42/><G118/><T6/><D63/><U98/><E125/><V107/><F74/><W20/><G127/><T132/><D132/><U36/><E35/><V52/><F83/><W76/><G101/><T69/><D69/><U121/><E121/><V4/><F19/><W78/><G5/><T18/><D6/><U7/><E36/><V84/><F84/><W2/><G2/><T54/><D41/><U23/><E75/><V116/><F58/><W33/><G90/><T45/><D45/><U24/><E7/><V71/><F64/><W51/><REACH who="3" step="1"/><G57/><REACH who="3" ten="241,445,103,201" step="2"/><T131/><D131/><U65/><E91/><V16/><F71/><W39/><G39/><T103/><D103/><U21/><E88/><V128/><F116/><W1/><G1/><T37/><D37/><U106/><E68/><V119/><F119/><W55/><G55/><T40/><D53/><U130/><E130/><V9/><F128/><W97/><G97/><T3/><D3/><U22/><E98/><V70/><F70/><W46/><G46/><T79/><D47/><U120/><E120/><V73/><F4/><W81/><G81/><T28/><D54/><U8/><E82/><V86/><F52/><W32/><G32/><T89/><D89/><U110/><E110/><V61/><F56/><W134/><G134/><T43/><D59/><U135/><E135/><V67/><F80/><RYUUKYOKU ba="0,1" sc="241,-10,445,-10,103,-10,201,30" hai3="20,25,26,29,33,42,44,48,50,51,76,77,78" /><INIT seed="3,1,1,2,0,135" ten="231,435,93,231" oya="3" hai0="51,79,55,39,36,73,129,13,102,49,53,34,61" hai1="128,17,62,6,57,85,8,110,122,76,65,14,15" hai2="99,4,127,30,11,86,47,101,93,21,32,9,87" hai3="74,133,43,80,112,77,105,98,60,66,40,131,38"/><W46/><G112/><T64/><D34/><U70/><E122/><V125/><F32/><W115/><G115/><T20/><D102/><U1/><E110/><V68/><F68/><N who="3" m="42055" /><G43/><T132/><D79/><U121/><E121/><V104/><F47/><W78/><G78/><T95/><D95/><U83/><E128/><V72/><F72/><W63/><G63/><T92/><D92/><U89/><E70/><V114/><F114/><W56/><G56/><T7/><D73/><U124/><E124/><N who="2" m="47691" /><F93/><W88/><G88/><T0/><D129/><U134/><E134/><V35/><F35/><W75/><G131/><T97/><D132/><U29/><E29/><V31/><F11/><W59/><G133/><T118/><D118/><U107/><E107/><V28/><F21/><W54/><G75/><T52/><D20/><N who="1" m="11319" /><E1/><V2/><F87/><W25/><G105/><T90/><D39/><U41/><E41/><V100/><F86/><W94/><G94/><T3/><D36/><U108/><E108/><V27/><F27/><W69/><G69/><T130/><D130/><U23/><E23/><V45/><F45/><W116/><G25/><T126/><D126/><U22/><E22/><V16/><F16/><W50/><G116/><T91/><D7/><U82/><E82/><V123/><F123/><W24/><G24/><T67/><D97/><AGARI ba="1,1" hai="38,40,46,50,54,59,74,77,80,97,98" m="42055" machi="97" ten="30,1500,0" yaku="24,1" doraHai="135" who="3" fromWho="0" sc="231,-18,435,0,93,0,231,28" /><INIT seed="3,2,0,5,3,17" ten="213,435,93,259" oya="3" hai0="76,103,132,116,20,52,49,14,118,81,129,90,21" hai1="74,34,54,0,71,108,112,47,53,75,98,35,26" hai2="73,10,67,105,131,133,32,37,2,120,44,109,127" hai3="64,115,85,13,51,8,70,68,36,11,38,27,104"/><W62/><G115/><T42/><D42/><U60/><E112/><V79/><F10/><W107/><G85/><T86/><D103/><U100/><E0/><V28/><F28/><W119/><G119/><T50/><D50/><N who="1" m="28895" /><E35/><V48/><F48/><W113/><G113/><T23/><D132/><U87/><E87/><V126/><F44/><W15/><G51/><T110/><D110/><U134/><E54/><V77/><F67/><W96/><G96/><T12/><D129/><U45/><E45/><V99/><F99/><W111/><G27/><T57/><REACH who="0" step="1"/><D76/><REACH who="0" ten="203,435,93,259" step="2"/><U69/><E108/><V80/><F77/><W94/><G111/><T56/><D56/><U29/><E71/><V84/><F79/><W25/><G70/><T24/><D24/><U106/><E134/><V97/><F97/><W114/><G25/><T9/><D9/><U41/><E41/><V18/><F84/><W4/><G114/><T40/><D40/><U124/><E124/><V31/><F126/><W65/><G68/><T22/><N who="0" m="5120" /><DORA hai="3" /><T63/><D63/><U59/><E59/><V91/><F127/><W55/><G62/><T5/><D5/><U6/><BYE who="2" /><E6/><V39/><F39/><W58/><G58/><T61/><D61/><U78/><E78/><V30/><F30/><W92/><G4/><UN n2="%E3%81%A4%E3%81%A3%E3%81%B1%E3%82%8A%E3%83%9D%E3%83%BC%E3%83%AB" /><T7/><D7/><U123/><E60/><V89/><F89/><W1/><G55/><T88/><D88/><U125/><E69/><V122/><F122/><W93/><G38/><T121/><D121/><U130/><E123/><V16/><F16/><N who="3" m="8231" /><G36/><T19/><D19/><U117/><E125/><RYUUKYOKU ba="2,1" sc="203,30,435,-10,93,-10,259,-10" hai0="12,14,49,52,57,81,86,90,116,118" owari="233,-16.7,435,53.5,83,-41.7,249,4.9" /></mjloggm>