<mjloggm ver="2.3"><GO type="225" lobby="0"/><UN n0="%E7%BD%AA%E5%88%91%E6%B3%95%E5%AE%9A%E4%B8%BB%E7%BE%A9" n1="%E3%83%81%E3%83%83%E3%82%BF%E3%82%BD%E3%83%BC" n2="%77%72%77%72%77%72%77%72" n3="%E3%81%A4%E3%81%A3%E3%81%B1%E3%82%8A%E3%83%9D%E3%83%BC%E3%83%AB" dan="17,16,16,17" rate="2158.26,2117.54,2147.43,2184.33" sx="M,F,M,M"/><TAIKYOKU oya="0"/><INIT seed="0,0,0,1,2,68" ten="250,250,250,250" oya="0" hai0="32,46,130,38,11,126,84,1,102,106,8,123,40" hai1="101,29,13,2,48,67,14,70,42,91,43,129,31" hai2="50,81,22,21,58,19,51,95,79,25,17,131,26" hai3="52,60,103,127,5,10,88,69,111,128,4,120,37"/><T77/><D123/><U9/><E2/><V100/><F131/><W75/><G75/><T57/><D32/><U33/><E101/><V15/><F58/><N who="3" m="34887" /><G69/><T73/><D84/><U61/><E129/><V64/><F64/><W39/><G128/><T113/><D113/><U132/><E132/><V119/><F119/><W133/><G103/><T45/><D57/><U53/><E14/><V0/><F0/><W108/><G120/><T122/><D130/><U6/><E91/><V66/><F66/><W63/><G133/><T85/><D85/><U71/><E71/><V28/><F95/><W124/><G63/><T99/><D122/><U93/><E93/><V86/><REACH who="2" step="1"/><F100/><REACH who="2" ten="250,250,240,250" step="2"/><W72/><G111/><T47/><D126/><N who="3" m="48169" /><G108/><T92/><D92/><U82/><E70/><V107/><F107/><W115/><G115/><T44/><REACH who="0" step="1"/><D1/><REACH who="0" ten="240,250,240,250" step="2"/><U36/><E67/><V12/><F12/><N who="3" m="5191" /><G72/><T89/><D89/><U55/><E13/><V83/><F83/><AGARI ba="0,2" hai="8,11,38,40,44,45,46,47,73,77,83,99,102,106" machi="83" ten="40,18000,2" yaku="1,1,52,1,53,4" doraHai="68" doraHaiUra="41" who="0" fromWho="2" sc="240,200,250,0,240,-180,250,0" /><INIT seed="0,1,0,1,4,77" ten="440,250,60,250" oya="0" hai0="40,93,60,95,89,9,66,34,124,78,69,1,113" hai1="27,32,116,81,33,54,7,15,109,98,51,26,56" hai2="107,133,21,16,53,91,24,68,83,52,29,118,59" hai3="100,135,102,44,134,92,61,115,80,67,110,122,42"/><T73/><D113/><U63/><E109/><V55/><F133/><N who="3" m="50699" /><G115/><T20/><D34/><U76/><E116/><V62/><F107/><W74/><G110/><T31/><D124/><U131/><E131/><V106/><F106/><W64/><G122/><T13/><D1/><U18/><E7/><V10/><F68/><N who="3" m="41999" /><G67/><T8/><D40/><U47/><E98/><V3/><F118/><W121/><G92/><T96/><D95/><U99/><E99/><V88/><F3/><W41/><G121/><T14/><D31/><U28/><E32/><V119/><F119/><W35/><G35/><T49/><D49/><U97/><E97/><V57/><F57/><W128/><G128/><T70/><D70/><U4/><E4/><V114/><F114/><W65/><G65/><T48/><D48/><U72/><E28/><V123/><F123/><W6/><G6/><T85/><D73/><U79/><E33/><V0/><F0/><W90/><G90/><N who="2" m="34345" /><F83/><W43/><G44/><T103/><D78/><AGARI ba="1,0" hai="41,42,43,74,78,80,100,102" m="41999,50699" machi="78" ten="30,2000,0" yaku="20,1,52,1" doraHai="77" who="3" fromWho="0" sc="440,-23,250,0,60,0,250,23" /><INIT seed="1,0,0,0,1,6" ten="417,250,60,273" oya="1" hai0="107,68,87,33,1,53,118,21,130,94,124,16,13" hai1="10,134,12,122,64,91,80,29,66,49,54,70,35" hai2="47,116,67,120,79,128,26,24,83,8,30,9,75" hai3="126,41,5,39,3,58,15,60,90,32,114,61,34"/><U99/><E134/><V111/><F116/><W121/><G121/><T92/><D107/><U96/><E122/><V20/><F120/><W85/><G3/><T93/><D33/><U123/><E123/><V69/><F111/><W112/><G126/><T74/><D74/><U50/><E50/><V46/><F128/><W25/><G41/><T19/><D118/><U106/><E29/><V98/><F98/><W37/><G25/><T17/><D1/><U18/><E35/><V95/><F95/><W31/><G31/><T86/><D68/><U23/><E23/><V78/><F78/><W131/><G5/><T105/><D105/><U115/><E115/><V62/><REACH who="2" step="1"/><F24/><REACH who="2" ten="417,250,50,273" step="2"/><W82/><G131/><T7/><D130/><U42/><E106/><V84/><F84/><W4/><G85/><T22/><D87/><N who="1" m="50663" /><E42/><V101/><F101/><W113/><G113/><T71/><D86/><U40/><E40/><V119/><F119/><W27/><G114/><T0/><D94/><U102/><E102/><V89/><F89/><W103/><G90/><T51/><D93/><U59/><E70/><V65/><F65/><AGARI ba="0,1" hai="10,12,18,49,54,59,64,65,66,96,99" m="50663" machi="65" ten="30,2900,0" yaku="8,1,52,1" doraHai="6" who="1" fromWho="2" sc="417,0,250,39,50,-29,273,0" /><INIT seed="1,1,0,4,0,4" ten="417,289,21,273" oya="1" hai0="11,21,87,40,59,113,133,63,2,130,85,50,88" hai1="77,43,110,106,116,9,16,125,24,109,30,78,33" hai2="111,126,82,80,51,31,96,3,22,135,97,120,38" hai3="112,6,108,65,102,49,101,122,73,13,18,104,47"/><U45/><E125/><V62/><F38/><W100/><G112/><T66/><D113/><U37/><E116/><V19/><F120/><W44/><G122/><T52/><D133/><U35/><E35/><V28/><F3/><W74/><G104/><T1/><D130/><U27/><E106/><V15/><F135/><W25/><G108/><N who="1" m="41578" /><E24/><V10/><F126/><W118/><G118/><T61/><D87/><U92/><E92/><V90/><F111/><W75/><G65/><T93/><D21/><U57/><E57/><V76/><F62/><W132/><G132/><T36/><D63/><U134/><E134/><V70/><F70/><W98/><G6/><T17/><D36/><U114/><E114/><V12/><F51/><W99/><G25/><T72/><D72/><U86/><E86/><N who="2" m="48391" /><F82/><W71/><G71/><T84/><D84/><U26/><E26/><V39/><F39/><W127/><G127/><T107/><D107/><U105/><E105/><V115/><F115/><W103/><N who="3" m="25600" /><DORA hai="29" /><W123/><G123/><T89/><D93/><U20/><E9/><V5/><F96/><W94/><G94/><AGARI ba="1,0" hai="5,10,12,15,19,22,28,31,90,94,97" m="48391" machi="94" ten="30,2000,0" yaku="8,1,52,1" doraHai="4,29" who="2" fromWho="3" sc="417,0,289,0,21,23,273,-23" /><INIT seed="2,0,0,0,4,31" ten="417,289,44,250" oya="2" hai0="45,98,65,8,92,121,132,115,130,69,112,88,111" hai1="73,133,131,81,2,124,108,91,113,15,80,39,26" hai2="59,28,110,84,61,125,122,77,51,32,53,134,116" hai3="56,64,90,71,55,105,25,78,72,48,38,57,42"/><V49/><F116/><W1/><G105/><T118/><D121/><U11/><E2/><V41/><F122/><W30/><G1/><T70/><D118/><U79/><E113/><V52/><F134/><W7/><G7/><T22/><D8/><U46/><E133/><V40/><F125/><W23/><G57/><T117/><D117/><U87/><E124/><V107/><F107/><W75/><G90/><T62/><D70/><U58/><E131/><V60/><F110/><W94/><G94/><T97/><D132/><U20/><E108/><V129/><F129/><W119/><G78/><T120/><D120/><U85/><E58/><N who="2" m="33039" /><F32/><W63/><REACH who="3" step="1"/><G119/><REACH who="3" ten="417,289,44,240" step="2"/><T19/><D115/><U109/><E109/><V12/><F28/><W95/><G95/><T21/><D112/><U114/><E114/><V66/><F12/><W36/><G36/><T9/><D130/><U54/><E39/><V34/><F34/><W89/><G89/><T0/><D88/><U96/><E79/><V4/><F4/><W29/><G29/><T135/><D111/><U68/><E68/><V24/><F24/><W74/><G74/><T67/><D135/><U37/><E73/><V127/><F127/><W13/><G13/><T83/><D0/><U17/><E26/><V104/><F104/><W6/><G6/><T43/><D69/><U128/><E128/><V99/><F99/><W5/><G5/><T27/><D98/><U76/><E96/><V44/><F60/><W93/><G93/><T100/><D62/><U33/><E15/><V3/><F3/><W101/><G101/><T86/><D100/><RYUUKYOKU ba="0,1" sc="417,-15,289,-15,44,15,240,15" hai2="40,41,44,51,53,59,61,66,77,84" hai3="23,25,30,38,42,48,55,56,63,64,71,72,75" /><INIT seed="2,1,1,3,2,98" ten="402,274,59,255" oya="2" hai0="133,24,43,130,16,105,85,129,48,11,30,109,126" hai1="79,125,108,8,35,96,26,73,114,39,97,12,27" hai2="7,88,52,135,40,60,56,34,110,50,5,59,4" hai3="1,131,116,57,103,99,82,134,68,102,19,74,76"/><V111/><F34/><W15/><G116/><T75/><D75/><U9/><E108/><N who="2" m="41515" /><F135/><W71/><G1/><T38/><D38/><U49/><E125/><V119/><F119/><W83/><G134/><T31/><D126/><U22/><E39/><V55/><F40/><W67/><G83/><T104/><D133/><U120/><E114/><V121/><F121/><W127/><G131/><N who="0" m="50187" /><D109/><U107/><E35/><V10/><F10/><W53/><G103/><T2/><D85/><U115/><E115/><V87/><F4/><W78/><G67/><T58/><D2/><U122/><E8/><V72/><F72/><W44/><G78/><T47/><D58/><U91/><E79/><V66/><F66/><W123/><G44/><T70/><D70/><U132/><E73/><V21/><F21/><W62/><G123/><T65/><D65/><U17/><E132/><V113/><F113/><W23/><REACH who="3" step="1"/><G127/><REACH who="3" ten="402,274,59,245" step="2"/><T28/><D47/><U36/><E120/><V100/><F100/><W51/><G51/><T95/><D48/><U45/><E122/><V13/><F13/><W86/><G86/><T106/><D105/><AGARI ba="1,2" hai="15,19,23,53,57,62,68,71,74,76,82,99,102,105" machi="105" ten="30,7700,0" yaku="1,1,7,1,52,1,53,1" doraHai="98" doraHaiUra="101" who="3" fromWho="0" sc="402,-80,274,0,59,0,245,100" /><INIT seed="3,0,0,0,0,110" ten="322,274,59,345" oya="3" hai0="11,77,97,70,32,35,133,30,12,123,51,88,129" hai1="132,76,31,27,63,73,17,81,113,58,85,60,55" hai2="118,21,44,125,86,117,100,10,106,66,114,50,111" hai3="40,46,59,98,65,3,39,5,71,47,74,93,38"/><W61/><G74/><T54/><D123/><U28/><E132/><V6/><F111/><W33/><G33/><T53/><D70/><U26/><E73/><V95/><F125/><W119/><G119/><T14/><D133/><U104/><E104/><V62/><F21/><W131/><G131/><T103/><D129/><U56/><E113/><V120/><F120/><W78/><G78/><T1/><D77/><U52/><REACH who="1" step="1"/><E17/><REACH who="1" ten="322,264,59,345" step="2"/><V34/><F106/><W109/><G109/><T84/><D1/><U15/><E15/><V22/><F34/><W69/><G3/><T105/><D30/><AGARI ba="0,1" hai="26,27,28,30,31,52,55,56,58,60,63,76,81,85" machi="30" ten="40,8000,1" yaku="1,1,9,1,8,1,54,1,53,0" doraHai="110" doraHaiUra="121" who="1" fromWho="0" sc="322,-80,264,90,59,0,345,0" owari="242,-15.8,354,45.4,59,-44.1,345,14.5" /></mjloggm>