<mjloggm ver="2.3"><GO type="225" lobby="0"/><UN n0="%E6%9D%B1%E9%A2%A8%E3%81%AE%E3%81%8D%E3%82%83%E3%81%B7%E3%81%95%E3%82%93" n1="%E9%A6%AC%E5%BC%95%E7%81%AB%33" n2="%E3%81%95%E3%81%8D%E3%81%9F%E3%81%BE%E6%9E%97%E6%AA%8E" n3="%E3%83%81%E3%83%83%E3%82%BF%E3%82%BD%E3%83%BC" dan="16,16,16,16" rate="2192.95,2077.90,2101.31,2205.96" sx="M,M,M,F"/><TAIKYOKU oya="0"/><INIT seed="0,0,0,3,0,111" ten="250,250,250,250" oya="0" hai0="99,117,118,3,134,119,128,129,43,30,21,97,58" hai1="66,120,9,86,116,105,12,77,122,67,11,69,82" hai2="28,93,50,104,121,62,29,31,65,17,132,36,108" hai3="107,15,37,72,22,52,35,38,112,94,95,96,47"/><T123/><D3/><U91/><E116/><V6/><F108/><W45/><G35/><T114/><D43/><U75/><E105/><V109/><F109/><W63/><G72/><T115/><D58/><U0/><E0/><V87/><F121/><W113/><G107/><T71/><D71/><U85/><E75/><V13/><F104/><W49/><G63/><T76/><D30/><U20/><E20/><V100/><F36/><W4/><G94/><T34/><D21/><U26/><E26/><V2/><F2/><W131/><G131/><N who="0" m="50251" /><D34/><U127/><E127/><V73/><F73/><W24/><G15/><T61/><D61/><U126/><E126/><V18/><F6/><W74/><G4/><T90/><D123/><U41/><E41/><V68/><F50/><W55/><G74/><T48/><D48/><U25/><E25/><V92/><F18/><W40/><G55/><T19/><D19/><U89/><E82/><V1/><F1/><W33/><G33/><T7/><D7/><U98/><E77/><V46/><F46/><W39/><G37/><T27/><D27/><U78/><E78/><V84/><F17/><W79/><G79/><T103/><D76/><U102/><E12/><V42/><F13/><W32/><G32/><T106/><D134/><U57/><E69/><V23/><F132/><W44/><G44/><T60/><D60/><U54/><E54/><V124/><F124/><W59/><G45/><T88/><D97/><U130/><E130/><V16/><F62/><W70/><G38/><T8/><D8/><U10/><E122/><V14/><F68/><RYUUKYOKU ba="0,0" sc="250,30,250,-10,250,-10,250,-10" hai0="88,90,99,103,106,114,115,117,118,119" /><INIT seed="0,1,0,4,3,48" ten="280,240,240,240" oya="0" hai0="52,50,90,89,98,6,51,121,130,35,105,108,94" hai1="117,83,0,65,30,76,49,127,53,125,4,18,29" hai2="24,86,101,132,46,60,96,34,21,110,134,9,3" hai3="81,59,115,44,84,66,5,131,112,33,82,13,58"/><T2/><D35/><U42/><E117/><V39/><F110/><W70/><G33/><T72/><D72/><U22/><E42/><V103/><F34/><W120/><G131/><T88/><D121/><U119/><E65/><V43/><F86/><W10/><G120/><T69/><D69/><U20/><E119/><V123/><F123/><W45/><G70/><T95/><D50/><U32/><E32/><V27/><F60/><W109/><G109/><T129/><D108/><U78/><E4/><N who="2" m="1183" /><F21/><N who="1" m="8297" /><E18/><V23/><F23/><W15/><G66/><T91/><D6/><U104/><E104/><V40/><F40/><W47/><G84/><T106/><D2/><U111/><E0/><V26/><F96/><W31/><G31/><N who="1" m="11786" /><E83/><V85/><F85/><W128/><G128/><N who="0" m="49259" /><D94/><U36/><E36/><V64/><F64/><W87/><G15/><T92/><D92/><U79/><E111/><V55/><F103/><W57/><REACH who="3" step="1"/><G87/><REACH who="3" ten="280,240,240,230" step="2"/><T99/><D99/><U7/><E78/><V8/><F101/><W80/><AGARI ba="1,1" hai="5,10,13,44,45,47,57,58,59,80,81,82,112,115" machi="80" ten="40,8000,1" yaku="1,1,2,1,0,1,29,2,53,0" doraHai="48" doraHaiUra="75" who="3" fromWho="3" sc="280,-41,240,-21,240,-21,230,93" /><INIT seed="1,0,0,5,0,29" ten="239,219,219,323" oya="1" hai0="5,31,9,66,3,131,41,37,121,42,80,110,32" hai1="107,14,105,76,96,129,102,122,135,27,62,89,125" hai2="109,15,97,127,108,82,133,19,48,86,7,8,10" hai3="56,71,94,78,0,46,68,73,53,90,132,95,91"/><U79/><E122/><V24/><F133/><W4/><G132/><T17/><D121/><U20/><E135/><V58/><F127/><W26/><G46/><T61/><D131/><U67/><E125/><V81/><F97/><W72/><G26/><T112/><D110/><N who="2" m="42602" /><F24/><W22/><G22/><T34/><D112/><U59/><E129/><V126/><F126/><W113/><G113/><T99/><D31/><U55/><E107/><V74/><F74/><W123/><G123/><T92/><D17/><U30/><E14/><N who="2" m="7623" /><F86/><W25/><G25/><T64/><D80/><U13/><E13/><V35/><F35/><W47/><G47/><T117/><D117/><U18/><E30/><V33/><F33/><W63/><G78/><T60/><D41/><U21/><E21/><V93/><F93/><W84/><G72/><T119/><D119/><U101/><E101/><V28/><F28/><W11/><REACH who="3" step="1"/><G73/><REACH who="3" ten="239,219,219,313" step="2"/><T115/><D115/><U49/><REACH who="1" step="1"/><E89/><REACH who="1" ten="239,209,219,313" step="2"/><V134/><F134/><W6/><G6/><T118/><D118/><U39/><E39/><V111/><F111/><W83/><G83/><T40/><D37/><U85/><E85/><AGARI ba="0,2" hai="0,4,11,53,56,63,68,71,84,85,90,91,94,95" machi="85" ten="30,3900,0" yaku="1,1,7,1,9,1,53,0" doraHai="29" doraHaiUra="16" who="3" fromWho="1" sc="239,0,209,-39,219,0,313,59" /><INIT seed="2,0,0,2,4,22" ten="239,170,219,372" oya="2" hai0="42,30,4,43,96,66,3,56,133,116,57,71,132" hai1="134,49,126,81,33,95,108,51,70,87,27,80,47" hai2="85,120,123,16,24,26,6,19,11,106,10,8,92" hai3="35,117,63,38,130,111,7,102,46,62,13,107,37"/><V103/><F106/><W65/><G117/><T28/><D96/><U124/><E70/><V118/><F103/><W32/><G130/><T101/><D101/><U73/><E108/><V131/><F92/><W14/><G111/><T97/><D97/><U74/><E134/><V135/><F85/><W105/><G46/><T93/><D93/><U86/><E95/><V17/><F135/><W77/><G77/><T115/><D4/><U9/><E47/><V55/><F55/><W36/><G7/><T34/><D3/><U79/><E33/><N who="3" m="12874" /><G65/><T110/><D34/><U104/><E79/><V15/><F131/><W54/><G54/><T64/><D71/><U29/><E29/><V121/><F118/><W40/><G40/><T89/><D89/><U23/><E23/><V98/><F98/><W90/><G90/><T5/><D5/><U76/><E76/><V59/><F59/><W44/><G44/><T122/><D110/><U109/><E109/><V68/><F68/><W113/><G102/><T99/><D99/><U128/><E128/><V112/><F112/><W50/><G50/><T18/><D116/><U119/><E119/><V52/><F52/><W114/><G105/><T69/><D69/><U1/><E104/><V25/><AGARI ba="0,0" hai="6,8,10,11,15,16,17,19,24,25,26,120,121,123" machi="25" ten="40,24000,3" yaku="0,1,29,2,34,3,52,3,54,1" doraHai="22" who="2" fromWho="2" sc="239,-80,170,-80,219,240,372,-80" /><INIT seed="2,1,0,1,1,31" ten="159,90,459,292" oya="2" hai0="92,30,82,72,122,127,74,63,23,25,87,38,93" hai1="101,126,116,84,46,131,118,111,15,40,32,132,47" hai2="79,3,64,66,124,27,58,98,73,81,43,51,57" hai3="52,53,112,44,13,135,54,90,71,26,77,130,42"/><V19/><F3/><W102/><G71/><T105/><D38/><U18/><E111/><V106/><F124/><W85/><G130/><T5/><D105/><U34/><E101/><V41/><F106/><W24/><G135/><T65/><D5/><U50/><E126/><V37/><F37/><W14/><G112/><T35/><D122/><U91/><E131/><V20/><F98/><W100/><G77/><T134/><D127/><U83/><E132/><V78/><F73/><W80/><G100/><T125/><D125/><U29/><E29/><V62/><F81/><W28/><G102/><T56/><D134/><U117/><REACH who="1" step="1"/><E47/><REACH who="1" ten="159,80,459,292" step="2"/><N who="2" m="26095" /><F43/><W8/><G28/><T133/><D133/><U21/><AGARI ba="1,1" hai="15,18,21,32,34,40,46,50,83,84,91,116,117,118" machi="21" ten="30,7900,0" yaku="1,1,0,1,52,2,53,0" doraHai="31" doraHaiUra="49" who="1" fromWho="1" sc="159,-21,80,92,459,-40,292,-21" /><INIT seed="3,0,0,1,2,109" ten="138,172,419,271" oya="3" hai0="3,6,22,42,47,23,59,40,104,2,51,125,96" hai1="81,52,44,20,26,89,13,108,78,126,61,83,49" hai2="86,60,112,57,130,53,70,31,114,4,37,131,24" hai3="35,75,58,134,32,82,46,56,43,8,111,84,92"/><W5/><G134/><T62/><D125/><U11/><E108/><V95/><F37/><W119/><G119/><T133/><D133/><U91/><E126/><V1/><F70/><W105/><G111/><T100/><D2/><U54/><E61/><V74/><F74/><W93/><G105/><T65/><D3/><U85/><E54/><V64/><F64/><W48/><G75/><T80/><D6/><N who="1" m="3319" /><E83/><V36/><F36/><W88/><G32/><T33/><D33/><U76/><E91/><N who="2" m="53751" /><F4/><W18/><G18/><AGARI ba="0,0" hai="18,20,26,44,49,52,76,78,81,85,89" m="3319" machi="18" ten="30,2000,0" yaku="8,1,54,1" doraHai="109" who="1" fromWho="3" sc="138,0,172,20,419,0,271,-20" owari="138,-36.2,192,-20.8,419,51.9,251,5.1" /></mjloggm>