<mjloggm ver="2.3"><GO type="225" lobby="0"/><UN n0="%E3%82%BC%E3%83%AB%E3%83%80%E3%81%AE%E4%BC%9D%E8%AA%AC" n1="%E3%81%BF%E3%81%BF%E3%81%9A" n2="%70%68%65%6E%6F%6D%65" n3="%E3%83%A9%E3%83%BC%E3%83%A1%E3%83%B3%E4%BA%94%E9%83%8E" dan="17,17,16,16" rate="2151.61,2171.18,2179.21,2075.71" sx="M,M,M,M"/><TAIKYOKU oya="0"/><INIT seed="0,0,0,5,5,61" ten="250,250,250,250" oya="0" hai0="95,23,13,111,4,63,66,100,26,114,101,46,103" hai1="74,85,16,2,12,11,133,18,36,78,77,118,120" hai2="92,83,110,9,128,5,39,122,59,105,132,131,55" hai3="33,84,15,107,41,126,80,125,67,127,32,54,117"/><T96/><D114/><U69/><E118/><V52/><F105/><W62/><G117/><T97/><D111/><U56/><E120/><V0/><F122/><W104/><G54/><T50/><D4/><U108/><E69/><V98/><F110/><W58/><G41/><T17/><D13/><U79/><E36/><V94/><F132/><W134/><G134/><T29/><D17/><U30/><E74/><V22/><F39/><W109/><G15/><T123/><D123/><U51/><E108/><V24/><F83/><W53/><G53/><N who="0" m="29911" /><D96/><U14/><E2/><V60/><F55/><W34/><REACH who="3" step="1"/><G109/><REACH who="3" ten="250,250,250,240" step="2"/><T64/><D63/><U76/><E133/><V115/><F115/><W49/><G49/><T130/><D130/><N who="2" m="49706" /><F98/><W87/><G87/><T43/><D43/><U106/><E51/><V47/><F47/><W91/><AGARI ba="0,1" hai="32,33,34,58,62,67,80,84,91,104,107,125,126,127" machi="91" ten="40,8000,1" yaku="1,1,0,1,18,1,52,1,53,1" doraHai="61" doraHaiUra="57" who="3" fromWho="3" sc="250,-40,250,-20,250,-20,240,90" /><INIT seed="1,0,0,3,2,111" ten="210,230,230,330" oya="1" hai0="36,83,37,64,121,87,85,46,35,112,90,9,98" hai1="75,25,13,30,7,31,105,134,14,29,19,23,18" hai2="43,39,92,28,47,40,113,95,80,81,126,79,10" hai3="123,135,93,59,62,63,15,21,88,58,101,74,12"/><U45/><E75/><V56/><F126/><W107/><G74/><T71/><D35/><U11/><E105/><V0/><F28/><N who="1" m="10857" /><E45/><V118/><F118/><W125/><G123/><T51/><D121/><U2/><E134/><V53/><F43/><W20/><G101/><T3/><D112/><U82/><E82/><V114/><F81/><W128/><G107/><T91/><D98/><U97/><E97/><V57/><F57/><N who="3" m="21515" /><G128/><T131/><D131/><U8/><N who="1" m="10865" /><U96/><DORA hai="103" /><E96/><V44/><F44/><W66/><G125/><T119/><D119/><U76/><E76/><V109/><F109/><W4/><G66/><T132/><D132/><U72/><E72/><N who="2" m="43111" /><F92/><W67/><G67/><T94/><D64/><U102/><E102/><V104/><F95/><W33/><G33/><T65/><D65/><U84/><E84/><V124/><F104/><W26/><G135/><T41/><REACH who="0" step="1"/><D71/><REACH who="0" ten="200,230,230,330" step="2"/><U130/><E130/><V89/><F124/><W86/><G63/><T99/><D99/><U50/><E50/><N who="2" m="30775" /><F89/><W16/><G62/><T108/><D108/><U110/><E110/><V17/><F113/><W49/><G49/><T34/><D34/><U68/><E68/><V100/><F114/><W61/><G61/><T69/><D69/><U127/><E127/><V1/><F100/><W115/><G115/><T60/><D60/><U106/><E106/><V77/><F77/><W22/><G88/><T32/><D32/><U54/><E54/><V38/><F38/><W120/><G120/><T48/><D48/><U122/><E122/><V27/><F27/><AGARI ba="0,1" hai="2,7,8,11,13,14,18,19,23,25,27" m="10865" machi="27" ten="30,12000,1" yaku="35,5" doraHai="111,103" who="1" fromWho="2" sc="200,0,230,130,230,-120,330,0" /><INIT seed="1,1,0,3,1,80" ten="200,360,110,330" oya="1" hai0="41,38,100,82,119,21,97,17,36,108,91,89,110" hai1="124,26,8,105,103,27,50,51,56,135,125,25,130" hai2="32,40,33,20,133,14,44,99,90,4,49,102,81" hai3="114,69,0,59,122,121,72,34,120,68,29,22,47"/><U75/><E75/><V107/><F133/><W13/><G114/><T52/><D119/><U117/><E117/><V15/><F4/><W54/><G72/><T73/><D52/><U63/><E135/><V70/><F70/><W116/><G116/><T113/><D113/><U112/><E112/><V74/><F74/><W31/><G0/><T104/><D91/><U71/><E71/><V115/><F115/><W94/><G34/><T19/><D19/><U86/><E130/><V134/><F134/><W95/><G68/><T6/><D6/><U45/><E8/><V76/><F76/><W46/><G69/><T118/><D118/><U106/><E86/><V65/><F65/><W111/><G111/><N who="0" m="42539" /><D41/><U64/><E50/><V77/><F77/><W131/><G131/><T18/><D18/><U37/><E37/><V98/><F98/><W11/><G121/><T3/><D3/><U58/><E58/><V16/><REACH who="2" step="1"/><F15/><REACH who="2" ten="200,360,100,330" step="2"/><W12/><G12/><N who="0" m="9383" /><D73/><U96/><E124/><V78/><F78/><W126/><G126/><T61/><D97/><U53/><E125/><V127/><F127/><W67/><G13/><T79/><D79/><U48/><E96/><V39/><F39/><W30/><G122/><T10/><D38/><U57/><REACH who="1" step="1"/><E103/><REACH who="1" ten="200,350,100,330" step="2"/><V101/><F101/><W132/><G132/><T109/><D36/><U88/><E88/><V7/><F7/><W62/><G120/><T93/><D89/><U1/><E1/><V23/><F23/><W66/><G22/><T24/><D100/><U42/><AGARI ba="1,2" hai="25,26,27,42,45,48,51,53,56,57,63,64,105,106" machi="42" ten="30,3000,0" yaku="1,1,0,1,53,0" doraHai="80" doraHaiUra="83" who="1" fromWho="1" sc="200,-11,350,53,100,-11,330,-11" /><INIT seed="1,2,0,3,4,118" ten="189,403,89,319" oya="1" hai0="27,33,4,57,117,83,30,47,43,94,45,46,10" hai1="101,86,17,60,115,110,15,134,68,11,19,85,32" hai2="0,130,90,65,28,108,79,37,95,55,116,5,97" hai3="35,49,113,111,25,13,122,42,3,132,48,2,50"/><U131/><E115/><V89/><F116/><W121/><G113/><T18/><D117/><U119/><E32/><V112/><F112/><W20/><G35/><T14/><D94/><U107/><E119/><V128/><F37/><W72/><G72/><T58/><D43/><U84/><E134/><V62/><F108/><W70/><G70/><T24/><D83/><U31/><E31/><V71/><F79/><W44/><G111/><T125/><D125/><U114/><E110/><V100/><F28/><W133/><G13/><T8/><REACH who="0" step="1"/><D27/><REACH who="0" ten="179,403,89,319" step="2"/><U16/><E114/><V53/><F128/><W23/><G42/><T40/><D40/><U77/><E131/><V61/><F130/><W109/><G109/><T59/><D59/><U38/><E38/><V74/><F74/><W75/><G75/><T88/><D88/><U29/><E77/><V124/><F124/><W64/><G25/><T6/><D6/><U21/><E107/><V98/><F90/><W67/><G49/><T105/><D105/><U12/><E101/><V1/><F5/><W81/><G81/><T9/><D9/><U56/><E68/><V82/><F82/><W54/><G44/><T129/><D129/><U80/><E80/><V76/><F76/><W7/><G7/><T63/><D63/><U87/><N who="1" m="21504" /><DORA hai="91" /><U96/><E11/><V126/><F126/><W41/><G41/><T69/><D69/><U120/><E60/><V93/><REACH who="2" step="1"/><F62/><REACH who="2" ten="179,403,79,319" step="2"/><W92/><G133/><T52/><D52/><AGARI ba="2,2" hai="0,1,52,53,55,61,65,71,89,93,95,97,98,100" machi="52" ten="40,12000,2" yaku="1,1,2,1,52,2,54,1,53,2" doraHai="118,91" doraHaiUra="34,78" who="2" fromWho="0" sc="179,-126,403,0,79,146,319,0" /><INIT seed="2,0,0,5,5,43" ten="53,403,225,319" oya="2" hai0="81,46,13,22,85,73,130,50,86,96,105,68,49" hai1="71,10,27,52,35,129,134,12,66,69,114,93,133" hai2="36,65,76,21,103,100,89,126,78,97,124,92,119" hai3="62,90,128,132,19,107,109,18,58,24,23,4,53"/><V20/><F36/><W41/><G107/><T48/><D130/><U37/><E114/><V8/><F65/><W11/><G128/><T25/><D68/><U30/><E129/><V42/><F42/><W74/><G74/><T59/><D73/><U80/><E37/><V39/><F39/><W122/><G122/><T34/><D34/><U117/><E117/><V9/><F89/><W7/><G109/><T120/><D120/><U72/><E93/><V3/><F119/><W87/><G132/><N who="1" m="50794" /><E66/><V115/><F115/><W82/><G41/><T51/><D105/><U44/><E72/><V29/><F29/><W123/><G123/><T108/><D108/><U60/><E80/><V16/><F3/><W127/><G127/><N who="2" m="48681" /><F100/><W94/><G82/><T32/><D96/><U57/><E44/><V6/><F21/><W118/><G118/><T28/><D59/><U88/><E88/><V131/><F131/><W56/><G56/><T102/><D102/><U40/><E40/><V33/><F33/><W31/><REACH who="3" step="1"/><G4/><AGARI ba="0,0" hai="4,10,12,27,30,35,52,57,60,69,71" m="50794" machi="4" ten="30,2000,0" yaku="20,1,54,1" doraHai="43" who="1" fromWho="3" sc="53,0,403,20,225,0,319,-20" /><INIT seed="3,0,0,4,3,95" ten="53,423,225,299" oya="3" hai0="54,124,64,112,29,117,8,26,4,84,65,16,77" hai1="58,75,12,70,28,2,24,113,100,134,98,31,89" hai2="56,5,103,83,0,13,42,97,62,69,46,22,11" hai3="106,9,82,38,71,23,102,66,109,51,114,131,101"/><W122/><G38/><T1/><D124/><U105/><E2/><V55/><F69/><W129/><G114/><T30/><D117/><U43/><E70/><V127/><F127/><W88/><G122/><T135/><D135/><U133/><E75/><V61/><F62/><W79/><G23/><T91/><D112/><U99/><E113/><V68/><F68/><W49/><G9/><T107/><D77/><U116/><E43/><V85/><F22/><W128/><G66/><T86/><D107/><U118/><E12/><V130/><F130/><W17/><G17/><T81/><D30/><U115/><E115/><V19/><F85/><N who="3" m="50231" /><G71/><T21/><D54/><U94/><E58/><V3/><F83/><W47/><G49/><T10/><D10/><U93/><E105/><V119/><F19/><W121/><G121/><T37/><D37/><U92/><E92/><V72/><F72/><W104/><G109/><T14/><D84/><U63/><E63/><V125/><F119/><N who="1" m="45609" /><E31/><V7/><F7/><W123/><G123/><T33/><D64/><U50/><E50/><V80/><F125/><W78/><G51/><T76/><D65/><U53/><E53/><V132/><F11/><W48/><G48/><T96/><REACH who="0" step="1"/><D76/><REACH who="0" ten="43,423,225,299" step="2"/><N who="3" m="29225" /><G47/><T60/><D60/><U40/><E40/><V39/><F46/><W27/><G129/><T6/><D6/><U44/><E44/><V90/><F42/><W87/><G131/><T20/><D20/><AGARI ba="0,1" hai="20,24,28,89,93,94,98,99,100,133,134" m="45609" machi="20" ten="30,3900,0" yaku="12,1,52,2" doraHai="95" who="1" fromWho="0" sc="43,-39,423,49,225,0,299,0" owari="4,-49.6,472,57.2,225,-17.5,299,9.9" /></mjloggm>