<mjloggm ver="2.3"><GO type="225" lobby="0"/><UN n0="%E3%81%99%E3%81%84%E3%81%BE%E3%81%9B%E3%83%BC%E3%82%93" n1="%E3%81%95%E3%81%8D%E3%81%9F%E3%81%BE%E6%9E%97%E6%AA%8E" n2="%E5%B8%86%E7%AB%8B%E5%A4%8F%E8%A1%A3" n3="%E3%82%BC%E3%83%AB%E3%83%80%E3%81%AE%E4%BC%9D%E8%AA%AC" dan="18,16,17,17" rate="2232.43,2157.55,2259.59,2152.27" sx="M,M,M,M"/><TAIKYOKU oya="0"/><INIT seed="0,0,0,5,0,83" ten="250,250,250,250" oya="0" hai0="39,76,52,105,18,100,133,10,106,135,49,69,26" hai1="28,123,114,119,34,117,103,33,47,90,68,7,111" hai2="64,113,3,89,13,109,127,67,110,125,60,62,1" hai3="128,65,23,92,79,15,126,29,4,94,48,130,35"/><T56/><D39/><U16/><E68/><V134/><F13/><W42/><G126/><N who="2" m="48137" /><F89/><W9/><G65/><N who="2" m="25161" /><F113/><W61/><G61/><N who="2" m="23657" /><F134/><N who="0" m="51210" /><D69/><U55/><E103/><V5/><F5/><W25/><G79/><T57/><D100/><U32/><E7/><V93/><F93/><W54/><G42/><T30/><D57/><U20/><E28/><V59/><F59/><N who="3" m="33223" /><G35/><N who="0" m="20951" /><D76/><U129/><E34/><V14/><F14/><AGARI ba="0,0" hai="10,14,18,49,52,56,105,106" m="20951,51210" machi="14" ten="30,2900,0" yaku="20,1,54,1" doraHai="83" who="0" fromWho="2" sc="250,29,250,0,250,-29,250,0" /><INIT seed="0,1,0,1,1,85" ten="279,250,221,250" oya="0" hai0="103,30,74,47,64,53,68,73,14,63,52,1,20" hai1="102,127,99,129,119,115,57,41,101,92,93,37,65" hai2="39,94,12,42,122,33,11,54,71,107,31,104,113" hai3="91,125,8,108,32,95,56,5,69,84,83,78,60"/><T18/><D1/><U89/><E119/><V59/><F113/><W131/><G108/><T26/><D103/><U29/><E129/><V34/><F122/><W43/><G125/><T109/><D109/><U16/><E127/><V17/><F71/><W120/><G131/><T61/><D61/><N who="1" m="38063" /><E37/><V80/><F42/><W40/><G32/><T0/><D0/><U114/><E29/><V126/><F39/><W35/><G35/><T116/><D116/><U77/><E77/><V55/><F126/><W66/><G69/><T2/><D2/><U27/><E41/><V7/><F55/><W106/><G106/><T48/><REACH who="0" step="1"/><D53/><REACH who="0" ten="269,250,221,250" step="2"/><U24/><E115/><V45/><F54/><W25/><G120/><T75/><D75/><U21/><E114/><V13/><F104/><W6/><G25/><T22/><AGARI ba="1,1" hai="14,18,20,22,26,30,47,48,52,63,64,68,73,74" machi="22" ten="20,7800,0" yaku="1,1,0,1,7,1,54,1,53,0" doraHai="85" doraHaiUra="110" who="0" fromWho="0" sc="269,91,250,-27,221,-27,250,-27" /><INIT seed="0,2,0,0,3,16" ten="360,223,194,223" oya="0" hai0="40,71,104,133,52,45,66,131,84,62,15,27,32" hai1="12,47,115,83,127,58,128,126,85,14,86,88,1" hai2="7,95,69,31,96,37,11,50,51,118,79,74,22" hai3="33,135,119,42,98,117,18,60,77,97,57,93,21"/><T56/><D104/><U134/><E134/><V114/><F114/><W41/><G33/><T39/><D133/><U4/><E128/><V116/><F69/><W35/><G35/><T105/><D105/><U59/><E1/><V8/><F37/><W81/><G135/><T29/><D131/><U124/><E115/><V6/><F79/><W64/><G119/><N who="2" m="45609" /><F74/><W55/><G117/><T5/><D84/><U63/><E47/><V30/><F11/><W23/><G64/><T61/><D15/><N who="1" m="5675" /><E4/><N who="2" m="1579" /><F8/><W48/><G48/><N who="2" m="18473" /><F22/><N who="3" m="8203" /><G18/><T87/><D5/><U38/><E38/><V94/><F96/><N who="3" m="36971" /><G93/><AGARI ba="2,0" hai="30,31,93,94,95" m="18473,1579,45609" machi="93" ten="30,3900,0" yaku="28,2,12,1" doraHai="16" who="2" fromWho="3" sc="360,0,223,0,194,45,223,-45" /><INIT seed="1,0,0,0,5,12" ten="360,223,239,178" oya="1" hai0="49,82,47,57,70,100,133,28,14,105,79,31,96" hai1="37,85,40,67,125,8,64,103,4,71,108,16,92" hai2="110,10,84,128,50,51,13,124,126,127,73,115,122" hai3="75,135,35,3,48,6,119,87,46,53,11,41,123"/><U91/><E125/><V66/><F73/><W99/><G123/><T52/><D70/><U93/><E71/><V111/><F122/><W83/><G135/><T80/><D133/><U20/><E108/><N who="2" m="41515" /><F128/><W104/><G35/><T18/><D57/><U112/><E112/><V0/><F0/><W21/><G119/><T17/><D82/><U15/><E37/><V36/><F115/><W38/><G21/><T39/><D39/><U72/><E72/><V59/><F84/><W74/><G99/><T29/><REACH who="0" step="1"/><D14/><REACH who="0" ten="350,223,239,178" step="2"/><N who="1" m="9239" /><E40/><V86/><F36/><W22/><G104/><T34/><D34/><U65/><E103/><V89/><F59/><W130/><G130/><T131/><D131/><U55/><E55/><V23/><F66/><W97/><G53/><T98/><D98/><U121/><E121/><V95/><F23/><W78/><G97/><T45/><D45/><U117/><E117/><V81/><F81/><AGARI ba="0,1" hai="4,8,15,64,65,67,81,85,91,92,93" m="9239" machi="81" ten="30,5800,0" yaku="8,1,52,1,54,1" doraHai="12" who="1" fromWho="2" sc="350,0,223,68,239,-58,178,0" /><INIT seed="1,1,0,2,1,93" ten="350,291,181,178" oya="1" hai0="4,96,14,122,11,76,115,52,104,40,126,128,45" hai1="118,90,133,61,1,22,70,7,18,10,102,25,67" hai2="135,57,64,75,53,105,100,103,15,6,65,36,97" hai3="89,84,49,50,91,44,95,46,123,38,72,9,114"/><U17/><E118/><V30/><F135/><W82/><G114/><T117/><D115/><U81/><E133/><V63/><F75/><W110/><G110/><T134/><D117/><U5/><E5/><V37/><F30/><W41/><G123/><T85/><D134/><U66/><E66/><V98/><F37/><W32/><G32/><T8/><D122/><U87/><REACH who="1" step="1"/><E102/><REACH who="1" ten="350,281,181,178" step="2"/><V68/><F68/><W31/><G31/><AGARI ba="1,1" hai="1,7,10,17,18,22,25,31,61,67,70,81,87,90" machi="31" ten="30,12000,1" yaku="1,1,2,1,7,1,53,2" doraHai="93" doraHaiUra="12" who="1" fromWho="3" sc="350,0,281,133,181,0,178,-123" /><INIT seed="1,2,0,3,3,63" ten="350,414,181,55" oya="1" hai0="124,8,2,84,29,22,95,45,23,31,126,1,28" hai1="35,27,98,38,9,61,33,7,13,32,70,99,6" hai2="106,121,40,115,117,16,11,49,92,64,25,66,52" hai3="50,41,79,60,36,59,109,128,55,10,96,125,15"/><U46/><E38/><V17/><F106/><W132/><G109/><T94/><D45/><U102/><E99/><V85/><F117/><W130/><G79/><T83/><D83/><U30/><E46/><N who="2" m="27703" /><F40/><W48/><G96/><T122/><D8/><U93/><E7/><V90/><F121/><W43/><G15/><T26/><D26/><U58/><E70/><V24/><F115/><W12/><G12/><T67/><D84/><U112/><E112/><V47/><F47/><N who="3" m="23975" /><G10/><T100/><D100/><U18/><E6/><V91/><F91/><W44/><G125/><T114/><D114/><U56/><E56/><V42/><F42/><W51/><G132/><T129/><D29/><U87/><E87/><V14/><F25/><W111/><G111/><T78/><D78/><U81/><E81/><V3/><F3/><W76/><G76/><T37/><D37/><AGARI ba="2,0" hai="37,43,44,48,50,51,55,59,60,128,130" m="23975" machi="37" ten="30,2000,0" yaku="34,2" doraHai="63" who="3" fromWho="0" sc="350,-26,414,0,181,0,55,26" /><INIT seed="2,0,0,3,4,3" ten="324,414,181,81" oya="2" hai0="8,124,122,66,83,110,27,54,104,11,65,73,97" hai1="90,81,86,79,72,91,34,106,62,80,96,126,60" hai2="78,1,32,2,19,37,64,18,100,103,36,108,67" hai3="87,46,120,89,38,88,40,31,47,130,121,111,116"/><V123/><F32/><W82/><G116/><T48/><D122/><U43/><E34/><V115/><F78/><W16/><G111/><T131/><D110/><U29/><E29/><V12/><F108/><W58/><G130/><T125/><D131/><U51/><E126/><N who="0" m="48745" /><D27/><U41/><E106/><V45/><F115/><W128/><G128/><T77/><D97/><U13/><E96/><V28/><F28/><W44/><G31/><T105/><D105/><U101/><E101/><V107/><F107/><W0/><G0/><T92/><D92/><U49/><E91/><V15/><REACH who="2" step="1"/><F45/><REACH who="2" ten="324,414,171,81" step="2"/><W112/><G112/><T26/><D104/><U20/><E79/><V17/><F17/><W71/><G46/><T61/><D77/><U5/><E72/><V4/><F4/><W118/><G118/><T39/><D73/><U95/><E5/><V10/><F10/><W114/><G114/><T113/><D11/><U22/><E22/><V24/><F24/><W59/><G47/><T76/><D8/><U129/><E20/><V134/><F134/><W7/><G7/><T23/><D113/><U35/><E35/><V57/><F57/><N who="3" m="21515" /><G71/><T56/><D26/><U42/><E129/><V133/><F133/><W52/><G16/><T102/><D76/><U50/><E13/><V98/><F98/><W74/><G74/><T75/><D75/><U69/><E69/><V63/><F63/><AGARI ba="0,1" hai="41,42,43,49,50,51,60,62,63,80,81,86,90,95" machi="63" ten="40,1300,0" yaku="8,1" doraHai="3" who="1" fromWho="2" sc="324,0,414,23,171,-13,81,0" /><INIT seed="3,0,0,3,2,104" ten="324,437,158,81" oya="3" hai0="28,66,4,3,112,119,26,117,91,89,64,90,63" hai1="11,39,78,93,85,29,110,0,124,17,10,102,23" hai2="47,80,35,68,98,128,75,88,34,105,135,125,95" hai3="22,6,126,45,36,12,103,106,118,81,21,133,109"/><W53/><G118/><T87/><D112/><U49/><E39/><V16/><F68/><W108/><G126/><T54/><D87/><U70/><E70/><V101/><F125/><W67/><G133/><T42/><D42/><U134/><E134/><V38/><F128/><W122/><G122/><T8/><D54/><U65/><E124/><V127/><F135/><W1/><G67/><T24/><D24/><U2/><E65/><V56/><F56/><W73/><G103/><T99/><D99/><U14/><E102/><V116/><F116/><W130/><G106/><T121/><D121/><U86/><E110/><N who="3" m="42602" /><G12/><T111/><D66/><U72/><E0/><V115/><F115/><W13/><G13/><T59/><REACH who="0" step="1"/><D111/><REACH who="0" ten="314,437,158,81" step="2"/><U48/><E86/><V41/><F127/><W123/><G123/><T40/><D40/><U55/><E85/><V107/><F107/><W76/><G130/><T120/><D120/><U79/><E55/><V114/><F101/><W57/><G36/><T96/><D96/><U94/><E79/><N who="2" m="44159" /><F105/><W61/><G45/><T19/><D19/><U84/><E84/><V37/><F114/><W69/><G69/><T33/><AGARI ba="0,1" hai="3,4,8,26,28,33,59,63,64,89,90,91,117,119" machi="33" ten="30,2000,0" yaku="1,1,0,1,53,0" doraHai="104" doraHaiUra="15" who="0" fromWho="0" sc="314,30,437,-5,158,-5,81,-10" owari="344,14.4,432,53.2,153,-24.7,71,-42.9" /></mjloggm>