<mjloggm ver="2.3"><GO type="225" lobby="0"/><UN n0="%E3%81%95%E3%81%8D%E3%81%9F%E3%81%BE%E6%9E%97%E6%AA%8E" n1="%E3%83%96%E3%83%83%E3%83%91%E3%82%AA%E3%83%96%E3%83%81%E3%82%AD%E3%83%B3" n2="%E8%A8%88%E7%AE%97%E6%A9%9F%E8%87%AA%E7%84%B6" n3="%E5%82%8D%E8%8B%A5%E7%84%A1%E4%BA%BA%35%31" dan="16,16,17,16" rate="2125.01,2125.67,2197.64,2152.41" sx="M,M,M,M"/><TAIKYOKU oya="0"/><INIT seed="0,0,0,2,0,54" ten="250,250,250,250" oya="0" hai0="65,127,80,45,62,46,40,44,26,94,43,28,89" hai1="67,128,21,96,77,97,119,42,69,131,113,27,41" hai2="36,126,37,32,73,79,24,18,100,104,81,51,108" hai3="29,112,83,6,93,103,130,1,133,20,35,106,98"/><T22/><D127/><U105/><E119/><V50/><F126/><W85/><G130/><N who="1" m="49706" /><E113/><V72/><F72/><W92/><G133/><T16/><D28/><N who="1" m="17519" /><E77/><V5/><F108/><W91/><G112/><T10/><D10/><U34/><E34/><V135/><F5/><W75/><G35/><T118/><D118/><U132/><E132/><V64/><F135/><W117/><G117/><T109/><D109/><U134/><E134/><V9/><F9/><W60/><G60/><T102/><D102/><N who="1" m="62663" /><E97/><V2/><F100/><W124/><G124/><T25/><D25/><U14/><E14/><V88/><F104/><W49/><G6/><T39/><D39/><U15/><E15/><V61/><F36/><W4/><G4/><T99/><REACH who="0" step="1"/><D80/><REACH who="0" ten="240,250,250,250" step="2"/><U101/><E101/><V47/><F37/><W68/><G29/><T71/><AGARI ba="0,1" hai="16,22,26,40,43,44,45,46,62,65,71,89,94,99" machi="71" ten="30,12000,1" yaku="1,1,2,1,0,1,54,1,53,1" doraHai="54" doraHaiUra="12" who="0" fromWho="0" sc="240,130,250,-40,250,-40,250,-40" /><INIT seed="0,1,0,3,5,102" ten="370,210,210,210" oya="0" hai0="103,32,114,119,125,84,1,76,35,0,30,101,83" hai1="77,33,23,85,58,106,21,70,68,16,111,51,81" hai2="128,117,64,63,11,48,94,91,129,79,19,108,110" hai3="122,74,78,28,59,46,96,115,36,22,109,60,104"/><T39/><D114/><U98/><E33/><V97/><F117/><W100/><G109/><N who="2" m="42089" /><F79/><W121/><G115/><T42/><D119/><U14/><E111/><V41/><F41/><W17/><G28/><T38/><D125/><U57/><E70/><N who="2" m="42271" /><F48/><W47/><G74/><T43/><D30/><U120/><E120/><N who="3" m="46186" /><G78/><T92/><D76/><U65/><E68/><V88/><F91/><W15/><G36/><T25/><D25/><U66/><E23/><V86/><F86/><W131/><G131/><N who="2" m="50249" /><F11/><W12/><G12/><T49/><D49/><U95/><E106/><V24/><F24/><W45/><G45/><T13/><D84/><U5/><E5/><V105/><F19/><W71/><G71/><T80/><D92/><U69/><E69/><V40/><F40/><W61/><G61/><T126/><D126/><U90/><REACH who="1" step="1"/><E58/><REACH who="1" ten="370,200,210,210" step="2"/><V34/><F105/><W26/><G47/><T27/><D27/><U130/><E130/><V124/><F124/><W6/><G46/><T8/><D8/><U2/><E2/><V29/><F29/><N who="3" m="17623" /><G6/><T112/><D112/><U53/><AGARI ba="1,1" hai="14,16,21,51,53,57,65,66,77,81,85,90,95,98" machi="53" ten="30,7900,0" yaku="1,1,0,1,8,1,54,1,53,0" doraHai="102" doraHaiUra="107" who="1" fromWho="1" sc="370,-40,200,92,210,-21,210,-21" /><INIT seed="1,0,0,5,3,134" ten="330,292,189,189" oya="1" hai0="60,44,52,62,85,46,76,102,129,55,105,26,63" hai1="80,123,16,81,119,113,6,133,5,103,9,11,109" hai2="83,135,116,36,47,17,39,92,117,57,34,122,49" hai3="23,54,114,115,91,18,125,96,111,61,78,131,110"/><U124/><E113/><V40/><F34/><W98/><G131/><T8/><D129/><U13/><E119/><N who="2" m="45643" /><F92/><W84/><G54/><T2/><D2/><U93/><E123/><V112/><F17/><W33/><G61/><T130/><D130/><U74/><E133/><V28/><F83/><W97/><G33/><T79/><D105/><U3/><E74/><V50/><F28/><W21/><G78/><N who="0" m="29739" /><D102/><U7/><E109/><N who="3" m="41482" /><G125/><T77/><D26/><U120/><E124/><V41/><F135/><W72/><G72/><T37/><D37/><N who="2" m="14410" /><F122/><W73/><G73/><T48/><D8/><N who="1" m="3147" /><E120/><V22/><F22/><N who="3" m="8203" /><G18/><T126/><D126/><U14/><E3/><V68/><F68/><W121/><G121/><T69/><D69/><U75/><E75/><V30/><F30/><W99/><N who="3" m="24576" /><DORA hai="51" /><W1/><G1/><T12/><D12/><N who="1" m="4715" /><E16/><V89/><F112/><W31/><G31/><T100/><D100/><U64/><E103/><V58/><F89/><W43/><G43/><N who="0" m="24607" /><D46/><AGARI ba="0,0" hai="40,41,46,47,49,50,57,58" m="14410,45643" machi="46" ten="30,2000,0" yaku="34,2" doraHai="134,51" who="2" fromWho="0" sc="330,-20,292,0,189,20,189,0" /><INIT seed="2,0,0,2,0,86" ten="310,292,209,189" oya="2" hai0="123,87,38,70,106,18,29,91,69,56,63,74,116" hai1="41,50,133,97,64,53,12,82,66,85,58,24,5" hai2="8,4,1,96,118,127,113,98,17,61,88,46,131" hai3="45,75,125,42,26,19,20,30,37,7,43,67,31"/><V32/><F113/><W73/><G125/><T124/><D123/><U77/><E133/><V72/><F118/><W135/><G135/><T93/><D74/><U111/><E111/><V2/><F72/><W110/><G110/><T94/><D124/><U36/><E36/><V16/><F127/><W35/><G30/><T122/><D106/><U129/><E129/><V27/><F1/><W23/><G35/><T120/><D38/><U134/><E134/><V40/><F131/><W52/><G7/><T21/><D116/><U6/><E41/><V44/><F61/><W109/><G67/><N who="1" m="25642" /><E24/><V114/><F114/><W48/><G109/><T25/><D70/><U54/><E97/><V126/><F96/><W101/><G101/><T49/><D49/><N who="1" m="31023" /><E12/><V107/><F126/><W132/><G132/><T65/><D69/><U10/><E10/><V130/><F130/><W89/><G43/><T28/><D122/><U112/><E112/><V117/><F117/><W100/><G100/><T105/><D105/><U11/><E11/><V103/><F44/><AGARI ba="0,0" hai="5,6,44,50,54,77,82,85" m="31023,25642" machi="44" ten="30,1000,0" yaku="8,1" doraHai="86" who="1" fromWho="2" sc="310,0,292,10,209,-10,189,0" /><INIT seed="3,0,0,2,5,119" ten="310,302,199,189" oya="3" hai0="132,85,123,112,91,131,78,61,134,4,128,79,96" hai1="20,10,50,88,44,18,63,76,24,70,60,26,31" hai2="52,110,89,71,111,64,106,2,21,48,109,38,49" hai3="16,12,28,122,54,99,65,118,72,51,33,57,32"/><W93/><G122/><T45/><D123/><U62/><E76/><N who="0" m="29225" /><D112/><U5/><E70/><V9/><F38/><W35/><G118/><T69/><D96/><U34/><E88/><V103/><F21/><W74/><G65/><N who="0" m="41135" /><D45/><U14/><E62/><N who="2" m="40343" /><F89/><W102/><REACH who="3" step="1"/><G28/><REACH who="3" ten="310,302,199,179" step="2"/><T30/><D30/><U127/><E127/><V6/><F52/><AGARI ba="0,1" hai="5,10,14,18,20,24,26,31,34,44,50,52,60,63" machi="52" ten="30,2000,0" yaku="7,1,54,1" doraHai="119" who="1" fromWho="2" sc="310,0,302,30,199,-20,179,0" owari="310,11.0,332,43.2,179,-22.1,179,-32.1" /></mjloggm>