<mjloggm ver="2.3"><GO type="225" lobby="0"/><UN n0="%E5%91%A8%E6%9D%B1" n1="%66%67%67%68%68%64%66" n2="%E3%81%BD%E3%81%A1%E3%81%9F%E3%81%93%E3%82%84" n3="%E3%82%AF%E3%82%A3%E3%82%A6" dan="17,16,17,16" rate="2226.82,2074.20,2214.37,2060.97" sx="M,M,M,M"/><TAIKYOKU oya="0"/><INIT seed="0,0,0,3,1,53" ten="250,250,250,250" oya="0" hai0="40,0,90,8,17,5,135,38,57,130,3,36,79" hai1="6,22,69,97,85,111,15,131,43,33,134,67,34" hai2="32,55,20,81,18,26,78,120,128,16,116,101,123" hai3="110,125,30,113,66,64,13,103,23,132,112,25,48"/><T82/><D130/><U122/><E122/><V56/><F128/><W54/><G110/><T74/><D135/><U28/><E131/><V129/><F129/><W11/><G125/><T87/><D3/><U109/><E43/><V80/><F116/><W73/><G132/><T62/><D17/><U83/><E134/><V49/><F32/><W52/><G73/><T70/><D70/><U99/><E67/><V108/><F108/><N who="1" m="41545" /><E69/><V2/><F2/><W37/><G37/><T126/><D40/><U7/><E22/><V118/><F118/><W105/><G105/><T60/><D60/><U114/><E114/><V29/><F101/><W39/><G39/><T98/><D126/><U107/><E15/><V35/><F81/><W121/><G121/><T65/><REACH who="0" step="1"/><D98/><REACH who="0" ten="240,250,250,250" step="2"/><U104/><E97/><V93/><F18/><W94/><G113/><T61/><D61/><U88/><E99/><V117/><F117/><W76/><G112/><T44/><D44/><U71/><E71/><V1/><F1/><W47/><G103/><T12/><D12/><U119/><E119/><V50/><F120/><W72/><G13/><T42/><D42/><U95/><E6/><V124/><F124/><W84/><G11/><T115/><D115/><U68/><E7/><V4/><F4/><W46/><G46/><T58/><D58/><U106/><E68/><V89/><F123/><W96/><G96/><T92/><AGARI ba="0,1" hai="0,5,8,36,38,57,62,65,74,79,82,87,90,92" machi="92" ten="20,7800,0" yaku="1,1,0,1,7,1,52,1,53,0" doraHai="53" doraHaiUra="133" who="0" fromWho="0" sc="240,88,250,-26,250,-26,250,-26" /><INIT seed="0,1,0,2,3,123" ten="328,224,224,224" oya="0" hai0="17,4,107,34,35,45,127,102,6,47,36,101,113" hai1="9,93,77,66,94,128,111,48,95,85,62,8,16" hai2="115,13,12,106,68,110,5,1,28,65,25,44,56" hai3="84,133,131,125,40,39,64,112,59,88,122,63,3"/><T24/><D24/><U81/><E128/><V46/><F115/><W108/><G112/><T21/><D21/><U37/><E37/><V54/><F106/><W33/><G33/><T32/><D113/><U69/><E111/><V119/><F119/><W71/><G3/><T121/><D17/><U61/><E48/><V134/><F134/><W60/><G122/><T118/><D121/><U41/><E41/><V76/><F1/><W20/><G125/><T99/><D118/><U14/><REACH who="1" step="1"/><E62/><REACH who="1" ten="328,214,224,224" step="2"/><V90/><F110/><W100/><G131/><T79/><D36/><U70/><E70/><V97/><F68/><W0/><G108/><T51/><D51/><U109/><E109/><V91/><F46/><W7/><G40/><T31/><D47/><U114/><E114/><V30/><F44/><W116/><G39/><T117/><D45/><U19/><E19/><V129/><F129/><W38/><G38/><T49/><D49/><U10/><AGARI ba="1,1" hai="8,9,10,14,16,61,66,69,77,81,85,93,94,95" machi="10" ten="30,7900,0" yaku="1,1,0,1,54,1,53,1" doraHai="123" doraHaiUra="67" who="1" fromWho="1" sc="328,-40,214,92,224,-21,224,-21" /><INIT seed="1,0,0,4,4,99" ten="288,306,203,203" oya="1" hai0="9,82,32,4,107,131,54,51,89,87,78,76,105" hai1="106,79,17,55,25,44,19,123,31,23,61,127,0" hai2="5,101,26,110,77,90,12,120,37,15,3,21,102" hai3="66,39,2,49,130,116,62,53,1,20,93,113,108"/><U98/><E123/><V103/><F120/><W50/><G113/><T88/><D32/><U60/><E0/><V95/><F37/><W6/><G108/><T96/><D131/><U13/><E127/><V18/><F110/><W30/><G39/><T68/><D68/><U114/><E114/><V33/><F77/><W135/><G130/><T40/><D40/><U65/><E79/><V81/><F81/><W84/><G135/><T16/><D107/><U100/><E19/><V63/><F33/><W8/><G116/><T118/><D118/><U35/><REACH who="1" step="1"/><E65/><REACH who="1" ten="288,296,203,203" step="2"/><V22/><F3/><W133/><G1/><T85/><D16/><U71/><E71/><V27/><F63/><W128/><G128/><T14/><D78/><U10/><E10/><N who="2" m="4175" /><F21/><W28/><G20/><T47/><D76/><U117/><E117/><V83/><F83/><W42/><G66/><T41/><D82/><U109/><E109/><V34/><F34/><W52/><G62/><T46/><D9/><U72/><E72/><V36/><F36/><W121/><G8/><T56/><D4/><U48/><AGARI ba="0,1" hai="13,17,23,25,31,35,44,48,55,60,61,98,100,106" machi="48" ten="30,11700,0" yaku="1,1,0,1,52,1,53,1" doraHai="99" doraHaiUra="24" who="1" fromWho="1" sc="288,-39,296,127,203,-39,203,-39" /><INIT seed="1,1,0,3,4,114" ten="249,423,164,164" oya="1" hai0="112,135,116,25,40,18,65,89,47,7,104,123,126" hai1="94,67,76,86,1,45,30,66,27,118,99,134,72" hai2="9,83,93,73,119,61,50,70,55,71,39,35,129" hai3="69,97,111,53,81,15,24,74,78,41,82,96,128"/><U20/><E1/><V77/><F129/><W95/><G69/><T48/><D116/><U130/><E72/><V125/><F125/><W62/><G111/><T98/><D112/><U120/><E120/><V16/><F39/><W56/><G128/><T38/><D7/><U21/><E134/><V22/><F35/><W46/><G82/><T6/><D6/><U26/><E118/><V29/><F119/><W64/><G64/><T90/><D65/><U85/><E45/><V133/><F61/><W10/><G24/><T121/><D38/><U44/><E44/><V124/><F124/><W84/><G95/><T52/><D40/><U103/><E130/><V43/><F43/><W80/><G80/><T132/><D126/><U5/><E5/><V88/><F9/><W107/><G107/><T110/><D110/><U37/><E37/><V19/><F29/><W8/><G74/><T36/><D36/><U108/><E108/><V109/><F19/><W75/><G75/><T0/><D0/><U92/><E76/><V14/><F133/><N who="0" m="51274" /><D104/><U51/><E51/><V87/><REACH who="2" step="1"/><F109/><REACH who="2" ten="249,423,154,164" step="2"/><W11/><REACH who="3" step="1"/><G15/><REACH who="3" ten="249,423,154,154" step="2"/><T2/><D2/><U101/><E30/><V23/><F23/><W127/><G127/><T42/><D121/><U63/><E20/><V28/><F28/><W117/><G117/><T59/><D123/><U102/><E21/><V31/><F31/><W49/><AGARI ba="1,2" hai="8,10,11,41,46,49,53,56,62,78,81,84,96,97" machi="49" ten="30,4000,0" yaku="1,1,0,1,8,1,53,0" doraHai="114" doraHaiUra="131" who="3" fromWho="3" sc="249,-11,423,-21,154,-11,154,63" /><INIT seed="2,0,0,3,5,14" ten="238,402,143,217" oya="2" hai0="135,10,131,95,97,0,59,42,38,69,109,62,23" hai1="28,88,25,21,98,114,15,13,111,128,30,36,70" hai2="2,110,85,73,103,34,60,20,52,133,41,89,33" hai3="48,129,100,72,7,104,51,99,81,77,84,18,134"/><V121/><F121/><W83/><G129/><T67/><D131/><U4/><E128/><V102/><F73/><W71/><G71/><T32/><D32/><U107/><E114/><V26/><F2/><W106/><G134/><T117/><D135/><U91/><E36/><V116/><F116/><W56/><G56/><T8/><D117/><U11/><E70/><V35/><F41/><W58/><G58/><T46/><D109/><U118/><E111/><V130/><F133/><W37/><G37/><T6/><D10/><U124/><E124/><V63/><F110/><W94/><G7/><T115/><D115/><U66/><E66/><V24/><F130/><W61/><G61/><T53/><D23/><U1/><E30/><V44/><F63/><W12/><G106/><T112/><D112/><U16/><E15/><V119/><F119/><W105/><G104/><T22/><D22/><U96/><E118/><V113/><F113/><W29/><G29/><T27/><D27/><N who="2" m="10282" /><F20/><W3/><G3/><T80/><D69/><U122/><E122/><V65/><F65/><W76/><REACH who="3" step="1"/><G105/><REACH who="3" ten="238,402,143,207" step="2"/><T93/><D38/><U126/><E107/><V75/><F60/><W31/><G31/><T125/><D62/><U132/><E132/><V9/><F33/><W78/><G78/><T92/><D0/><U5/><E1/><V90/><F34/><W87/><G87/><T74/><D67/><U120/><E28/><V49/><F35/><W17/><G17/><T54/><D6/><U68/><E68/><V43/><F85/><W64/><G64/><T123/><D59/><U45/><E4/><RYUUKYOKU ba="0,1" sc="238,-10,402,-10,143,-10,207,30" hai3="12,18,48,51,72,76,77,81,83,84,94,99,100" /><INIT seed="3,1,1,2,0,69" ten="228,392,133,237" oya="3" hai0="76,51,102,25,48,3,84,26,131,80,111,47,50" hai1="75,110,56,43,37,10,128,34,129,106,49,98,91" hai2="134,24,130,117,90,67,66,112,58,82,53,27,107" hai3="23,41,97,104,121,7,52,115,118,116,40,114,99"/><W85/><G7/><T71/><D3/><U38/><E34/><V28/><F112/><N who="3" m="43051" /><G23/><T109/><D71/><U9/><E75/><V65/><F117/><N who="3" m="45163" /><G52/><T122/><D122/><U15/><E43/><V16/><F130/><W124/><G85/><T13/><D131/><U57/><E9/><V55/><F134/><W88/><G88/><T5/><D102/><U94/><E10/><V17/><F107/><W96/><G104/><T108/><D47/><U59/><E106/><V0/><F0/><W12/><G12/><T83/><D83/><U70/><E15/><V125/><F125/><W44/><G44/><T86/><D84/><U11/><E11/><AGARI ba="1,1" hai="5,11,13,25,26,48,50,51,76,80,86,108,109,111" machi="11" ten="50,1600,0" yaku="14,1" doraHai="69" who="0" fromWho="1" sc="228,29,392,-19,133,0,237,0" owari="257,5.7,373,47.3,133,-36.7,237,-16.3" /></mjloggm>