<mjloggm ver="2.3"><GO type="225" lobby="0"/><UN n0="%47%68%6F%73%74%55%30" n1="%E4%BF%BA%E3%81%A8%E5%A6%96%E5%A4%A2" n2="%E5%8D%A0%E3%81%84%E5%B8%AB%E8%A3%8F%E3%81%AA%E3%81%84%E3%81%97" n3="%E6%9D%B1%E9%A2%A8%E3%81%AE%E3%81%8D%E3%82%83%E3%81%B7%E3%81%95%E3%82%93" dan="16,16,17,16" rate="2142.73,2230.16,2167.12,2096.70" sx="F,F,M,M"/><TAIKYOKU oya="0"/><INIT seed="0,0,0,1,4,53" ten="250,250,250,250" oya="0" hai0="130,11,15,55,44,5,113,18,41,103,117,100,39" hai1="46,120,116,95,96,115,94,70,68,91,125,35,105" hai2="135,34,71,1,69,109,54,73,85,0,63,132,40" hai3="61,57,47,75,6,4,99,3,111,37,29,67,42"/><T50/><D117/><U76/><E116/><V43/><F34/><W104/><G111/><T14/><D130/><U12/><E120/><V31/><F109/><W112/><G112/><T77/><D113/><U122/><E122/><V25/><F73/><W26/><G75/><T65/><D77/><U52/><E105/><V60/><F85/><W121/><G3/><N who="2" m="1097" /><F25/><W2/><G2/><T88/><D65/><U101/><E35/><V102/><F102/><W51/><G121/><T78/><D78/><U114/><E125/><V118/><F31/><W74/><G74/><T32/><D32/><U22/><E76/><V48/><F48/><W92/><G104/><T24/><D24/><U20/><E101/><V36/><F54/><W108/><G37/><T27/><D27/><U86/><E86/><V64/><F36/><W79/><G79/><T7/><D88/><U58/><E95/><V81/><F81/><W33/><REACH who="3" step="1"/><G108/><REACH who="3" ten="250,250,250,240" step="2"/><T84/><D39/><U17/><E115/><V93/><F118/><W89/><AGARI ba="0,1" hai="4,6,26,29,33,42,47,51,57,61,67,89,92,99" machi="89" ten="20,8000,1" yaku="1,1,2,1,0,1,7,1,52,1,53,0" doraHai="53" doraHaiUra="124" who="3" fromWho="3" sc="250,-40,250,-20,250,-20,240,90" /><INIT seed="1,0,0,0,4,56" ten="210,230,230,330" oya="1" hai0="99,121,60,133,36,112,83,65,116,98,25,128,21" hai1="96,14,50,61,3,32,119,10,131,76,2,114,132" hai2="108,35,17,5,6,103,44,135,77,49,102,67,30" hai3="78,22,105,33,45,18,111,0,122,58,48,97,16"/><U66/><E114/><V75/><F108/><W54/><G0/><T31/><D112/><U55/><E119/><V52/><F135/><W92/><G111/><T26/><D116/><U59/><E32/><V120/><F120/><W126/><G33/><T42/><D133/><U15/><E132/><V71/><F75/><W109/><G105/><T38/><D128/><U86/><E131/><V37/><F77/><W23/><G78/><T72/><D121/><U84/><E96/><V40/><F17/><W57/><G126/><T94/><D99/><U34/><E34/><V81/><F81/><W43/><G122/><T107/><D42/><U7/><E2/><V80/><F80/><W53/><G109/><T20/><D107/><U51/><E51/><V74/><F74/><W85/><G85/><T106/><D83/><U24/><E24/><V28/><F5/><W124/><G124/><T123/><D72/><U91/><E84/><V95/><F6/><W88/><G22/><T127/><D106/><U134/><E76/><V73/><F73/><W130/><G130/><T64/><D64/><U82/><REACH who="1" step="1"/><E134/><REACH who="1" ten="210,220,230,330" step="2"/><V115/><F115/><W110/><G110/><T90/><D123/><U113/><E113/><V79/><F79/><W87/><G97/><T19/><REACH who="0" step="1"/><D127/><REACH who="0" ten="200,220,230,330" step="2"/><U12/><E12/><V93/><F103/><W117/><G117/><T8/><D8/><U13/><E13/><V129/><F102/><W46/><G23/><T100/><D100/><U9/><E9/><V125/><F125/><W104/><G104/><T101/><D101/><U63/><E63/><N who="2" m="40447" /><F129/><W29/><G87/><RYUUKYOKU ba="0,2" sc="200,15,220,15,230,-15,330,-15" hai0="19,20,21,25,26,31,36,38,60,65,90,94,98" hai1="3,7,10,14,15,50,55,59,61,66,82,86,91" /><INIT seed="1,1,2,0,5,57" ten="215,235,215,315" oya="1" hai0="95,55,87,47,101,84,15,123,67,61,4,121,130" hai1="51,93,128,60,118,129,79,29,24,18,13,97,54" hai2="89,124,107,52,120,96,34,46,58,98,3,43,132" hai3="37,114,112,6,27,48,44,5,32,125,22,85,45"/><U53/><E118/><V104/><F120/><N who="0" m="46154" /><D130/><N who="1" m="50283" /><E79/><V83/><F3/><W103/><G32/><T102/><D4/><U70/><E13/><V73/><F34/><W23/><G103/><N who="0" m="39435" /><D15/><U131/><N who="1" m="50291" /><U68/><DORA hai="66" /><E18/><V74/><F124/><W69/><G85/><N who="0" m="32843" /><D95/><U35/><E60/><V33/><F33/><W49/><G125/><T39/><D39/><U0/><E0/><V81/><F132/><W40/><G37/><T7/><D7/><U135/><E135/><V65/><F65/><W122/><G122/><T80/><D80/><U25/><E25/><V108/><F83/><W62/><G27/><T41/><D41/><U28/><E28/><V116/><F81/><W117/><G40/><T26/><D26/><U38/><E38/><V111/><F43/><W92/><G92/><T2/><D2/><U17/><E17/><V19/><F19/><W113/><G113/><T56/><D47/><N who="1" m="27903" /><E54/><AGARI ba="1,2" hai="54,55,56,61,67" m="32843,39435,46154" machi="54" ten="30,2000,0" yaku="13,1,52,1" doraHai="57,66" who="0" fromWho="1" sc="215,43,235,-23,215,0,315,0" /><INIT seed="2,0,0,1,0,29" ten="258,212,215,315" oya="2" hai0="126,122,30,75,90,47,36,4,68,77,41,70,118" hai1="76,55,57,84,119,44,8,106,128,83,23,18,89" hai2="64,60,62,98,48,43,16,93,49,116,6,104,130" hai3="65,39,53,91,85,87,45,0,96,3,33,105,21"/><V35/><F116/><W14/><G65/><T88/><D122/><U40/><E119/><V74/><F104/><W9/><G33/><T13/><D118/><U115/><E115/><V97/><F74/><W27/><G87/><T17/><D126/><U125/><E106/><V100/><F130/><W107/><G107/><T31/><D4/><U5/><E128/><V69/><F6/><W108/><G108/><T127/><D127/><U12/><E40/><V120/><F120/><W52/><G39/><T19/><D19/><U114/><E44/><V1/><F1/><W78/><G78/><T7/><D7/><U92/><E114/><V99/><F35/><W2/><G45/><T124/><D124/><U67/><E67/><V121/><F121/><W24/><G96/><T111/><D111/><U15/><E125/><V38/><F60/><W103/><G103/><T63/><D77/><U81/><REACH who="1" step="1"/><E76/><REACH who="1" ten="258,202,215,315" step="2"/><V58/><F69/><W110/><G105/><T72/><D70/><U54/><E54/><V123/><F123/><W26/><G110/><T11/><D68/><U101/><E101/><V42/><F38/><W20/><G52/><T135/><D41/><U50/><AGARI ba="0,1" hai="5,8,12,15,18,23,50,55,57,81,83,84,89,92" machi="50" ten="20,12000,2" yaku="1,1,0,1,7,1,25,2,8,1,53,0" doraHai="29" doraHaiUra="61" who="1" fromWho="1" sc="258,-30,202,130,215,-60,315,-30" /><INIT seed="3,0,0,4,3,9" ten="228,332,155,285" oya="3" hai0="41,49,60,38,33,86,83,121,89,5,36,11,78" hai1="72,43,130,110,8,73,88,91,55,63,29,23,77" hai2="52,54,34,66,40,120,135,3,13,114,108,102,81" hai3="1,27,126,2,134,15,84,56,116,68,131,16,19"/><W28/><G68/><T42/><D121/><U14/><E110/><V76/><F114/><W65/><G116/><T133/><D33/><U75/><E130/><V104/><F3/><W39/><G39/><T92/><D133/><U101/><E101/><V37/><F108/><W94/><G134/><T22/><D22/><U99/><E43/><V93/><F135/><W47/><G47/><T118/><D118/><U45/><E77/><V44/><F104/><W7/><G131/><T100/><D60/><U129/><E99/><V128/><F120/><W70/><G70/><T80/><D80/><U105/><E105/><V57/><F34/><W26/><G126/><T127/><D100/><U119/><E119/><V79/><F128/><W123/><G123/><T87/><D127/><U113/><E113/><V67/><F79/><W85/><G1/><T35/><D35/><U112/><E112/><V117/><F117/><W10/><G94/><T20/><D20/><U32/><E32/><V18/><F93/><W96/><G96/><T97/><D97/><U71/><E71/><V69/><F102/><W50/><G2/><T0/><D41/><U58/><E45/><V103/><F103/><W51/><G65/><N who="2" m="24585" /><F57/><W132/><G56/><T53/><D42/><U62/><E62/><V30/><F30/><W4/><G28/><T95/><D95/><U46/><E46/><AGARI ba="0,0" hai="0,5,11,36,38,46,49,53,78,83,86,87,89,92" machi="46" ten="30,1000,0" yaku="7,1" doraHai="9" who="0" fromWho="1" sc="228,10,332,-10,155,0,285,0" owari="238,-16.2,322,42.2,155,-34.5,285,8.5" /></mjloggm>