<mjloggm ver="2.3"><GO type="225" lobby="0"/><UN n0="%E7%99%BD%E5%80%89%E5%AF%9B%E4%B9%8B" n1="%E3%82%A4%E3%83%BC%E3%82%B1%E3%83%97%E3%83%A9" n2="%79%75%72%69%6D%6F%67" n3="%4C%4F%4C%49%54%41" dan="16,16,16,16" rate="2161.80,2128.70,2167.22,2093.16" sx="M,M,F,F"/><TAIKYOKU oya="0"/><INIT seed="0,0,0,5,2,113" ten="250,250,250,250" oya="0" hai0="107,88,53,20,118,93,35,59,8,17,81,51,4" hai1="112,129,56,39,99,85,76,123,36,11,28,94,44" hai2="110,65,101,64,117,133,5,27,38,90,26,108,73" hai3="132,87,97,37,92,119,54,47,126,70,130,124,9"/><T32/><D107/><U49/><E123/><V116/><F38/><W80/><G70/><T2/><D81/><U82/><E112/><V104/><F73/><W40/><G132/><T29/><D29/><U19/><E28/><V10/><F90/><W106/><G106/><T61/><D118/><N who="2" m="45674" /><F101/><N who="3" m="60583" /><G119/><T14/><REACH who="0" step="1"/><D61/><REACH who="0" ten="240,250,250,250" step="2"/><U96/><E82/><V125/><F104/><W83/><G83/><T135/><D135/><U67/><E76/><V31/><F133/><W63/><G63/><T43/><D43/><U33/><E94/><V77/><F125/><W121/><G80/><T79/><D79/><U24/><E129/><V127/><F77/><W91/><G130/><T89/><D89/><U21/><E33/><N who="2" m="20727" /><F127/><W45/><G124/><T71/><D71/><U34/><E34/><V131/><F131/><W66/><G126/><T62/><D62/><U23/><E67/><N who="2" m="25675" /><F27/><W109/><G91/><T18/><D18/><U6/><E19/><V48/><F48/><W55/><G37/><T0/><D0/><AGARI ba="0,1" hai="0,5,10,108,110" m="25675,20727,45674" machi="0" ten="30,7700,0" yaku="12,1,52,3" doraHai="113" who="2" fromWho="0" sc="240,-77,250,0,250,87,250,0" /><INIT seed="1,0,0,3,1,39" ten="163,250,337,250" oya="1" hai0="57,77,91,99,31,114,73,24,92,68,40,32,23" hai1="65,25,124,84,121,117,36,35,58,135,129,107,46" hai2="108,20,105,7,52,88,134,125,22,55,69,132,21" hai3="47,64,90,19,130,29,0,5,118,60,63,94,38"/><U112/><RYUUKYOKU type="yao9" ba="0,0" sc="163,0,250,0,337,0,250,0" hai1="25,35,36,46,58,65,84,107,112,117,121,124,129,135" /><INIT seed="1,1,0,3,3,28" ten="163,250,337,250" oya="1" hai0="8,12,3,21,42,36,52,92,15,71,82,114,116" hai1="90,135,27,99,112,9,68,35,125,84,91,34,79" hai2="120,17,104,74,95,54,26,30,63,107,122,39,65" hai3="111,18,22,40,4,11,127,80,75,0,119,43,133"/><U2/><E112/><V131/><F74/><W124/><G111/><T118/><D71/><U50/><E68/><V94/><F39/><W56/><G133/><T25/><D114/><U29/><E79/><V97/><F95/><W86/><G75/><T6/><D42/><U31/><E135/><V33/><F107/><W58/><G58/><T132/><D36/><U134/><E134/><V44/><F131/><W70/><G56/><T108/><D132/><U66/><E66/><V85/><F85/><W76/><G70/><T72/><D92/><U101/><E125/><N who="3" m="48202" /><G119/><N who="0" m="45611" /><D52/><U23/><E50/><V62/><F17/><W48/><G48/><T126/><D82/><U93/><E29/><V14/><F14/><AGARI ba="1,0" hai="0,4,11,14,18,22,40,43,76,80,86" m="48202" machi="14" ten="30,1000,0" yaku="18,1" doraHai="28" who="3" fromWho="2" sc="163,0,250,0,337,-13,250,13" /><INIT seed="2,0,0,3,5,131" ten="163,250,324,263" oya="2" hai0="32,119,29,19,37,92,114,45,23,76,48,15,109" hai1="67,42,49,57,0,58,3,123,17,103,75,120,66" hai2="122,27,8,99,115,81,82,130,135,47,89,35,101" hai3="96,22,77,13,86,20,72,24,65,33,132,127,7"/><V10/><F115/><W85/><G72/><T70/><D70/><U100/><E17/><V83/><F122/><N who="1" m="46633" /><E75/><V31/><F130/><W16/><G127/><T111/><D37/><U6/><E42/><V80/><F47/><W74/><G33/><T118/><D76/><U73/><E73/><V63/><F135/><W53/><G65/><N who="1" m="24586" /><E49/><V134/><F134/><W60/><G132/><T14/><D92/><U40/><E40/><V104/><N who="2" m="20480" /><DORA hai="55" /><V41/><F89/><W18/><G74/><T97/><D97/><U43/><E43/><V34/><F41/><W105/><G7/><T107/><D48/><U128/><E128/><V26/><REACH who="2" step="1"/><F63/><REACH who="2" ten="163,250,314,263" step="2"/><W59/><REACH who="3" step="1"/><G77/><REACH who="3" ten="163,250,314,253" step="2"/><T51/><D114/><U64/><E6/><V11/><F11/><W79/><G79/><T52/><D118/><U56/><E64/><V28/><AGARI ba="0,2" hai="8,10,26,27,28,31,34,35,99,101,104" m="20480" machi="28" ten="40,7800,0" yaku="1,1,0,1,9,1,53,0" doraHai="131,55" doraHaiUra="50,112" who="2" fromWho="2" sc="163,-26,250,-26,314,98,253,-26" /><INIT seed="2,1,0,4,4,93" ten="137,224,412,227" oya="2" hai0="117,107,97,79,98,44,131,124,47,32,69,104,10" hai1="57,19,1,46,51,81,27,132,2,64,52,24,70" hai2="95,96,17,37,14,13,53,0,6,7,129,122,43" hai3="34,116,54,30,128,85,94,101,15,40,5,9,8"/><V106/><F129/><W72/><G72/><T33/><D10/><U77/><E132/><V38/><F106/><N who="0" m="40490" /><D79/><U12/><E70/><V103/><F0/><W91/><G116/><T3/><D3/><U121/><E121/><V114/><F114/><W39/><G128/><T21/><D131/><U60/><E1/><V22/><F43/><W62/><G101/><T66/><D21/><N who="1" m="11495" /><E2/><V68/><F68/><W75/><G75/><T100/><D69/><U125/><E125/><V29/><F29/><W84/><G34/><N who="0" m="13419" /><D100/><U28/><E28/><V108/><F108/><W87/><G30/><T35/><N who="0" m="13427" /><T134/><DORA hai="65" /><D66/><U110/><E110/><V88/><F122/><W41/><G9/><T31/><D31/><U55/><E64/><V59/><F103/><W18/><G5/><T102/><D102/><U58/><E58/><V61/><REACH who="2" step="1"/><F14/><REACH who="2" ten="137,224,402,227" step="2"/><W118/><G15/><T45/><D117/><U127/><E127/><V90/><F90/><W130/><G118/><T115/><D124/><U123/><E123/><V89/><F89/><W105/><G130/><T4/><D115/><U73/><E24/><V48/><F48/><W63/><G105/><T74/><D134/><U99/><E27/><V112/><F112/><W36/><G91/><T133/><D133/><U113/><E113/><V20/><F20/><W119/><G119/><T135/><D135/><U49/><E51/><V16/><F16/><W26/><G18/><T50/><D50/><U67/><E49/><V82/><F82/><W111/><G111/><T86/><D4/><AGARI ba="1,1" hai="4,6,7,13,17,22,37,38,53,59,61,88,95,96" machi="4" ten="40,7700,0" yaku="1,1,52,1,54,1,53,0" doraHai="93,65" doraHaiUra="120,23" who="2" fromWho="0" sc="137,-80,224,0,402,90,227,0" /><INIT seed="2,2,0,5,5,15" ten="57,224,492,227" oya="2" hai0="88,67,61,43,81,66,95,84,111,7,3,33,114" hai1="123,73,86,9,112,122,36,101,121,118,42,115,8" hai2="82,98,77,132,100,31,58,24,55,94,133,54,113" hai3="78,117,104,40,97,13,119,126,105,26,41,135,83"/><V92/><F113/><N who="1" m="43593" /><E73/><V74/><F92/><W75/><G26/><T107/><D114/><U25/><E118/><N who="3" m="45066" /><G40/><T44/><D107/><N who="3" m="41033" /><G13/><T72/><D33/><U6/><E101/><V51/><REACH who="2" step="1"/><F55/><REACH who="2" ten="57,224,482,227" step="2"/><W5/><G126/><T10/><D111/><U29/><E121/><V109/><F109/><W69/><G135/><T79/><REACH who="0" step="1"/><D61/><REACH who="0" ten="47,224,482,227" step="2"/><U110/><E110/><V21/><AGARI ba="2,2" hai="21,24,31,51,54,58,74,77,82,94,98,100,132,133" machi="21" ten="30,6000,0" yaku="1,1,0,1,53,1" doraHai="15" doraHaiUra="27" who="2" fromWho="2" sc="47,-22,224,-22,482,86,227,-22" /><INIT seed="2,3,0,3,3,67" ten="25,202,568,205" oya="2" hai0="37,124,1,21,35,82,117,133,19,93,129,12,58" hai1="116,24,127,29,79,75,104,36,27,111,63,68,41" hai2="61,0,14,85,8,26,7,3,18,135,28,112,34" hai3="130,70,57,91,122,17,113,106,120,65,99,33,43"/><V20/><F61/><N who="3" m="40239" /><G57/><T109/><D58/><U30/><E116/><V64/><F85/><W110/><G17/><T90/><D82/><N who="1" m="45439" /><E27/><V134/><F64/><W94/><G91/><T131/><D93/><U126/><E29/><V22/><F112/><W54/><G54/><T78/><D90/><U107/><E111/><V123/><F123/><W13/><G13/><T11/><D78/><U100/><E63/><V56/><F56/><W40/><G94/><T98/><D98/><N who="1" m="61463" /><E68/><V15/><F3/><W45/><G40/><T114/><D21/><U69/><E69/><V73/><F73/><W108/><G130/><T86/><D86/><U9/><E9/><V50/><F50/><N who="3" m="26943" /><G33/><T89/><D89/><U132/><E107/><V39/><F39/><W59/><G59/><T32/><D32/><N who="1" m="20551" /><E132/><V38/><F38/><W121/><G113/><T128/><D128/><U119/><E119/><V62/><F62/><W4/><G121/><T10/><D10/><U16/><E16/><AGARI ba="3,0" hai="0,7,8,14,15,16,18,20,22,26,28,34,134,135" machi="16" ten="40,18000,2" yaku="9,1,24,2,34,3,54,1" doraHai="67" who="2" fromWho="1" sc="25,0,202,-189,568,189,205,0" /><INIT seed="2,4,0,2,2,26" ten="25,13,757,205" oya="2" hai0="51,125,71,72,52,100,54,4,39,113,105,111,38" hai1="98,53,56,24,33,31,131,47,90,20,118,82,106" hai2="30,99,96,40,3,73,130,21,126,133,16,10,23" hai3="108,114,115,80,129,48,89,12,5,59,66,8,124"/><V13/><F73/><W79/><G108/><T123/><D72/><U43/><E118/><V117/><F117/><W27/><G124/><T127/><D123/><U32/><E131/><V112/><F112/><W45/><G129/><T85/><D113/><U6/><E6/><V41/><F130/><W78/><G27/><T68/><D111/><U46/><E106/><V91/><F126/><N who="0" m="48138" /><D4/><U94/><E82/><V15/><F133/><W2/><G2/><T74/><D74/><U103/><E103/><V134/><F3/><W35/><G35/><T11/><D11/><U19/><E19/><V29/><F134/><W75/><G89/><T9/><D9/><U65/><E65/><V88/><F10/><W61/><G78/><T104/><D85/><U60/><REACH who="1" step="1"/><E47/><REACH who="1" ten="25,3,757,205" step="2"/><V70/><F70/><N who="0" m="26666" /><D54/><U14/><E14/><V121/><F121/><W22/><G115/><T55/><D55/><U28/><E28/><V64/><F16/><W107/><G114/><T25/><D25/><U67/><E67/><AGARI ba="4,1" hai="13,15,21,23,29,30,40,41,64,67,88,91,96,99" machi="67" ten="25,18000,2" yaku="22,2,8,1,52,2,54,1" doraHai="26" who="2" fromWho="1" sc="25,0,3,-192,757,202,205,0" owari="25,-37.5,-189,-68.9,959,105.9,205,0.5" /></mjloggm>