<mjloggm ver="2.3"><GO type="225" lobby="0"/><UN n0="%E3%83%96%E3%83%83%E3%83%91%E3%82%AA%E3%83%96%E3%83%81%E3%82%AD%E3%83%B3" n1="%33%74%72%65%65" n2="%E7%AB%8B%E8%8A%B1%E9%9F%BF" n3="%E9%B3%B3%E6%9D%B1%E3%81%AE%E3%81%BF%E3%81%91%E3%81%AB%E3%82%83%E3%82%93" dan="16,17,17,16" rate="2162.08,2230.08,2178.03,2135.29" sx="M,F,F,F"/><TAIKYOKU oya="0"/><INIT seed="0,0,0,0,3,42" ten="250,250,250,250" oya="0" hai0="15,113,82,69,110,78,19,6,114,109,77,4,128" hai1="30,37,55,127,91,132,8,71,0,76,117,84,61" hai2="29,36,17,66,101,100,129,50,47,134,60,5,51" hai3="106,46,75,135,133,104,31,116,94,99,21,68,115"/><T22/><D69/><U126/><E117/><V45/><F36/><W11/><G116/><T83/><D128/><U32/><E132/><N who="3" m="50762" /><G115/><T43/><D43/><U14/><E0/><V103/><F134/><W105/><G75/><T53/><D53/><U49/><E76/><V57/><F129/><W67/><G11/><T41/><D41/><U123/><E37/><V1/><F29/><W97/><G94/><T95/><D95/><U18/><E123/><V23/><F5/><W88/><G67/><T44/><D22/><U28/><E28/><V35/><F1/><W59/><G59/><T80/><D19/><U72/><E72/><V130/><F35/><W48/><G68/><T131/><D131/><U92/><E30/><V54/><F130/><W7/><G7/><N who="0" m="2603" /><D44/><N who="2" m="16970" /><F66/><W2/><G2/><T26/><D15/><AGARI ba="0,0" hai="15,17,23,50,51,54,57,60,100,101,103" m="16970" machi="15" ten="30,7700,0" yaku="8,1,52,3" doraHai="42" who="2" fromWho="0" sc="250,-77,250,0,250,77,250,0" /><INIT seed="1,0,0,2,3,88" ten="173,250,327,250" oya="1" hai0="74,75,6,131,32,42,41,66,101,93,102,91,50" hai1="87,132,21,90,76,77,63,79,111,70,22,47,107" hai2="113,35,115,71,73,34,31,98,15,52,54,33,2" hai3="16,99,3,127,40,114,55,69,10,60,116,110,62"/><U82/><E132/><V46/><F2/><W135/><G135/><T61/><D32/><U80/><E107/><V78/><F71/><W58/><G114/><N who="2" m="43529" /><F15/><N who="3" m="7287" /><G3/><T27/><D131/><U72/><E111/><V92/><F31/><W7/><G69/><T38/><D38/><U124/><E124/><V100/><F46/><W104/><G104/><T96/><D27/><U64/><E72/><V49/><F49/><N who="3" m="31087" /><G7/><T134/><D134/><U4/><E4/><V123/><F123/><W95/><G116/><T19/><D6/><U13/><E47/><V85/><F73/><W17/><G110/><T68/><D74/><U12/><E12/><V94/><F78/><W84/><G127/><T57/><D75/><U43/><E77/><V5/><F5/><W18/><G84/><T112/><D112/><U44/><E79/><V9/><F9/><W29/><G40/><N who="0" m="15467" /><D68/><U89/><E76/><V0/><F0/><W56/><G29/><T81/><D81/><U53/><E82/><V125/><F125/><W45/><G45/><T105/><D105/><U23/><E80/><V65/><F65/><N who="3" m="39047" /><G62/><T28/><D28/><U126/><E63/><V26/><F26/><W67/><G67/><T128/><D128/><U109/><E64/><V20/><F20/><W36/><G36/><T11/><D50/><N who="1" m="26911" /><E70/><V118/><F118/><W59/><G59/><T119/><D119/><U1/><E126/><V37/><F37/><W86/><G86/><T117/><D117/><U97/><E87/><V14/><F14/><AGARI ba="0,0" hai="11,14,19,57,61,66,91,93,96,101,102" m="15467" machi="14" ten="30,2000,0" yaku="8,1,52,1" doraHai="88" who="0" fromWho="2" sc="173,20,250,0,327,-20,250,0" /><INIT seed="2,0,0,4,0,134" ten="193,250,307,250" oya="2" hai0="99,120,42,94,74,67,41,4,18,81,78,69,10" hai1="122,77,32,19,93,135,62,91,26,79,2,97,112" hai2="5,133,50,126,87,40,51,12,23,38,75,110,101" hai3="22,13,118,72,8,66,127,71,53,98,0,128,54"/><V107/><F75/><W34/><G118/><T55/><D120/><U6/><E112/><V63/><F133/><W58/><G72/><T86/><D69/><U17/><E135/><V111/><F63/><W132/><G132/><T115/><D115/><U96/><E122/><V108/><F87/><W1/><G34/><T44/><D67/><U60/><E2/><V37/><F126/><W45/><G71/><T113/><D113/><U9/><E32/><V130/><F130/><W36/><G128/><T20/><D74/><U95/><E6/><V47/><F51/><W70/><G22/><T109/><D109/><U52/><E26/><V88/><F88/><W59/><G98/><T68/><D68/><U121/><E121/><V116/><F116/><W57/><G70/><T33/><D33/><U117/><E117/><V15/><F23/><W48/><G66/><T25/><D55/><U105/><E105/><V102/><F107/><W56/><G36/><N who="2" m="13929" /><F5/><W123/><G123/><T30/><D30/><U90/><E9/><V65/><F65/><W11/><G127/><T3/><REACH who="0" step="1"/><D44/><REACH who="0" ten="183,250,307,250" step="2"/><U106/><E52/><V24/><F47/><W82/><G54/><T64/><D64/><U61/><E61/><V73/><F73/><W39/><G53/><T89/><AGARI ba="0,1" hai="3,4,10,18,20,25,41,42,78,81,86,89,94,99" machi="89" ten="20,2700,0" yaku="1,1,0,1,7,1,53,0" doraHai="134" doraHaiUra="49" who="0" fromWho="0" sc="183,37,250,-7,307,-13,250,-7" /><INIT seed="3,0,0,4,4,79" ten="220,243,294,243" oya="3" hai0="98,87,45,106,56,82,126,90,61,21,101,54,18" hai1="37,114,10,75,96,115,123,68,113,81,131,17,118" hai2="59,93,46,132,57,52,102,110,44,74,69,63,42" hai3="128,119,33,35,99,100,36,91,5,88,53,94,51"/><W22/><G119/><T24/><REACH who="0" step="1"/><D45/><REACH who="0" ten="210,243,294,243" step="2"/><U73/><E115/><V129/><F46/><W30/><G36/><T89/><D89/><U104/><E114/><V84/><F44/><W107/><G91/><T13/><D13/><U12/><E12/><V92/><F132/><W116/><G116/><T95/><D95/><U11/><E113/><V4/><F93/><W105/><G105/><T38/><D38/><U127/><E104/><V47/><F92/><W28/><G107/><T62/><D62/><U108/><E37/><V20/><F63/><W117/><G117/><T58/><D58/><U66/><E118/><V48/><F59/><W120/><G120/><T121/><D121/><U14/><E123/><V49/><F57/><N who="3" m="32959" /><G100/><T9/><D9/><U111/><E11/><V43/><F102/><W70/><G70/><T76/><D76/><U72/><E10/><V80/><F47/><W103/><G103/><T15/><D15/><U67/><E14/><V64/><F69/><W29/><G5/><T77/><D77/><U86/><E68/><V124/><F4/><W6/><G6/><T112/><D112/><U3/><E3/><V125/><F43/><W26/><G128/><T1/><D1/><U32/><E131/><V133/><F42/><W25/><G25/><T8/><D8/><U85/><E111/><V122/><F110/><W109/><G109/><T31/><D31/><U34/><E108/><V65/><F122/><W39/><G39/><T2/><D2/><U27/><E27/><V97/><F129/><W23/><G26/><T0/><D0/><U71/><E71/><RYUUKYOKU ba="0,1" sc="210,15,243,-15,294,-15,243,15" hai0="18,21,24,54,56,61,82,87,90,98,101,106,126" hai3="22,23,28,29,30,33,35,88,94,99" /><INIT seed="3,1,1,0,0,68" ten="225,228,279,258" oya="3" hai0="19,50,134,36,81,96,76,115,20,9,27,118,25" hai1="87,16,85,82,12,128,3,28,95,54,43,41,7" hai2="119,135,57,0,90,113,116,130,69,39,105,46,1" hai3="35,86,102,84,78,97,15,80,34,31,47,94,101"/><W55/><G34/><T74/><D118/><U79/><E128/><V56/><F69/><W131/><G131/><T37/><D134/><U125/><E125/><V103/><F90/><W14/><G35/><T26/><D115/><U53/><E28/><V23/><F23/><W44/><G31/><T66/><D66/><U58/><E7/><V91/><F91/><W88/><G101/><T65/><D65/><U10/><E3/><V133/><F130/><W124/><G124/><T77/><D77/><U114/><E114/><V75/><F75/><W123/><G123/><T11/><D96/><U18/><E54/><V112/><F46/><N who="3" m="17451" /><G55/><T126/><D126/><U22/><E95/><AGARI ba="1,1" hai="14,15,78,80,84,86,88,94,95,97,102" m="17451" machi="95" ten="30,2900,0" yaku="8,1,54,1" doraHai="68" who="3" fromWho="1" sc="225,0,228,-32,279,0,258,42" owari="225,-17.5,196,-30.4,279,7.9,300,40.0" /></mjloggm>