<mjloggm ver="2.3"><GO type="225" lobby="0"/><UN n0="%E3%81%AF%E3%82%88%E3%81%8A%E3%81%98%E3%81%95%E3%82%93" n1="%72%61%6B%33" n2="%33%74%72%65%65" n3="%E3%81%BF%E3%81%BF%E3%81%9A" dan="16,16,17,17" rate="2187.95,2097.15,2148.15,2217.76" sx="M,M,M,M"/><TAIKYOKU oya="0"/><INIT seed="0,0,0,4,4,49" ten="250,250,250,250" oya="0" hai0="31,6,55,5,86,74,24,135,113,50,82,66,40" hai1="77,37,65,120,12,3,106,88,59,51,30,128,71" hai2="107,38,8,10,112,21,133,25,76,132,4,70,33" hai3="105,95,16,64,7,44,129,0,67,99,127,123,58"/><T36/><D113/><U78/><E120/><V97/><F112/><W102/><G123/><T94/><D135/><N who="2" m="51786" /><F70/><W96/><G127/><T14/><D36/><U19/><E3/><V41/><F33/><W131/><G44/><T134/><D134/><U39/><E106/><V130/><F130/><N who="3" m="49675" /><G7/><T15/><D74/><U81/><E30/><N who="2" m="17711" /><F76/><W125/><G0/><T79/><D66/><U124/><E124/><V104/><F10/><W84/><G84/><T114/><D40/><U101/><E71/><V109/><F109/><W115/><G115/><T20/><D114/><U13/><E78/><V103/><F41/><W117/><G117/><T28/><D31/><U91/><E128/><V89/><F89/><N who="3" m="55407" /><G125/><T43/><D43/><U52/><E101/><V1/><F38/><W111/><G111/><T68/><D68/><U73/><E39/><V53/><F107/><W47/><G47/><N who="0" m="28127" /><D94/><U80/><E37/><V9/><F1/><W85/><G85/><T63/><D63/><U118/><E118/><V61/><F4/><AGARI ba="0,0" hai="4,5,6,14,15,20,24,28,79,82,86" m="28127" machi="4" ten="30,2900,0" yaku="8,1,52,1" doraHai="49" who="0" fromWho="2" sc="250,29,250,0,250,-29,250,0" /><INIT seed="0,1,0,3,1,21" ten="279,250,221,250" oya="0" hai0="118,97,5,54,66,106,71,13,113,32,6,77,52" hai1="4,75,103,132,45,111,100,94,38,17,55,102,127" hai2="128,25,39,91,70,95,46,130,87,42,15,126,23" hai3="115,72,123,67,131,58,49,96,114,121,12,56,65"/><T112/><D118/><U57/><E75/><V41/><F126/><W47/><G72/><T10/><D32/><U40/><E127/><V89/><F70/><W117/><G12/><T7/><D77/><U86/><E111/><V119/><F119/><W107/><G96/><T129/><D129/><U44/><E44/><V60/><F60/><W90/><G90/><T81/><D81/><U73/><E73/><V59/><F59/><N who="3" m="22571" /><G107/><T3/><D3/><U24/><E4/><V78/><F78/><W104/><G104/><T133/><D133/><U37/><E38/><V135/><F135/><W28/><G28/><T125/><D125/><U82/><E132/><V110/><F110/><W26/><G26/><T79/><D79/><U69/><E69/><V50/><F15/><W84/><G84/><T74/><D74/><U0/><E0/><V99/><F39/><W43/><G131/><T36/><D36/><U120/><E94/><V88/><F42/><W108/><G117/><T30/><D30/><U8/><E8/><V62/><F62/><W9/><G9/><T92/><D106/><U35/><E35/><V22/><F22/><W1/><G1/><T2/><D66/><N who="3" m="25097" /><G108/><T29/><D71/><U80/><E80/><V85/><F130/><W33/><G33/><T61/><D29/><U122/><E82/><V16/><F128/><W11/><G11/><N who="0" m="2487" /><D61/><N who="1" m="36031" /><E86/><AGARI ba="1,0" hai="16,23,25,41,46,50,85,86,87,88,89,91,95,99" machi="86" ten="40,8000,1" yaku="8,1,52,1,54,2" doraHai="21" who="2" fromWho="1" sc="279,0,250,-83,221,83,250,0" /><INIT seed="1,0,0,5,4,75" ten="279,167,304,250" oya="1" hai0="132,10,2,79,89,93,32,84,65,51,58,106,69" hai1="52,48,17,1,104,54,91,111,76,22,24,109,55" hai2="67,70,46,27,124,129,34,131,130,128,122,33,90" hai3="49,11,14,12,82,25,87,134,105,61,36,26,72"/><U53/><E1/><V126/><N who="2" m="32768" /><DORA hai="123" /><V62/><F122/><W43/><G36/><T135/><D106/><U116/><E116/><V81/><F46/><N who="3" m="25823" /><G105/><T6/><D32/><N who="2" m="12394" /><F27/><W23/><G72/><T20/><D69/><U114/><E114/><V78/><F90/><W133/><G61/><T115/><D115/><U103/><E91/><V31/><F31/><N who="3" m="17855" /><G26/><T99/><D20/><U95/><E104/><V3/><F3/><W35/><G35/><T42/><D42/><U77/><E95/><V88/><F88/><N who="3" m="51319" /><G11/><T4/><D10/><U47/><REACH who="1" step="1"/><E103/><REACH who="1" ten="279,157,304,250" step="2"/><V113/><F113/><W92/><G92/><T74/><D2/><U118/><E118/><V56/><F70/><W59/><G133/><T96/><D132/><U110/><AGARI ba="0,1" hai="17,22,24,47,48,52,53,54,55,76,77,109,110,111" machi="110" ten="40,24000,3" yaku="1,1,0,1,14,1,10,1,52,5,54,1,53,0" doraHai="75,123" doraHaiUra="63,108" who="1" fromWho="1" sc="279,-80,157,250,304,-80,250,-80" /><INIT seed="1,1,0,1,5,76" ten="199,407,224,170" oya="1" hai0="135,48,29,69,133,59,17,115,57,96,126,62,90" hai1="24,51,41,37,132,81,25,68,3,21,84,129,6" hai2="47,83,101,78,49,121,8,106,5,131,70,50,79" hai3="125,65,52,31,110,53,103,134,112,108,32,85,12"/><U46/><E129/><V27/><F121/><W97/><G112/><T109/><D115/><U74/><E132/><N who="0" m="50761" /><D29/><U82/><E68/><V99/><F70/><W100/><G134/><T123/><D123/><U16/><E3/><V1/><F131/><W111/><G125/><T91/><D126/><U98/><E6/><V26/><F78/><W38/><G38/><T9/><D109/><N who="3" m="27905" /><W113/><DORA hai="33" /><G113/><T19/><D69/><U66/><E66/><V56/><F56/><W11/><G65/><N who="0" m="39119" /><D96/><U14/><E37/><V34/><F34/><W28/><G103/><T15/><D17/><U122/><E122/><V64/><F64/><W18/><G85/><T75/><D75/><U105/><E74/><V94/><F106/><N who="3" m="63759" /><G28/><T22/><D9/><U58/><E58/><V118/><F118/><W128/><G128/><T45/><D59/><U114/><E114/><V127/><F127/><W73/><G73/><T30/><D30/><U7/><E84/><V107/><F107/><W23/><G32/><T80/><D80/><N who="1" m="30827" /><E105/><V119/><F119/><W36/><G36/><T88/><D91/><U67/><E67/><V71/><F71/><W40/><G40/><AGARI ba="1,0" hai="15,19,22,40,45,48,88,90" m="39119,50761" machi="40" ten="30,2000,0" yaku="20,1,54,1" doraHai="76,33" who="0" fromWho="3" sc="199,23,407,0,224,0,170,-23" /><INIT seed="2,0,0,0,5,74" ten="222,407,224,147" oya="2" hai0="86,31,79,62,120,103,47,134,32,128,4,8,113" hai1="75,97,7,28,131,81,59,16,118,38,44,125,30" hai2="102,101,10,68,61,111,54,96,135,60,114,22,117" hai3="66,25,127,82,107,123,95,51,40,106,108,0,109"/><V55/><F114/><W132/><G123/><T80/><D113/><U110/><E118/><V124/><F117/><W84/><G0/><T105/><D120/><U129/><E110/><N who="3" m="42602" /><G66/><T76/><D128/><U42/><E125/><V71/><F124/><W29/><G127/><T19/><D134/><U99/><E7/><V50/><F135/><W126/><G132/><T112/><D112/><U14/><E59/><V35/><F111/><W33/><G95/><T133/><D133/><U39/><E39/><V1/><F1/><W85/><G126/><T90/><D19/><U13/><E13/><V5/><F68/><W115/><G115/><T34/><D47/><U122/><E122/><V9/><F71/><W91/><G85/><T63/><D103/><U77/><E99/><V26/><F96/><W88/><G91/><T89/><D105/><N who="3" m="39945" /><G51/><T52/><D89/><U17/><E97/><V67/><F50/><W130/><G40/><T41/><D41/><U104/><E104/><V53/><F67/><W69/><G69/><T87/><D63/><U43/><E43/><V15/><F61/><W98/><G98/><T45/><D87/><U36/><E38/><V92/><F60/><W78/><G130/><T72/><D72/><U83/><E36/><V48/><F48/><W49/><G49/><N who="0" m="28719" /><D62/><U58/><E42/><V94/><F102/><W119/><G119/><T6/><D6/><U21/><E131/><V18/><F101/><W12/><G12/><N who="0" m="5127" /><D34/><U65/><E129/><V20/><F35/><W57/><G57/><T37/><D37/><U93/><E58/><V121/><F121/><RYUUKYOKU ba="0,0" sc="222,15,407,-15,224,-15,147,15" hai0="31,32,76,79,80,86,90" hai3="25,29,33,78,82,84,88" /><INIT seed="3,1,0,0,4,55" ten="237,392,209,162" oya="3" hai0="131,40,127,14,128,25,91,31,47,8,32,103,80" hai1="82,36,79,6,134,13,106,85,102,0,19,10,57" hai2="96,75,64,2,98,118,126,94,49,92,74,123,50" hai3="21,43,27,77,125,63,30,45,107,48,70,1,135"/><W37/><G125/><T62/><D127/><U86/><E36/><V78/><F126/><W5/><G135/><T130/><D103/><U72/><E134/><V22/><F118/><W97/><G107/><T132/><D132/><U17/><E17/><V39/><F39/><W111/><G97/><T117/><D117/><U113/><E113/><V89/><F2/><W95/><G95/><T60/><D91/><U109/><E109/><V81/><F75/><W88/><G88/><T120/><D80/><U112/><E112/><V129/><F129/><W133/><G133/><T121/><D62/><U124/><E124/><V122/><F64/><W87/><G111/><T18/><D60/><U99/><E57/><V20/><F50/><AGARI ba="1,0" hai="8,14,18,25,31,32,40,47,50,120,121,128,130,131" machi="50" ten="40,1300,0" yaku="19,1" doraHai="55" who="0" fromWho="2" sc="237,16,392,0,209,-16,162,0" owari="253,5.3,392,49.2,193,-20.7,162,-33.8" /></mjloggm>