<mjloggm ver="2.3"><GO type="225" lobby="0"/><UN n0="%E6%B7%91%E5%A5%B3%E3%81%AE%E5%97%9C%E3%81%BF" n1="%E7%9A%AE%E3%80%85" n2="%E6%98%93%E5%88%A9%E8%96%A9%E4%BC%AF" n3="%E3%81%8B%E3%82%8F%E3%81%A1%E3%82%83%E3%82%93%35%38" dan="16,16,17,16" rate="2100.62,2082.95,2157.28,2129.05" sx="M,M,F,M"/><TAIKYOKU oya="0"/><INIT seed="0,0,0,3,2,123" ten="250,250,250,250" oya="0" hai0="110,16,133,55,3,51,27,91,101,18,60,86,112" hai1="129,95,36,122,21,56,88,116,40,85,78,99,28" hai2="96,25,41,105,76,98,26,73,30,34,44,92,84" hai3="83,124,48,6,22,46,103,72,43,5,37,80,113"/><T130/><D112/><U47/><E122/><V32/><F73/><W68/><G113/><T100/><D3/><U52/><E116/><V1/><F1/><W109/><G68/><T14/><D130/><U50/><E129/><V64/><F64/><W0/><G0/><T13/><D133/><U66/><E66/><V74/><F74/><W111/><G124/><T119/><D60/><U135/><E135/><V42/><F105/><W24/><G103/><N who="0" m="39499" /><D119/><U125/><E125/><V53/><F53/><W128/><G128/><T17/><D27/><U126/><E126/><V58/><F58/><W20/><G37/><T33/><D33/><U62/><E78/><V114/><F114/><W127/><G127/><T94/><D110/><N who="3" m="41993" /><G22/><T57/><AGARI ba="0,0" hai="13,14,16,17,18,51,55,57,86,91,94" m="39499" machi="57" ten="30,3000,0" yaku="8,1,54,1" doraHai="123" who="0" fromWho="0" sc="250,30,250,-10,250,-10,250,-10" /><INIT seed="0,1,0,1,3,90" ten="280,240,240,240" oya="0" hai0="120,41,96,57,13,77,47,71,14,134,95,127,28" hai1="23,64,104,79,88,39,62,1,53,58,85,125,132" hai2="91,3,115,46,73,40,122,106,22,49,59,129,68" hai3="121,65,103,84,78,130,133,33,36,105,116,19,67"/><T72/><D120/><U81/><E104/><V97/><F115/><W63/><G33/><T55/><D71/><U35/><E35/><V98/><F68/><W5/><G36/><T20/><D127/><U42/><E125/><V61/><F3/><W18/><G5/><T32/><D32/><U34/><E34/><V56/><F73/><W4/><G4/><T83/><D134/><U43/><E1/><V114/><F114/><W74/><G74/><T24/><D47/><U25/><E132/><V117/><F129/><W131/><G133/><T89/><REACH who="0" step="1"/><D41/><REACH who="0" ten="270,240,240,240" step="2"/><U93/><E39/><V113/><F46/><W60/><G121/><T52/><D52/><U12/><E53/><V70/><F40/><W30/><G67/><T107/><D107/><U87/><E12/><V135/><F70/><W76/><G65/><T101/><D101/><U80/><E80/><V111/><F106/><W26/><G105/><T112/><D112/><U45/><E45/><V128/><F113/><W69/><G69/><T7/><D7/><U9/><E9/><V86/><F135/><W8/><G103/><T6/><D6/><U21/><E21/><V48/><F22/><W27/><G8/><T124/><D124/><U15/><E15/><V29/><F122/><W109/><G131/><T44/><D44/><U102/><E102/><V54/><F54/><W94/><G130/><T0/><D0/><U51/><E51/><AGARI ba="1,1" hai="13,14,20,24,28,51,55,57,72,77,83,89,95,96" machi="51" ten="30,5800,0" yaku="1,1,7,1,52,1,53,0" doraHai="90" doraHaiUra="100" who="0" fromWho="1" sc="270,71,240,-61,240,0,240,0" /><INIT seed="0,2,0,1,3,35" ten="341,179,240,240" oya="0" hai0="47,41,128,73,50,39,115,91,32,126,120,64,5" hai1="60,46,104,8,13,105,70,130,86,66,124,20,114" hai2="94,30,82,112,102,80,77,101,68,81,17,3,0" hai3="36,25,87,69,12,121,49,76,57,1,117,15,118"/><T65/><D115/><U75/><E114/><V97/><F112/><W109/><G69/><T51/><D120/><U7/><E75/><V131/><F68/><W71/><G71/><T134/><D32/><U22/><E130/><V33/><F131/><W21/><G36/><T62/><D73/><U48/><E124/><V106/><F77/><W93/><G1/><T133/><D128/><U18/><E86/><V100/><F17/><W132/><G121/><T63/><D91/><U125/><E22/><V55/><F55/><N who="3" m="31983" /><G109/><T42/><D5/><U78/><E78/><V92/><F106/><W127/><G127/><T113/><D126/><U45/><E45/><V44/><F44/><W107/><G107/><T67/><D113/><U116/><E116/><V43/><F43/><W85/><G85/><T58/><D42/><U24/><REACH who="1" step="1"/><E125/><REACH who="1" ten="341,169,240,240" step="2"/><V19/><F19/><N who="3" m="12479" /><G118/><T31/><D31/><U16/><E16/><V79/><F79/><W110/><G117/><T28/><D28/><U98/><E98/><V83/><N who="2" m="20480" /><DORA hai="10" /><V9/><F9/><W29/><G76/><T123/><D47/><U135/><E135/><V74/><F74/><W72/><G72/><T108/><D134/><U14/><E14/><N who="3" m="5162" /><G132/><T52/><D133/><U11/><E11/><V122/><F122/><W37/><G29/><T26/><D123/><U103/><E103/><V4/><F97/><W89/><G110/><T88/><D39/><U27/><E27/><V53/><F30/><W61/><G37/><T129/><D108/><U99/><E99/><V84/><F102/><W34/><G34/><T38/><D129/><RYUUKYOKU ba="2,1" sc="341,-15,169,15,240,-15,240,15" hai1="7,8,13,18,20,24,46,48,60,66,70,104,105" hai3="61,87,89,93" /><INIT seed="1,3,1,1,3,6" ten="326,184,225,255" oya="1" hai0="118,48,109,73,94,62,102,63,101,92,15,128,70" hai1="104,60,106,76,98,119,29,7,110,77,8,112,12" hai2="127,79,14,99,38,41,54,122,24,72,95,2,13" hai3="89,108,49,69,26,11,58,131,61,42,39,85,78"/><U83/><E119/><V46/><F122/><W53/><G108/><T65/><D118/><U18/><E112/><V107/><F127/><W44/><G131/><T132/><D73/><U86/><E110/><V9/><F107/><W91/><G26/><T37/><D37/><U30/><E77/><V20/><F54/><W34/><G34/><T90/><D128/><U28/><E98/><V0/><F79/><W96/><G96/><T133/><D109/><U31/><N who="1" m="7168" /><DORA hai="84" /><U111/><E111/><V52/><F72/><W124/><G124/><T68/><D48/><U125/><E125/><V16/><F52/><W19/><G85/><N who="0" m="52303" /><D15/><U103/><E103/><V23/><F20/><W43/><G78/><T81/><D94/><U59/><REACH who="1" step="1"/><E7/><REACH who="1" ten="326,174,225,255" step="2"/><V87/><F87/><W93/><G91/><T51/><D102/><U113/><E113/><V33/><F33/><W57/><G89/><T10/><D101/><U82/><E82/><V115/><F115/><W66/><G93/><T117/><D81/><U105/><E105/><V22/><F99/><W50/><G19/><T88/><D88/><U75/><E75/><V114/><F95/><W56/><G11/><T47/><D10/><U71/><E71/><V21/><F114/><W97/><G97/><T35/><D117/><U45/><E45/><AGARI ba="3,2" hai="39,42,43,44,45,49,50,53,56,57,58,61,66,69" machi="45" ten="40,16000,3" yaku="24,2,35,6" doraHai="6,84" who="3" fromWho="1" sc="326,0,174,-169,225,0,255,189" /><INIT seed="2,0,0,0,3,36" ten="326,5,225,444" oya="2" hai0="88,129,69,96,41,93,108,49,114,100,92,71,28" hai1="59,87,130,105,53,17,107,26,11,68,51,34,77" hai2="97,19,101,73,82,113,119,31,124,32,95,118,15" hai3="79,86,110,6,85,18,40,27,38,89,64,120,39"/><V2/><F2/><W45/><G120/><T22/><D114/><U115/><E115/><V65/><F113/><W94/><G64/><T33/><D33/><U14/><E68/><V133/><F133/><W43/><G6/><T90/><D108/><U0/><E130/><V21/><F124/><W44/><G110/><T112/><D112/><U135/><E135/><V116/><F65/><W78/><G86/><T4/><D129/><U20/><E87/><V7/><F7/><W61/><G61/><T81/><D81/><U99/><E99/><V29/><F32/><W122/><G122/><T76/><D76/><U10/><E77/><V54/><F73/><W60/><G60/><T131/><D131/><U1/><E1/><V52/><REACH who="2" step="1"/><F82/><REACH who="2" ten="326,5,215,444" step="2"/><W24/><G79/><T23/><D4/><N who="1" m="1287" /><E11/><V80/><F80/><W109/><G78/><T50/><D100/><U56/><E56/><V102/><F102/><W3/><G3/><T104/><D104/><U70/><E70/><V123/><F123/><W42/><G109/><T9/><D9/><U83/><E83/><V117/><N who="2" m="29696" /><DORA hai="106" /><V35/><F35/><W132/><G132/><T111/><D111/><U127/><E127/><V5/><F5/><W91/><G91/><T47/><D71/><U84/><E84/><V98/><F98/><W57/><G89/><T58/><D69/><U55/><E55/><V121/><F121/><W12/><G85/><T125/><D125/><U46/><E46/><N who="3" m="18026" /><G94/><T72/><D90/><U134/><E134/><V63/><F63/><W30/><G57/><T62/><D93/><U37/><E37/><RYUUKYOKU ba="0,1" sc="326,-15,5,15,215,15,444,-15" hai1="14,17,20,26,34,51,53,59,105,107" hai2="15,19,21,29,31,52,54,95,97,101" /><INIT seed="2,1,1,3,3,65" ten="311,20,230,429" oya="2" hai0="57,26,27,107,135,41,46,127,31,30,0,51,120" hai1="123,11,64,118,56,3,70,92,93,83,122,78,115" hai2="12,96,105,54,60,18,94,25,8,16,119,81,97" hai3="67,45,63,36,24,13,43,132,33,124,100,48,14"/><V53/><F119/><W5/><G5/><T17/><D120/><U80/><E118/><V72/><F105/><W32/><G32/><T10/><D107/><U95/><E115/><V91/><F72/><W89/><G89/><T128/><D128/><U55/><E11/><V52/><F81/><W22/><G33/><T99/><D127/><U131/><E131/><V113/><F113/><W102/><G36/><T7/><D135/><U125/><E125/><V73/><F73/><W38/><G38/><T62/><D99/><U109/><E109/><V79/><F79/><W75/><G75/><T58/><D17/><U117/><E117/><V59/><F97/><W42/><G42/><T88/><D88/><U69/><E3/><V23/><AGARI ba="1,1" hai="8,12,16,18,23,25,52,53,54,59,60,91,94,96" machi="23" ten="30,18000,2" yaku="0,1,25,2,8,1,54,2" doraHai="65" who="2" fromWho="2" sc="311,-61,20,-61,230,193,429,-61" owari="250,-15.0,-41,-54.1,423,52.3,368,16.8" /></mjloggm>