<mjloggm ver="2.3"><GO type="225" lobby="0"/><UN n0="%E7%9A%AE%E3%80%85" n1="%33%74%72%65%65" n2="%E3%83%A9%E3%82%A4%E3%83%B3%E3%81%AE%E8%99%8E" n3="%72%69%6F%75%63%68%61%6E" dan="16,16,16,16" rate="2096.75,2173.77,2142.19,2129.02" sx="M,F,M,M"/><TAIKYOKU oya="0"/><INIT seed="0,0,0,2,0,111" ten="250,250,250,250" oya="0" hai0="43,97,118,115,23,134,21,96,80,50,13,34,62" hai1="106,64,84,6,57,127,20,73,54,67,124,88,120" hai2="83,42,53,18,44,78,110,59,132,98,90,123,65" hai3="32,1,48,19,77,40,16,102,0,99,86,103,91"/><T125/><D118/><U68/><E120/><V93/><F110/><W105/><G32/><T47/><D134/><U30/><E106/><V28/><F132/><W27/><G103/><T79/><D125/><N who="1" m="48203" /><E68/><V39/><F123/><W12/><G77/><T15/><D34/><U52/><E73/><V24/><F65/><N who="1" m="25161" /><E6/><V41/><F18/><W129/><G129/><T121/><D121/><U135/><E135/><V94/><F94/><W82/><G27/><T126/><D126/><U38/><E38/><V7/><F7/><W107/><G105/><T70/><D70/><U5/><E5/><V8/><F8/><W133/><G133/><T113/><D62/><U63/><E20/><N who="2" m="15367" /><F44/><W95/><G19/><T35/><D35/><U25/><E25/><V122/><F39/><W81/><G0/><T11/><D23/><U17/><E17/><V33/><F33/><W56/><G1/><T26/><D26/><U76/><E30/><V112/><F122/><W51/><G56/><T9/><D21/><U36/><E36/><V72/><F72/><W46/><REACH who="3" step="1"/><G48/><REACH who="3" ten="250,250,250,240" step="2"/><T109/><D50/><U85/><E76/><V45/><F78/><W119/><G119/><T131/><D79/><U89/><E57/><V87/><F59/><W60/><G60/><T29/><D109/><U108/><E108/><V100/><F90/><N who="1" m="34921" /><E63/><V101/><F101/><W55/><G55/><AGARI ba="0,1" hai="52,54,55,84,85" m="34921,25161,48203" machi="55" ten="30,8000,1" yaku="28,2,18,1,54,2" doraHai="111" who="1" fromWho="3" sc="250,0,250,90,250,0,240,-80" /><INIT seed="1,0,0,5,4,47" ten="250,340,250,160" oya="1" hai0="78,35,18,41,129,80,75,126,3,114,22,123,84" hai1="13,94,82,65,89,10,104,34,53,6,5,101,92" hai2="122,77,135,28,48,39,14,54,12,118,121,7,19" hai3="98,29,42,87,69,4,128,86,43,83,102,51,38"/><U127/><E127/><V2/><F39/><W106/><G128/><T90/><D114/><U111/><E111/><V50/><F118/><W132/><G132/><T79/><D129/><U55/><E34/><V67/><F135/><W70/><G38/><T125/><D35/><U71/><E104/><V110/><F110/><W49/><G4/><T36/><D3/><U59/><E71/><N who="3" m="27146" /><G29/><T32/><D32/><U64/><E53/><V25/><F67/><N who="1" m="25673" /><E101/><V11/><F77/><W120/><G102/><T16/><D123/><U37/><E37/><V93/><F93/><W72/><G106/><T0/><D0/><U24/><E24/><V33/><F12/><W130/><G130/><T91/><D79/><U52/><E55/><V76/><F76/><W105/><G105/><T26/><D18/><N who="1" m="8503" /><E82/><V73/><F73/><W88/><G120/><N who="2" m="46185" /><F54/><W46/><G72/><T95/><REACH who="0" step="1"/><D91/><REACH who="0" ten="240,340,250,160" step="2"/><U112/><E89/><V58/><F2/><W74/><G88/><T131/><D131/><U119/><E112/><V63/><F19/><W31/><G31/><T100/><D100/><U81/><E5/><V103/><F103/><W17/><G17/><T27/><D27/><U96/><E6/><V109/><F109/><W134/><G134/><T68/><D68/><U45/><E119/><V115/><F115/><W15/><G15/><T99/><D99/><U124/><E96/><V20/><F33/><W108/><G108/><T62/><D62/><U66/><E124/><V30/><F28/><W40/><G98/><T116/><D116/><U107/><E107/><V61/><F63/><W97/><G97/><RYUUKYOKU ba="0,1" sc="240,15,340,-15,250,15,160,-15" hai0="16,22,26,36,41,75,78,80,84,90,95,125,126" hai2="7,11,14,20,25,30,48,50,58,61" /><INIT seed="2,1,1,3,2,60" ten="255,325,265,145" oya="2" hai0="24,78,29,111,3,115,124,6,13,123,77,46,122" hai1="23,75,56,105,131,91,2,48,109,95,59,98,126" hai2="18,57,135,34,16,125,100,79,28,36,121,73,99" hai3="92,82,54,35,76,132,110,87,133,65,45,104,7"/><V39/><F121/><W61/><G104/><T4/><D115/><U81/><E109/><V84/><F73/><W97/><G110/><T114/><D114/><U8/><E131/><V17/><F125/><W55/><G35/><T127/><D111/><U52/><E126/><N who="0" m="48169" /><D46/><U49/><E105/><V118/><F118/><W113/><G113/><T30/><D13/><U22/><E75/><V72/><F72/><W47/><G7/><N who="0" m="2603" /><D3/><U85/><E8/><V94/><F135/><N who="3" m="51787" /><G45/><T107/><D107/><U134/><E2/><V90/><F79/><N who="0" m="30218" /><D24/><U83/><E134/><V44/><F44/><W103/><G47/><T62/><D62/><U93/><E22/><V33/><F57/><AGARI ba="1,1" hai="54,55,57,61,65,76,82,87,92,97,103" m="51787" machi="57" ten="30,2000,0" yaku="20,1,52,1" doraHai="60" who="3" fromWho="2" sc="255,0,325,0,265,-23,145,33" /><INIT seed="3,0,0,4,2,76" ten="255,325,242,178" oya="3" hai0="128,127,0,73,133,112,41,18,83,47,72,100,60" hai1="115,99,109,16,106,11,96,98,66,130,46,38,20" hai2="134,107,29,34,113,15,43,59,118,61,3,22,90" hai3="87,54,53,108,36,17,25,21,31,44,71,89,13"/><W68/><G108/><T49/><D133/><U56/><E115/><V14/><F3/><W117/><G117/><T92/><D112/><U74/><E109/><V52/><F113/><W110/><G110/><T114/><D114/><U7/><E130/><V10/><F34/><W23/><G53/><T126/><D128/><U58/><E74/><V5/><F107/><W27/><G13/><T79/><D0/><U69/><E106/><V65/><F134/><W132/><G132/><T42/><D42/><U93/><E93/><V131/><F131/><W103/><G103/><T63/><D18/><U37/><E69/><V39/><F118/><W9/><G9/><T28/><D28/><U102/><E102/><V2/><F65/><W125/><G125/><N who="0" m="47627" /><D72/><U33/><E33/><V12/><F90/><W111/><G111/><T78/><D78/><U30/><E30/><V81/><F81/><W135/><G135/><T82/><D82/><U64/><E64/><V75/><F75/><W6/><G6/><T123/><D123/><U4/><E4/><V120/><F120/><W77/><G77/><T116/><D116/><U50/><E66/><V105/><F105/><W91/><G91/><T122/><D122/><U48/><E7/><V45/><REACH who="2" step="1"/><F29/><REACH who="2" ten="255,325,232,178" step="2"/><W24/><G24/><T124/><D124/><U1/><E1/><V51/><F51/><N who="3" m="29031" /><G36/><T95/><D95/><U62/><E37/><V88/><F88/><W32/><G32/><T119/><D119/><U121/><E38/><V86/><F86/><W35/><G35/><T70/><D70/><N who="3" m="26665" /><G87/><T80/><D80/><U40/><E121/><RYUUKYOKU ba="0,1" sc="255,10,325,-30,232,10,178,10" hai0="41,47,49,60,63,73,79,83,92,100" hai2="2,5,10,12,14,15,22,39,43,45,52,59,61" hai3="17,21,23,25,27,31,89" /><INIT seed="3,1,1,2,0,51" ten="265,295,242,188" oya="3" hai0="35,41,99,20,121,28,72,132,80,62,102,22,48" hai1="50,71,7,38,27,133,68,85,95,73,43,63,92" hai2="135,119,44,78,128,40,21,31,37,84,3,9,15" hai3="30,134,67,107,5,12,98,49,66,2,53,101,23"/><W34/><G134/><T103/><D121/><U4/><E73/><V110/><F119/><W56/><G34/><T13/><D132/><U11/><E38/><V61/><F135/><W125/><G125/><T14/><D72/><U94/><E133/><V126/><F126/><W26/><REACH who="3" step="1"/><G12/><REACH who="3" ten="265,295,242,178" step="2"/><T129/><D35/><U90/><E27/><V89/><F15/><W54/><G54/><T17/><D14/><U118/><E118/><V112/><F3/><W79/><G79/><T6/><D13/><U105/><E4/><V122/><F78/><W24/><G24/><T113/><D6/><U116/><E7/><V36/><F122/><W108/><G108/><T19/><D113/><U25/><E25/><V109/><F112/><W46/><G46/><T131/><D131/><U75/><E116/><V111/><F128/><W47/><G47/><T16/><D129/><U76/><E76/><V8/><F8/><AGARI ba="1,2" hai="2,5,8,23,26,30,49,53,56,66,67,98,101,107" machi="8" ten="40,3900,0" yaku="1,1,52,1,53,0" doraHai="51" doraHaiUra="74" who="3" fromWho="2" sc="265,0,295,0,242,-42,178,62" /><INIT seed="3,2,0,2,1,79" ten="265,295,200,240" oya="3" hai0="59,3,45,102,71,40,88,73,15,33,116,121,115" hai1="108,57,106,7,110,60,30,112,17,11,70,48,117" hai2="4,81,101,113,125,133,8,12,26,31,111,107,6" hai3="122,134,52,78,2,43,5,131,82,80,67,94,85"/><W35/><G122/><T36/><D121/><U29/><E112/><V105/><F113/><W91/><G35/><T53/><D115/><U34/><E117/><V55/><F111/><N who="1" m="42537" /><E106/><V114/><F114/><W69/><G131/><T18/><D3/><N who="1" m="511" /><E34/><V93/><F125/><W50/><G134/><T87/><D73/><U63/><E17/><V132/><F4/><W13/><G2/><T98/><D71/><U21/><E21/><V130/><F130/><W97/><G43/><T92/><D33/><U10/><E10/><V16/><F6/><W23/><G69/><T22/><D116/><U47/><E70/><V68/><F68/><W28/><G67/><T104/><D59/><U46/><E46/><V37/><F37/><W83/><G5/><T56/><D56/><U135/><E60/><V99/><F55/><W86/><G78/><T14/><D53/><N who="1" m="34223" /><E135/><N who="2" m="51787" /><F81/><N who="3" m="20739" /><W58/><DORA hai="0" /><G13/><AGARI ba="2,0" hai="13,14,15,18,22,36,40,45,87,88,92,98,102,104" machi="13" ten="30,2000,0" yaku="7,1,54,1" doraHai="79,0" who="0" fromWho="3" sc="265,26,295,0,200,0,240,-26" /><INIT seed="4,0,0,2,4,51" ten="291,295,200,214" oya="0" hai0="130,19,41,56,135,73,117,85,128,102,23,106,113" hai1="6,115,55,27,99,111,42,5,93,13,100,127,39" hai2="38,34,123,53,4,95,82,43,16,3,81,72,129" hai3="78,30,66,121,37,68,48,12,79,11,89,107,86"/><T92/><D117/><U108/><E127/><V125/><F123/><W7/><G37/><T24/><D73/><U47/><E115/><V58/><F34/><W91/><G107/><T97/><D113/><U9/><E5/><V103/><F125/><W49/><G121/><T46/><D135/><U109/><E27/><V69/><F69/><W116/><G116/><T122/><D122/><U63/><E63/><V25/><F129/><N who="0" m="49770" /><D56/><U124/><E124/><V26/><F72/><W33/><G91/><N who="0" m="53359" /><D46/><U120/><E120/><V131/><F131/><W84/><G68/><T1/><D41/><U75/><E75/><V71/><F71/><W80/><G66/><T8/><D8/><U70/><E70/><V104/><F104/><W65/><G65/><T101/><D101/><U45/><E45/><N who="2" m="23799" /><F3/><AGARI ba="0,0" hai="1,3,19,23,24,97,102,106" m="53359,49770" machi="3" ten="30,1500,0" yaku="19,1" doraHai="51" who="0" fromWho="2" sc="291,15,295,0,200,-15,214,0" owari="306,40.6,295,9.5,185,-31.5,214,-18.6" /></mjloggm>