<mjloggm ver="2.3"><GO type="225" lobby="0"/><UN n0="%E6%A1%9C%E8%8A%B1%E9%96%83%E3%80%85" n1="%E5%91%A8%E6%9D%B1" n2="%E4%BF%BA%E3%81%A8%E5%A6%96%E5%A4%A2" n3="%E6%98%93%E5%88%A9%E8%96%A9%E4%BC%AF" dan="17,16,16,17" rate="2242.49,2187.34,2246.15,2166.47" sx="M,M,F,F"/><TAIKYOKU oya="0"/><INIT seed="0,0,0,5,4,104" ten="250,250,250,250" oya="0" hai0="44,108,134,67,14,8,111,107,36,2,131,50,61" hai1="83,77,41,69,54,127,21,23,129,0,125,29,92" hai2="53,46,116,11,38,72,97,95,119,90,45,135,88" hai3="40,15,112,126,114,19,109,52,121,1,106,18,30"/><T35/><D2/><U56/><E69/><V103/><F72/><W22/><G106/><T123/><D35/><U130/><E0/><V32/><F32/><W13/><G40/><N who="0" m="22535" /><D107/><U76/><E92/><V66/><F66/><W86/><G109/><N who="0" m="42059" /><D123/><U71/><E71/><V74/><F74/><W79/><G1/><T133/><D14/><U117/><E41/><N who="2" m="22711" /><F11/><W70/><G70/><N who="0" m="42351" /><D8/><U59/><E29/><V100/><F100/><W9/><G30/><T122/><D122/><U33/><E33/><V42/><F103/><W39/><G121/><T96/><D96/><U91/><E91/><V43/><F90/><W105/><G105/><T26/><D26/><U80/><REACH who="1" step="1"/><E54/><REACH who="1" ten="250,240,250,250" step="2"/><V34/><F34/><W94/><G52/><T118/><D118/><AGARI ba="0,1" hai="21,23,56,59,76,77,80,83,117,118,125,127,129,130" machi="118" ten="25,6400,0" yaku="1,1,2,1,22,2,53,0" doraHai="104" doraHaiUra="101" who="1" fromWho="0" sc="250,-64,240,74,250,0,250,0" /><INIT seed="1,0,0,0,2,34" ten="186,314,250,250" oya="1" hai0="20,6,22,26,119,122,89,43,29,57,118,40,56" hai1="117,88,61,0,67,133,86,30,111,87,95,127,70" hai2="64,27,106,39,135,66,69,48,79,96,10,25,51" hai3="55,80,125,71,72,81,110,132,103,23,76,131,90"/><U58/><E117/><V114/><F39/><W116/><G71/><T91/><D6/><U2/><E133/><V105/><F135/><W54/><G132/><T31/><REACH who="0" step="1"/><D26/><REACH who="0" ten="176,314,250,250" step="2"/><U97/><E127/><V102/><F27/><W47/><G125/><T104/><D104/><U24/><E111/><V124/><F124/><W1/><G110/><T45/><D45/><U38/><E38/><V94/><F106/><W108/><G47/><T59/><D59/><U128/><E128/><V126/><F126/><W92/><G131/><T15/><D15/><U121/><E121/><AGARI ba="0,1" hai="20,22,29,31,40,43,56,57,89,91,118,119,121,122" machi="121" ten="25,8000,1" yaku="1,1,22,2,53,2" doraHai="34" doraHaiUra="52" who="0" fromWho="1" sc="176,90,314,-80,250,0,250,0" /><INIT seed="2,0,0,1,1,78" ten="266,234,250,250" oya="2" hai0="17,10,93,64,37,77,75,11,74,81,110,15,96" hai1="56,5,105,128,84,65,21,98,85,19,14,119,34" hai2="16,1,47,129,30,66,71,111,103,101,67,26,62" hai3="107,83,4,87,40,121,12,53,27,90,114,126,125"/><V8/><F129/><W22/><G107/><T57/><D110/><U130/><E34/><V86/><F111/><W31/><G121/><T35/><D37/><U69/><E119/><V134/><F134/><W72/><G114/><T112/><D112/><U50/><E5/><V39/><F67/><W135/><G135/><T63/><D35/><U104/><E69/><V73/><F73/><W28/><G40/><T43/><D43/><U123/><E123/><V99/><F39/><W7/><G31/><T3/><D74/><U51/><E51/><V9/><F47/><W122/><G122/><T23/><REACH who="0" step="1"/><D3/><REACH who="0" ten="256,234,250,250" step="2"/><U70/><E130/><V118/><F1/><W97/><G72/><T76/><D76/><U92/><E128/><V120/><F120/><W42/><G42/><T88/><AGARI ba="0,1" hai="10,11,15,17,23,57,63,64,75,77,81,88,93,96" machi="88" ten="20,8000,1" yaku="1,1,0,1,7,1,52,1,54,1,53,0" doraHai="78" doraHaiUra="44" who="0" fromWho="0" sc="256,90,234,-20,250,-40,250,-20" /><INIT seed="3,0,0,3,4,35" ten="346,214,210,230" oya="3" hai0="43,47,85,102,75,92,21,56,67,18,37,60,58" hai1="31,24,116,30,98,53,113,90,6,23,88,10,48" hai2="54,130,16,4,5,62,32,111,46,45,8,108,120" hai3="57,112,64,103,101,19,76,124,129,86,77,97,133"/><W96/><G112/><T89/><D75/><U128/><E113/><V80/><F32/><W11/><G129/><T39/><D102/><U25/><E128/><V117/><F117/><W61/><G133/><T0/><D0/><U2/><E116/><V79/><F130/><W81/><G124/><T7/><D7/><N who="2" m="2634" /><F120/><W12/><G77/><T107/><D107/><U135/><E135/><V114/><F114/><W132/><G132/><T29/><D29/><U1/><E1/><V71/><F71/><W122/><G122/><T14/><D58/><U131/><E131/><V17/><F62/><W99/><AGARI ba="0,0" hai="11,12,19,57,61,64,76,81,86,96,97,99,101,103" machi="99" ten="30,3000,0" yaku="0,1,8,1" doraHai="35" who="3" fromWho="3" sc="346,-10,214,-10,210,-10,230,30" /><INIT seed="3,1,0,1,2,105" ten="336,204,200,260" oya="3" hai0="130,27,134,81,66,8,56,115,36,107,127,103,79" hai1="24,32,82,6,132,113,70,48,35,55,63,64,95" hai2="47,61,57,0,43,84,80,88,71,17,78,51,34" hai3="40,10,121,128,44,119,118,42,30,77,129,109,52"/><W62/><G30/><T69/><D69/><U106/><E113/><V87/><F0/><W14/><G77/><T18/><D36/><U49/><E106/><V50/><F34/><W31/><G31/><T59/><D130/><N who="3" m="50281" /><G121/><T91/><D127/><U12/><E132/><V111/><F111/><W124/><G124/><T22/><D134/><U7/><E35/><V23/><F71/><W38/><G42/><T74/><D115/><U15/><E32/><V97/><F97/><W90/><G90/><T131/><D131/><U1/><E1/><V93/><F47/><W104/><G104/><T110/><D110/><U116/><E116/><V100/><F43/><W46/><G109/><T11/><D91/><U39/><E39/><V114/><F100/><W96/><G96/><T45/><D103/><U4/><E24/><N who="2" m="14447" /><F114/><W117/><G44/><T41/><D107/><U5/><N who="1" m="1024" /><DORA hai="89" /><U25/><E25/><V65/><AGARI ba="1,0" hai="50,51,57,61,65,78,80,84,87,88,93" m="14447" machi="65" ten="30,4000,0" yaku="8,1,52,1,54,1" doraHai="105,89" who="2" fromWho="2" sc="336,-11,204,-11,200,43,260,-21" owari="325,42.5,193,-30.7,243,4.3,239,-16.1" /></mjloggm>