<mjloggm ver="2.3"><GO type="225" lobby="0"/><UN n0="%E3%82%A4%E3%83%BC%E3%82%B1%E3%83%97%E3%83%A9" n1="%E4%BF%BA%E3%81%A8%E5%A6%96%E5%A4%A2" n2="%E3%83%96%E3%83%83%E3%83%91%E3%82%AA%E3%83%96%E3%83%81%E3%82%AD%E3%83%B3" n3="%E6%A3%AE%E5%B1%B1%E7%94%B0%E7%9B%B4%E5%A4%AA%E6%9C%97%E4%B9%8B%E4%BB%8B" dan="17,16,16,16" rate="2209.12,2118.60,2163.51,2172.83" sx="M,F,M,M"/><TAIKYOKU oya="0"/><INIT seed="0,0,0,0,4,78" ten="250,250,250,250" oya="0" hai0="109,85,47,121,74,25,12,94,10,92,110,69,34" hai1="2,9,117,97,62,131,135,103,60,84,4,6,63" hai2="102,65,83,115,71,134,127,42,61,70,54,28,45" hai3="46,81,16,57,98,27,128,122,26,132,5,51,116"/><T48/><D121/><U58/><E117/><V105/><F115/><W37/><G132/><T125/><D74/><U50/><E135/><V72/><F134/><W35/><G128/><T7/><D69/><U41/><E131/><V120/><F120/><W64/><G116/><T79/><D125/><U130/><E130/><V36/><F127/><W13/><G122/><T73/><D73/><U68/><E68/><V88/><F28/><W129/><G35/><T106/><D106/><U89/><E6/><V66/><F105/><W53/><G129/><T19/><D79/><U96/><E103/><V77/><F102/><W39/><G5/><T18/><D34/><U49/><E49/><V119/><F119/><W86/><G98/><T91/><D94/><U124/><E124/><V133/><F133/><W55/><G64/><T0/><D25/><U8/><E8/><V101/><F101/><W30/><G30/><T33/><D33/><U20/><E20/><V93/><F54/><W107/><G107/><T87/><D87/><U108/><E108/><N who="0" m="41577" /><D0/><U40/><E96/><V75/><F75/><W23/><G37/><T24/><D24/><U29/><E97/><V59/><REACH who="2" step="1"/><F65/><REACH who="2" ten="250,250,240,250" step="2"/><W17/><G39/><T111/><N who="0" m="41585" /><T1/><DORA hai="52" /><D1/><U90/><E29/><V112/><F112/><W80/><G27/><T82/><D92/><U123/><E123/><V32/><F32/><W31/><G31/><T113/><D113/><U56/><E2/><V67/><F67/><W15/><G26/><T99/><D99/><AGARI ba="0,1" hai="36,42,45,59,61,66,70,71,72,77,83,88,93,99" machi="99" ten="30,8000,1" yaku="1,1,7,1,52,2,54,1,53,0" doraHai="78,52" doraHaiUra="22,100" who="2" fromWho="0" sc="250,-80,250,0,240,90,250,0" /><INIT seed="1,0,0,4,4,133" ten="170,250,330,250" oya="1" hai0="85,91,61,68,9,54,21,43,16,117,105,113,121" hai1="53,8,55,4,37,31,51,75,115,5,131,7,106" hai2="100,34,40,14,23,134,95,35,63,10,118,67,66" hai3="17,52,122,124,20,86,99,15,50,77,123,76,41"/><U24/><E115/><V127/><F118/><W119/><G119/><T101/><D117/><U11/><E75/><V92/><F134/><W30/><G124/><T90/><D113/><U44/><E37/><V79/><F40/><W19/><G123/><T108/><D108/><U0/><E106/><V97/><F79/><W110/><G110/><T29/><D121/><U46/><E131/><V132/><F132/><W26/><G122/><T78/><D43/><U104/><E104/><V94/><F23/><W93/><G41/><T126/><D126/><U12/><E4/><V80/><F80/><W72/><G72/><T36/><D78/><U65/><E65/><V27/><F127/><W22/><G30/><T120/><D36/><U116/><E116/><V45/><F45/><W49/><G49/><T33/><D9/><U38/><E38/><V109/><F109/><W102/><REACH who="3" step="1"/><G86/><REACH who="3" ten="170,250,330,240" step="2"/><T69/><D29/><U3/><E51/><V82/><F35/><W81/><G81/><T56/><D33/><U111/><E111/><V96/><F82/><W98/><G98/><T74/><D74/><U112/><E112/><V28/><F97/><W71/><G71/><T48/><D120/><U25/><E31/><V125/><F125/><W18/><G18/><T6/><D85/><U2/><E2/><V83/><F83/><W84/><G84/><T89/><D48/><U13/><AGARI ba="0,1" hai="0,3,5,7,8,11,12,13,24,25,44,46,53,55" machi="13" ten="25,4800,0" yaku="0,1,22,2" doraHai="133" who="1" fromWho="1" sc="170,-16,250,58,330,-16,240,-16" /><INIT seed="1,1,0,5,3,24" ten="154,308,314,224" oya="1" hai0="46,84,78,109,79,16,62,5,98,13,6,31,4" hai1="75,18,9,14,92,26,105,107,17,132,101,56,89" hai2="7,114,1,124,15,23,99,27,50,72,54,90,100" hai3="110,38,30,34,47,41,96,133,74,0,22,10,65"/><U58/><E75/><V33/><F72/><W19/><G133/><T70/><D109/><U82/><E132/><V130/><F130/><W20/><G110/><T103/><D70/><U40/><E40/><V120/><F120/><W115/><G115/><T42/><D62/><U66/><E82/><V45/><F124/><W123/><G123/><T128/><D128/><U49/><E107/><V59/><F114/><W129/><G129/><T80/><D79/><U35/><E105/><V106/><F90/><W94/><G65/><T122/><D122/><U104/><E104/><V37/><F1/><W131/><G74/><T11/><D31/><U102/><E58/><V29/><F7/><W2/><G131/><T68/><D68/><U48/><E48/><V113/><F113/><W3/><G10/><T135/><D135/><U69/><E69/><V36/><REACH who="2" step="1"/><F59/><REACH who="2" ten="154,308,304,224" step="2"/><W134/><G134/><T39/><REACH who="0" step="1"/><D4/><REACH who="0" ten="144,308,304,224" step="2"/><N who="1" m="3367" /><E102/><V97/><F97/><W64/><G96/><T85/><D85/><U63/><E101/><V88/><F88/><W119/><G119/><T127/><D127/><U126/><E126/><V117/><F117/><W52/><G94/><AGARI ba="1,2" hai="5,6,11,13,16,39,42,46,78,80,84,94,98,103" machi="94" ten="30,3900,0" yaku="1,1,7,1,54,1,53,0" doraHai="24" doraHaiUra="51" who="0" fromWho="3" sc="144,62,308,0,304,0,224,-42" /><INIT seed="2,0,0,4,4,87" ten="206,308,304,182" oya="2" hai0="58,14,6,95,70,51,20,43,91,8,105,63,103" hai1="123,86,112,108,1,92,104,47,23,42,36,59,3" hai2="68,115,69,84,111,61,117,119,132,120,82,56,88" hai3="57,77,34,26,133,32,53,89,116,73,128,66,5"/><V46/><F115/><W98/><G116/><T16/><D70/><U113/><E104/><V62/><F120/><W4/><G133/><T114/><D114/><U106/><E106/><V65/><F132/><W80/><G128/><T67/><D105/><U81/><E123/><V21/><F111/><W48/><G66/><T97/><D43/><U74/><E108/><V76/><F69/><W129/><G129/><T64/><D51/><U25/><E112/><V15/><F46/><W127/><G127/><T54/><REACH who="0" step="1"/><D103/><REACH who="0" ten="196,308,304,182" step="2"/><U19/><E113/><V29/><F76/><W2/><G2/><AGARI ba="0,1" hai="2,6,8,14,16,20,54,58,63,64,67,91,95,97" machi="2" ten="30,8000,1" yaku="1,1,2,1,7,1,52,1,54,1,53,0" doraHai="87" doraHaiUra="134" who="0" fromWho="3" sc="196,90,308,0,304,0,182,-80" /><INIT seed="3,0,0,3,5,13" ten="286,308,304,102" oya="3" hai0="95,88,51,74,21,73,59,100,104,79,77,61,98" hai1="89,28,37,130,39,66,121,35,26,15,70,111,14" hai2="94,107,128,49,117,38,43,48,84,87,2,106,11" hai3="20,116,69,135,102,131,4,56,86,58,52,1,45"/><W62/><G116/><T42/><D74/><U126/><E121/><V8/><F117/><W80/><G135/><T134/><D134/><U27/><E111/><V60/><F128/><W124/><G131/><T75/><D75/><U67/><E130/><V63/><F38/><W32/><G124/><T81/><D79/><U23/><E126/><V19/><F2/><W6/><G32/><T92/><D92/><U24/><E89/><N who="2" m="53543" /><F107/><W29/><G69/><T99/><D21/><U115/><E115/><V18/><F106/><W133/><G133/><T123/><D123/><U31/><E26/><V68/><F68/><W120/><G120/><T83/><D83/><U41/><E70/><V64/><F87/><W110/><G110/><T97/><D97/><U91/><E91/><V112/><F112/><W127/><G127/><T78/><D78/><U47/><E39/><V34/><F34/><W114/><G114/><T71/><D71/><U108/><E108/><V33/><F33/><W72/><G72/><T122/><D122/><U50/><E37/><V129/><F129/><W9/><G1/><T90/><D90/><U103/><E103/><V82/><F82/><W101/><G45/><T105/><D105/><U118/><E118/><V36/><F36/><W7/><G9/><N who="2" m="3657" /><F43/><W96/><G96/><T93/><D104/><U10/><E10/><V57/><F63/><N who="3" m="36231" /><G80/><T3/><D3/><U65/><AGARI ba="0,0" hai="14,15,23,24,27,28,31,35,41,47,50,65,66,67" machi="65" ten="30,1100,0" yaku="0,1" doraHai="13" who="1" fromWho="1" sc="286,-3,308,11,304,-3,102,-5" owari="283,-11.7,319,41.9,301,10.1,97,-40.3" /></mjloggm>