<mjloggm ver="2.3"><GO type="225" lobby="0"/><UN n0="%E3%82%A4%E3%83%BC%E3%82%B1%E3%83%97%E3%83%A9" n1="%65%78%69%73%74%2D%79" n2="%43%55%4B%45%59" n3="%E3%82%B3%E3%83%90%E3%83%AC%E3%82%A4" dan="16,16,16,16" rate="2099.23,2074.41,2084.69,2157.24" sx="M,M,M,M"/><TAIKYOKU oya="0"/><INIT seed="0,0,0,1,0,65" ten="250,250,250,250" oya="0" hai0="127,43,5,132,1,113,36,23,84,87,49,21,78" hai1="119,45,57,99,48,22,108,18,4,98,85,134,81" hai2="64,2,76,79,25,130,11,116,52,107,61,0,115" hai3="47,40,19,83,63,24,67,125,62,102,100,35,8"/><T34/><D113/><U54/><E119/><V14/><F116/><W33/><G125/><T133/><D36/><U13/><E134/><N who="0" m="51817" /><D34/><U121/><E108/><V55/><F115/><W44/><G83/><N who="0" m="47223" /><D127/><U118/><E118/><V12/><F107/><W51/><G8/><N who="0" m="2095" /><D87/><U53/><E121/><V58/><F130/><W26/><G51/><T16/><D16/><U122/><E4/><N who="2" m="3175" /><F0/><W60/><G19/><T56/><D56/><U86/><E122/><V73/><F2/><W96/><G96/><N who="1" m="36906" /><E81/><V32/><F32/><W41/><G63/><AGARI ba="0,0" hai="13,18,22,45,48,53,54,57,63,85,86" m="36906" machi="63" ten="30,1000,0" yaku="8,1" doraHai="65" who="1" fromWho="3" sc="250,0,250,10,250,0,250,-10" /><INIT seed="1,0,0,3,3,125" ten="250,260,250,240" oya="1" hai0="55,49,7,123,65,1,28,101,114,42,39,45,38" hai1="83,33,118,115,47,51,91,58,35,54,107,11,41" hai2="121,48,67,59,96,94,81,130,57,44,111,104,100" hai3="20,113,66,82,37,117,108,102,2,68,78,31,92"/><U6/><E118/><V116/><F121/><W10/><G117/><T89/><D114/><U4/><E115/><V53/><F111/><W106/><G37/><T16/><D123/><U127/><E107/><V122/><F122/><W135/><G108/><T32/><D101/><U126/><E4/><V131/><F116/><W80/><G113/><T17/><D65/><U21/><E21/><V5/><F104/><W79/><G106/><T24/><D39/><U75/><E91/><V22/><F5/><W95/><G68/><T71/><D71/><U88/><E126/><V99/><F99/><W56/><G2/><T27/><D27/><U103/><E103/><V30/><F81/><N who="3" m="31339" /><G10/><T119/><D119/><U134/><E134/><V132/><F132/><W13/><G95/><T9/><REACH who="0" step="1"/><D89/><REACH who="0" ten="240,260,250,240" step="2"/><U69/><E69/><V128/><F67/><W60/><G135/><T34/><D34/><U90/><E127/><V62/><F62/><W63/><G60/><T77/><D77/><N who="1" m="44479" /><E35/><V133/><F133/><W109/><G109/><T87/><D87/><U110/><E110/><V84/><F84/><W50/><G50/><T23/><D23/><U14/><E33/><V36/><F36/><W25/><G79/><T61/><D61/><N who="1" m="36055" /><E88/><V26/><AGARI ba="0,1" hai="22,26,30,44,48,53,57,59,94,96,100,128,130,131" machi="26" ten="40,8000,1" yaku="0,1,19,1,52,3" doraHai="125" who="2" fromWho="2" sc="240,-20,260,-40,250,90,240,-20" /><INIT seed="2,0,0,4,1,32" ten="220,220,340,220" oya="2" hai0="85,83,27,59,74,0,48,106,67,11,45,19,84" hai1="53,75,42,36,111,69,104,92,68,50,47,107,102" hai2="70,38,76,29,124,65,46,133,49,52,125,30,13" hai3="97,127,9,44,62,23,96,118,43,128,22,119,20"/><V56/><F133/><W37/><G128/><T64/><D106/><U121/><E75/><V81/><F13/><W126/><G9/><T88/><D74/><U3/><E111/><V93/><F93/><W12/><G12/><N who="0" m="7583" /><D0/><U95/><E121/><V98/><F98/><N who="3" m="37995" /><G62/><N who="0" m="37983" /><D67/><U113/><E113/><V5/><F5/><W91/><G91/><N who="0" m="51615" /><D27/><U122/><E122/><V66/><F70/><W18/><G18/><T80/><D48/><U94/><E3/><V1/><F1/><W135/><G135/><T108/><D108/><U117/><E117/><V2/><F2/><W17/><G17/><T61/><D45/><U7/><E7/><V40/><F66/><W114/><G114/><T131/><D131/><U6/><E6/><V109/><F65/><W89/><G89/><T24/><D24/><U82/><E82/><V115/><F115/><W15/><G15/><T71/><D71/><U100/><E69/><V77/><F109/><W132/><G132/><T35/><D35/><U21/><E68/><V16/><F16/><W60/><G60/><AGARI ba="0,0" hai="60,61,80,85,88" m="51615,37983,7583" machi="60" ten="30,2000,0" yaku="8,1,54,1" doraHai="32" who="0" fromWho="3" sc="220,20,220,0,340,0,220,-20" /><INIT seed="3,0,0,3,0,47" ten="240,220,340,200" oya="3" hai0="62,102,131,87,27,71,41,112,116,113,122,31,100" hai1="26,10,52,65,108,69,83,101,124,79,8,68,70" hai2="106,118,56,45,120,34,19,30,84,61,39,14,75" hai3="1,74,123,81,103,97,37,43,51,109,125,18,132"/><W94/><G1/><T90/><D116/><U72/><E108/><V63/><F75/><W17/><G123/><T0/><D122/><U57/><E65/><V135/><F106/><W110/><G37/><T54/><D0/><U114/><E114/><N who="0" m="44137" /><D41/><U129/><E129/><V64/><F135/><W55/><G43/><T21/><D131/><U9/><E124/><V78/><F120/><W40/><G40/><T29/><D29/><U73/><E101/><V82/><F30/><W95/><G125/><T96/><D96/><U53/><E73/><V7/><F34/><W2/><G2/><T4/><D4/><U11/><N who="1" m="2048" /><DORA hai="111" /><U48/><E26/><V22/><F7/><W13/><G132/><T58/><D71/><U5/><E5/><V36/><F45/><W24/><G13/><T119/><D119/><U28/><E28/><V86/><F118/><W23/><G17/><T105/><D105/><U92/><E92/><AGARI ba="0,0" hai="21,27,31,54,58,62,87,90,92,100,102" m="44137" machi="92" ten="30,7700,0" yaku="11,1,52,3" doraHai="47,111" who="0" fromWho="1" sc="240,77,220,-77,340,0,200,0" owari="317,11.7,143,-35.7,340,44.0,200,-20.0" /></mjloggm>