<mjloggm ver="2.3"><GO type="225" lobby="0"/><UN n0="%E7%B4%94%E6%BD%94%E3%83%94%E3%83%A9%E3%83%8B%E3%82%A2" n1="%E3%83%A9%E3%82%B9%E7%8E%87%EF%BC%93%E5%89%B2" n2="%E4%BF%BA%E3%81%A8%E5%A6%96%E5%A4%A2" n3="%E3%81%8B%E3%82%8F%E3%81%A1%E3%82%83%E3%82%93%35%38" dan="17,17,16,16" rate="2229.92,2188.83,2183.43,2163.21" sx="M,F,F,M"/><TAIKYOKU oya="0"/><INIT seed="0,0,0,0,5,100" ten="250,250,250,250" oya="0" hai0="69,53,90,56,11,95,126,28,134,70,6,125,59" hai1="112,33,21,84,109,79,57,58,130,85,54,61,110" hai2="37,97,48,107,124,83,78,88,38,127,65,24,45" hai3="42,117,63,115,87,104,66,122,129,86,72,26,123"/><T34/><D34/><U94/><E33/><V49/><F65/><W14/><G115/><T119/><D28/><U75/><E112/><V73/><F24/><W128/><G117/><T101/><D101/><U98/><E130/><N who="3" m="50282" /><G72/><T8/><D119/><U43/><E43/><V135/><F135/><W81/><G42/><T20/><D20/><U55/><E75/><V47/><F49/><W92/><G26/><T133/><D95/><U67/><E21/><V131/><F131/><W99/><G14/><T51/><D90/><U74/><E74/><V108/><F108/><N who="1" m="41577" /><E79/><V9/><F9/><W44/><G44/><N who="0" m="27879" /><D8/><U16/><E16/><V91/><F38/><W22/><G22/><T3/><D3/><U62/><E67/><V113/><F37/><W121/><G81/><T118/><D6/><U13/><E13/><V114/><F45/><W31/><G31/><T36/><D36/><U105/><E105/><V41/><F114/><W27/><G27/><T96/><D11/><U80/><E80/><V102/><REACH who="2" step="1"/><F113/><REACH who="2" ten="250,250,240,250" step="2"/><W76/><G122/><T5/><D118/><U111/><N who="1" m="41585" /><U32/><DORA hai="132" /><E32/><V1/><F1/><W25/><G123/><T52/><D134/><U120/><E120/><V89/><AGARI ba="0,1" hai="41,47,48,73,78,83,88,89,91,97,102,107,124,127" machi="89" ten="30,12000,2" yaku="1,1,0,1,52,3,54,1,53,0" doraHai="100,132" doraHaiUra="4,12" who="2" fromWho="2" sc="250,-60,250,-30,240,130,250,-30" /><INIT seed="1,0,0,3,4,24" ten="190,220,370,220" oya="1" hai0="36,110,78,74,18,117,106,13,122,61,8,67,54" hai1="23,39,35,64,79,16,12,46,69,127,2,119,113" hai2="30,14,41,109,83,85,3,57,90,73,19,103,125" hai3="95,94,93,92,123,43,112,121,11,131,75,62,108"/><U0/><E113/><V100/><F3/><W129/><G112/><T49/><D117/><U50/><E119/><V25/><F73/><W98/><G75/><T27/><D36/><U29/><E127/><V51/><F125/><W37/><G37/><T32/><D106/><U5/><E39/><V65/><F109/><W53/><G43/><T87/><D110/><U96/><E79/><V56/><F56/><N who="3" m="35087" /><G11/><T52/><D74/><U135/><E135/><V114/><F114/><W101/><G108/><T80/><D122/><U116/><E116/><V9/><F65/><W68/><G68/><T82/><D82/><U124/><E124/><V7/><F19/><W4/><G4/><T66/><D66/><U88/><E5/><V47/><REACH who="2" step="1"/><F57/><REACH who="2" ten="190,220,360,220" step="2"/><W111/><G111/><T59/><REACH who="0" step="1"/><D49/><REACH who="0" ten="180,220,360,220" step="2"/><U132/><E64/><V21/><AGARI ba="0,2" hai="7,9,14,21,25,30,41,47,51,83,85,90,100,103" machi="21" ten="20,12000,2" yaku="1,1,2,1,0,1,7,1,8,1,52,1,53,0" doraHai="24" doraHaiUra="71" who="2" fromWho="2" sc="180,-30,220,-60,360,140,220,-30" /><INIT seed="2,0,0,0,3,133" ten="150,160,500,190" oya="2" hai0="2,67,46,16,58,109,70,28,76,12,17,1,106" hai1="72,23,31,107,131,93,15,8,35,13,84,9,102" hai2="11,54,66,128,120,129,44,20,125,69,127,132,45" hai3="134,99,49,79,118,94,117,87,62,26,61,116,80"/><V100/><F100/><W43/><G134/><T52/><D106/><U91/><E131/><N who="2" m="50251" /><F132/><W40/><G26/><T86/><D109/><U89/><E35/><V4/><F120/><W41/><REACH who="3" step="1"/><G49/><REACH who="3" ten="150,160,500,180" step="2"/><N who="0" m="28727" /><D1/><U5/><E31/><V56/><F69/><W25/><G25/><T74/><D70/><U38/><E38/><V130/><F130/><W88/><AGARI ba="0,1" hai="40,41,43,61,62,79,80,87,88,94,99,116,117,118" machi="88" ten="40,8000,1" yaku="1,1,0,1,54,1,53,1" doraHai="133" doraHaiUra="77" who="3" fromWho="3" sc="150,-20,160,-20,500,-40,180,90" /><INIT seed="3,0,0,2,4,62" ten="130,140,460,270" oya="3" hai0="66,59,31,26,86,56,40,48,45,135,15,19,27" hai1="72,124,53,121,36,85,79,52,130,97,88,49,113" hai2="43,98,16,133,5,58,13,74,109,134,106,123,80" hai3="89,125,83,119,9,101,102,107,10,82,47,35,22"/><W65/><G35/><T127/><D135/><N who="2" m="51722" /><F109/><W108/><G119/><T30/><D127/><U18/><E36/><V63/><F123/><W57/><G125/><T122/><D122/><U6/><E6/><V41/><F5/><W2/><G2/><T20/><D86/><U70/><E70/><V42/><F106/><W34/><G34/><T1/><D1/><U117/><E113/><V75/><F98/><W37/><G107/><T38/><D38/><U77/><E121/><V25/><F25/><N who="0" m="9226" /><D66/><U132/><E132/><V104/><F80/><W21/><G37/><T120/><D120/><U23/><E97/><V105/><F75/><W94/><G108/><T68/><D68/><U112/><E72/><V131/><F131/><W81/><G47/><T44/><D44/><N who="1" m="27687" /><E112/><V55/><F74/><W28/><G28/><AGARI ba="0,0" hai="15,19,20,28,30,31,40,45,48,56,59" m="9226" machi="28" ten="30,1000,0" yaku="8,1" doraHai="62" who="0" fromWho="3" sc="130,10,140,0,460,0,270,-10" owari="140,-26.0,140,-36.0,460,56.0,260,6.0" /></mjloggm>