<mjloggm ver="2.3"><GO type="225" lobby="0"/><UN n0="%E6%B4%BE%E9%81%A3%E3%81%AE%E3%82%B8%E3%83%A3%E3%83%83%E3%82%AF" n1="%E6%80%AA%E3%81%97%E3%81%99%E3%81%8E%E3%82%8B%E3%83%81%E3%83%BC" n2="%E7%9A%AE%E3%80%85" n3="%E3%83%96%E3%83%83%E3%83%91%E3%82%AA%E3%83%96%E3%83%81%E3%82%AD%E3%83%B3" dan="17,16,16,17" rate="2178.11,2062.39,2132.00,2213.79" sx="M,M,F,M"/><TAIKYOKU oya="0"/><INIT seed="0,0,0,1,0,75" ten="250,250,250,250" oya="0" hai0="133,21,127,4,7,124,64,116,126,76,99,35,54" hai1="29,39,60,120,122,40,90,50,67,57,113,118,102" hai2="31,47,38,89,22,58,49,32,94,107,134,44,5" hai3="79,84,37,36,112,91,55,24,46,63,70,3,92"/><T27/><D116/><U41/><E102/><V82/><F32/><W48/><G112/><T8/><D64/><U17/><E29/><V121/><F121/><N who="1" m="46697" /><E90/><V95/><F107/><W34/><G3/><T16/><D99/><U130/><E17/><V88/><F134/><W62/><G34/><T104/><D104/><U66/><E118/><V128/><F128/><W65/><G24/><N who="0" m="14375" /><D54/><N who="1" m="31959" /><E130/><V14/><F38/><W12/><G63/><T33/><D133/><U26/><E26/><N who="2" m="16855" /><F82/><W114/><G114/><T45/><D45/><N who="2" m="17482" /><F95/><W51/><G51/><T132/><D132/><U115/><E66/><V69/><F69/><W108/><G108/><T96/><D96/><U81/><E81/><V105/><F105/><W0/><G0/><N who="0" m="7" /><D76/><U53/><E53/><N who="2" m="32047" /><F94/><W19/><REACH who="3" step="1"/><G79/><REACH who="3" ten="250,250,250,240" step="2"/><T1/><D27/><U87/><E113/><V9/><AGARI ba="0,1" hai="5,9,14,88,89" m="32047,17482,16855" machi="9" ten="30,2000,0" yaku="8,1,54,1" doraHai="75" who="2" fromWho="2" sc="250,-10,250,-5,250,30,240,-5" /><INIT seed="1,0,0,1,5,132" ten="240,245,280,235" oya="1" hai0="18,59,70,10,14,126,58,65,13,0,22,11,55" hai1="116,73,35,1,110,19,83,51,12,54,8,25,29" hai2="56,5,81,104,50,125,91,120,48,17,36,128,102" hai3="135,113,46,30,44,100,34,60,62,107,6,26,71"/><U9/><E116/><V41/><F120/><W105/><G135/><T27/><D0/><U24/><E110/><V98/><F128/><W89/><G113/><T123/><D123/><U43/><E43/><V32/><F32/><W108/><G108/><T99/><D99/><U78/><E24/><V72/><F5/><W133/><G133/><T119/><D119/><U74/><E1/><V130/><F130/><W20/><G6/><T53/><D70/><U47/><REACH who="1" step="1"/><E9/><REACH who="1" ten="240,235,280,235" step="2"/><V37/><F41/><W4/><G26/><T52/><D126/><U106/><E106/><V84/><F37/><W115/><G107/><T80/><D80/><U64/><E64/><V42/><F42/><W38/><G105/><T93/><D93/><U97/><E97/><V61/><F36/><W90/><G38/><T76/><D65/><U86/><AGARI ba="0,1" hai="8,12,19,25,29,35,47,51,54,73,74,78,83,86" machi="86" ten="20,3900,0" yaku="1,1,0,1,7,1,53,0" doraHai="132" doraHaiUra="67" who="1" fromWho="1" sc="240,-13,235,49,280,-13,235,-13" /><INIT seed="1,1,0,4,5,133" ten="227,284,267,222" oya="1" hai0="79,83,77,58,2,132,92,106,24,17,49,14,40" hai1="72,25,46,28,56,85,33,36,135,64,6,39,66" hai2="125,84,98,67,52,81,116,47,93,108,102,61,134" hai3="59,130,107,109,91,123,22,18,126,21,112,74,23"/><U127/><E127/><V111/><F116/><W38/><G123/><T103/><D106/><U113/><E113/><V42/><F134/><W76/><G112/><T87/><D2/><U41/><E72/><V71/><F125/><W97/><G126/><T57/><D132/><U89/><E135/><V3/><F3/><W69/><G69/><T30/><D77/><U48/><E6/><V95/><F95/><W0/><G38/><T124/><D124/><U90/><E90/><V129/><F129/><W96/><G0/><T13/><D13/><U110/><E110/><V34/><F34/><W11/><G109/><T82/><D82/><U51/><E51/><V94/><F94/><W86/><G130/><T131/><D131/><U121/><E121/><V31/><F31/><W27/><G11/><T73/><D73/><U88/><E89/><V118/><F118/><W32/><G32/><T114/><D114/><U10/><E10/><V65/><F65/><W45/><G45/><N who="0" m="25767" /><D24/><U117/><E117/><V43/><F43/><W100/><G74/><T50/><D30/><U5/><E5/><V37/><REACH who="2" step="1"/><F52/><REACH who="2" ten="227,284,257,222" step="2"/><W7/><G107/><T75/><D92/><N who="1" m="54287" /><E66/><V62/><F62/><W4/><G100/><T122/><D103/><U9/><E64/><V104/><F104/><W105/><G105/><T55/><D122/><U63/><E63/><V35/><F35/><W15/><G97/><T29/><D29/><U19/><E56/><V54/><F54/><W80/><G59/><N who="0" m="33271" /><D75/><U26/><E26/><V12/><F12/><W128/><G27/><T99/><D99/><U78/><E28/><RYUUKYOKU ba="1,1" sc="227,15,284,-15,257,15,222,-15" hai0="14,17,57,58,79,83,87" hai2="37,42,47,61,67,71,81,84,93,98,102,108,111" /><INIT seed="2,2,1,5,3,82" ten="242,269,272,207" oya="2" hai0="94,133,122,95,30,56,64,128,50,72,110,70,75" hai1="13,57,68,7,4,14,47,19,88,34,127,61,81" hai2="126,111,120,124,78,5,26,10,107,96,44,32,42" hai3="129,65,91,3,31,119,135,98,58,35,21,8,109"/><V102/><F120/><W66/><G119/><T116/><D122/><U101/><E34/><V93/><F93/><N who="3" m="56639" /><G35/><T25/><D110/><U83/><E68/><V62/><F111/><W11/><G3/><T54/><D128/><U76/><E127/><V123/><F123/><W114/><G109/><T125/><D125/><U39/><E101/><V67/><F78/><W12/><G129/><T85/><D133/><U60/><E47/><V52/><F52/><W43/><G135/><T48/><D48/><U37/><E88/><V112/><F112/><W33/><G33/><T86/><D116/><U18/><REACH who="1" step="1"/><E57/><REACH who="1" ten="242,259,272,207" step="2"/><V118/><F118/><W41/><G114/><T84/><D70/><U63/><E63/><V46/><F46/><W73/><G58/><T117/><D117/><U6/><E6/><V108/><F108/><W92/><G43/><T132/><D132/><U53/><E53/><V40/><F44/><W105/><G41/><T16/><D64/><U106/><E106/><V24/><F42/><W36/><G105/><T2/><D94/><U100/><E100/><V103/><F40/><W22/><G92/><T45/><D95/><U38/><E38/><V9/><F103/><W89/><G36/><T121/><D121/><U113/><E113/><V134/><F134/><W131/><G89/><T55/><D55/><U80/><E80/><V90/><F90/><W104/><G104/><T74/><D45/><U1/><E1/><N who="2" m="175" /><F32/><W51/><G131/><T69/><D2/><U99/><E99/><V29/><F124/><W71/><G71/><T20/><D69/><U28/><E28/><AGARI ba="2,2" hai="16,20,25,28,30,50,54,56,72,74,75,84,85,86" machi="28" ten="50,8000,1" yaku="6,1,52,3,54,1" doraHai="82" who="0" fromWho="1" sc="242,106,259,-86,272,0,207,0" /><INIT seed="3,0,0,4,2,92" ten="348,173,272,207" oya="3" hai0="43,74,115,38,28,53,94,13,126,64,32,103,44" hai1="34,58,124,122,51,78,60,132,79,56,4,105,0" hai2="23,114,108,87,110,8,131,97,25,99,48,2,29" hai3="45,18,134,82,109,36,62,3,118,90,9,91,47"/><W123/><G118/><T22/><D74/><U61/><E122/><V59/><F114/><W119/><G119/><T14/><D64/><U86/><E34/><V24/><F24/><W41/><G123/><T21/><D14/><U57/><E124/><V7/><F131/><W26/><G134/><T27/><D53/><U116/><E116/><V10/><F10/><W125/><G125/><T69/><D69/><U88/><E132/><V30/><F30/><W113/><G113/><T127/><D115/><U81/><E105/><V68/><F68/><W54/><G109/><T100/><D100/><U49/><E4/><V46/><F87/><W130/><G130/><T71/><D71/><U120/><E0/><V83/><F83/><W93/><G82/><T20/><D13/><U63/><REACH who="1" step="1"/><E120/><REACH who="1" ten="348,163,272,207" step="2"/><V40/><REACH who="2" step="1"/><F59/><REACH who="2" ten="348,163,262,207" step="2"/><N who="3" m="35191" /><G3/><T80/><D127/><U15/><E15/><V52/><F52/><W121/><G121/><T33/><D126/><U50/><AGARI ba="0,2" hai="49,50,51,56,57,58,60,61,63,78,79,81,86,88" machi="50" ten="40,12000,2" yaku="1,1,0,1,29,2,8,1,54,1,53,1" doraHai="92" doraHaiUra="77" who="1" fromWho="1" sc="348,-30,163,140,262,-30,207,-60" owari="318,41.8,303,10.3,232,-16.8,147,-35.3" /></mjloggm>