<mjloggm ver="2.3"><GO type="225" lobby="0"/><UN n0="%E3%83%A9%E3%82%B9%E7%8E%87%EF%BC%93%E5%89%B2" n1="%72%61%6B%33" n2="%E3%82%8C%E3%81%99%E3%81%93" n3="%E7%B4%94%E6%BD%94%E3%83%94%E3%83%A9%E3%83%8B%E3%82%A2" dan="17,16,17,17" rate="2193.07,2123.36,2156.43,2215.78" sx="F,M,F,M"/><TAIKYOKU oya="0"/><INIT seed="0,0,0,1,3,20" ten="250,250,250,250" oya="0" hai0="23,15,70,104,110,86,83,38,69,14,102,50,11" hai1="61,79,92,118,18,39,33,41,32,53,105,9,82" hai2="124,48,123,44,125,133,19,116,34,28,58,99,56" hai3="5,89,97,91,30,52,26,109,29,117,25,78,6"/><T37/><D104/><U77/><E105/><V112/><F112/><W93/><G117/><T17/><D102/><U135/><E118/><V21/><F123/><W1/><G109/><T13/><D110/><U74/><E79/><V114/><F114/><W45/><G78/><T107/><D107/><U42/><E135/><V68/><F68/><W72/><G72/><T85/><D50/><U0/><E92/><V126/><F116/><W132/><G132/><T98/><D98/><U122/><E18/><V108/><F108/><W57/><G45/><T24/><D11/><U66/><E53/><N who="2" m="29831" /><F133/><W71/><G71/><T8/><D8/><U115/><E41/><V35/><F99/><W16/><G16/><T60/><D70/><N who="1" m="42319" /><E122/><V47/><F47/><W119/><G1/><T84/><REACH who="0" step="1"/><D83/><REACH who="0" ten="240,250,250,250" step="2"/><U22/><E82/><V73/><F125/><W113/><G113/><T10/><D10/><U130/><E9/><V111/><F111/><W59/><G119/><T96/><D96/><U106/><E106/><V81/><F126/><W76/><G97/><T46/><D46/><U129/><E115/><V121/><F124/><W40/><G40/><T36/><D36/><U120/><E42/><V128/><F121/><W94/><G76/><T88/><D88/><U131/><E39/><V65/><F81/><W62/><G62/><T134/><D134/><U27/><E120/><V87/><F73/><W103/><G103/><T63/><D63/><U80/><E0/><V100/><F100/><W43/><G43/><T49/><D49/><U31/><AGARI ba="0,1" hai="22,27,31,32,33,74,77,80,129,130,131" m="42319" machi="31" ten="30,2000,0" yaku="19,1,52,1" doraHai="20" who="1" fromWho="1" sc="240,-10,250,30,250,-5,250,-5" /><INIT seed="1,0,0,1,0,1" ten="230,280,245,245" oya="1" hai0="84,124,91,86,43,8,113,74,115,105,89,101,34" hai1="48,51,4,87,123,96,46,128,53,61,109,78,19" hai2="50,112,66,77,9,104,49,26,44,30,85,132,120" hai3="94,22,54,126,62,135,75,118,99,57,103,71,16"/><U42/><E123/><V15/><F120/><W7/><G118/><T55/><D34/><U93/><E128/><V98/><F132/><W36/><G135/><T38/><D43/><U106/><E109/><V33/><F112/><W14/><G75/><T17/><D38/><U65/><E106/><V81/><F66/><W20/><G36/><T133/><D55/><U56/><E19/><V110/><F110/><W73/><G73/><T24/><D74/><U60/><E4/><V80/><F80/><W122/><G122/><T68/><D68/><U114/><E114/><V59/><F59/><W2/><G71/><T25/><D17/><U32/><E32/><V21/><F33/><W28/><G126/><T64/><D8/><U117/><E117/><V6/><REACH who="2" step="1"/><F44/><REACH who="2" ten="230,280,235,245" step="2"/><W116/><G116/><T39/><D133/><U134/><E134/><V100/><AGARI ba="0,1" hai="6,9,15,21,26,30,49,50,77,81,85,98,100,104" machi="100" ten="30,7900,0" yaku="1,1,2,1,0,1,52,1,53,0" doraHai="1" doraHaiUra="52" who="2" fromWho="2" sc="230,-20,280,-39,235,89,245,-20" /><INIT seed="2,0,0,4,4,91" ten="210,241,324,225" oya="2" hai0="18,115,38,16,93,83,132,63,119,35,77,117,0" hai1="113,52,82,68,47,86,69,118,53,32,5,37,4" hai2="125,10,123,111,72,103,30,56,44,6,21,57,31" hai3="33,61,96,98,90,55,34,127,58,106,54,92,129"/><V124/><F123/><W51/><G127/><N who="2" m="48713" /><F72/><W24/><G129/><T104/><D104/><U60/><E32/><V43/><F103/><W128/><G128/><T102/><D38/><U25/><E113/><V89/><F89/><W49/><G61/><T20/><D35/><U14/><E118/><N who="0" m="45065" /><D0/><U99/><E37/><N who="2" m="21615" /><F111/><W29/><G106/><T87/><D115/><U79/><E69/><V7/><F7/><W64/><G64/><T8/><D132/><U28/><E4/><V45/><F45/><W110/><G110/><T70/><D8/><U84/><E47/><V71/><F71/><W130/><G130/><T66/><D20/><U1/><E68/><V22/><F22/><W78/><G78/><T105/><D105/><U76/><E5/><V108/><F108/><W74/><G74/><T62/><D62/><U17/><E79/><V27/><F31/><W65/><G65/><T19/><D102/><U40/><E76/><V109/><F109/><W48/><G34/><T81/><D81/><U46/><E82/><V112/><F112/><W39/><G39/><T122/><D122/><U135/><E28/><V59/><F59/><W2/><G2/><AGARI ba="0,0" hai="2,6,10,21,27,30,56,57" m="21615,48713" machi="2" ten="30,1500,0" yaku="18,1" doraHai="91" who="2" fromWho="3" sc="210,0,241,0,324,15,225,-15" /><INIT seed="2,1,0,1,0,87" ten="210,241,339,210" oya="2" hai0="117,100,101,131,80,43,39,59,67,133,53,0,76" hai1="18,121,118,105,129,60,114,23,35,56,12,5,113" hai2="127,44,123,62,103,119,32,84,22,1,15,71,52" hai3="20,81,90,61,110,58,99,98,36,126,75,13,69"/><V16/><F119/><W128/><G110/><T95/><D117/><U65/><E118/><V92/><F123/><W78/><G126/><T104/><D104/><U79/><E121/><V42/><F127/><W85/><G36/><T70/><D131/><U14/><E129/><V120/><F120/><W125/><G69/><T4/><D133/><U31/><E105/><V88/><F1/><W111/><G111/><T27/><D27/><U7/><E79/><V102/><F32/><W66/><G128/><T29/><D29/><U9/><E5/><V19/><F19/><W134/><G134/><T57/><D57/><U68/><E68/><V50/><F71/><W106/><G106/><T2/><D67/><U25/><AGARI ba="1,0" hai="7,9,12,14,18,23,25,31,35,56,60,65,113,114" machi="25" ten="30,1100,0" yaku="0,1" doraHai="87" who="1" fromWho="1" sc="210,-4,241,14,339,-6,210,-4" /><INIT seed="3,0,0,1,1,96" ten="206,255,333,206" oya="3" hai0="33,105,0,24,10,90,51,62,26,100,108,101,9" hai1="67,68,65,91,125,123,46,59,128,2,21,32,74" hai2="39,48,80,57,1,6,95,27,11,79,78,23,77" hai3="89,76,43,130,83,66,81,37,49,3,117,36,97"/><W41/><G3/><T115/><D105/><U14/><E14/><V53/><F39/><W61/><G117/><T5/><D108/><U86/><E21/><V50/><F95/><W116/><G116/><T35/><D115/><U112/><E59/><V8/><F8/><W45/><G130/><T63/><D90/><U16/><E86/><V87/><F50/><W7/><G7/><T107/><D107/><U55/><E55/><V122/><F122/><W60/><G43/><T132/><D51/><U121/><E46/><V84/><F84/><W106/><G81/><T124/><D5/><U85/><E85/><V15/><F1/><W47/><G47/><T93/><D93/><U40/><E91/><V22/><F22/><W73/><G60/><T104/><D104/><U56/><E40/><V88/><F88/><W54/><G41/><T38/><D0/><U94/><E2/><V44/><F44/><W58/><REACH who="3" step="1"/><G89/><REACH who="3" ten="206,255,333,196" step="2"/><T103/><D62/><U113/><E128/><V134/><F134/><W25/><G25/><T111/><D132/><U75/><E121/><V131/><F131/><W19/><G19/><AGARI ba="0,1" hai="6,11,15,19,23,27,48,53,57,77,78,79,80,87" machi="19" ten="30,2000,0" yaku="7,1,8,1" doraHai="96" who="2" fromWho="3" sc="206,0,255,0,333,30,196,-20" owari="206,-19.4,255,5.5,363,46.3,176,-32.4" /></mjloggm>