<mjloggm ver="2.3"><GO type="225" lobby="0"/><UN n0="%E3%83%B4%E3%83%A0%EF%BC%99%E3%81%A6" n1="%E6%9C%88%E5%A4%9C%E3%81%AB%E9%A2%A8" n2="%E6%9C%88%E5%B3%B6%E5%9F%BA" n3="%E3%82%BC%E3%83%AB%E3%83%80%E3%81%AE%E4%BC%9D%E8%AA%AC" dan="17,16,17,17" rate="2131.18,2070.61,2210.10,2137.77" sx="M,M,M,M"/><TAIKYOKU oya="0"/><INIT seed="0,0,0,5,2,74" ten="250,250,250,250" oya="0" hai0="120,1,123,7,25,68,56,4,45,8,115,130,16" hai1="92,104,48,11,97,23,34,13,70,91,108,83,67" hai2="96,41,33,35,113,105,100,126,98,27,135,29,77" hai3="18,88,44,112,109,10,20,90,79,71,21,38,84"/><T127/><D68/><U99/><E108/><V82/><F113/><W124/><G112/><T59/><D115/><U93/><E34/><V55/><F126/><W22/><G71/><T102/><D127/><U64/><E104/><V43/><F135/><W122/><G124/><T57/><D130/><U24/><E48/><V60/><F35/><W46/><G109/><T107/><D7/><N who="1" m="3327" /><E83/><V101/><F55/><W51/><G38/><T103/><D45/><N who="3" m="17513" /><G51/><T58/><D58/><U54/><E54/><V5/><F5/><W49/><G49/><T118/><D118/><U30/><E70/><V73/><REACH who="2" step="1"/><F60/><REACH who="2" ten="250,250,240,250" step="2"/><W125/><G125/><T15/><D123/><U80/><E80/><V2/><F2/><W6/><G6/><T53/><D120/><U110/><E110/><V26/><F26/><W19/><G122/><T31/><D53/><U36/><E36/><V131/><F131/><W47/><G47/><T111/><D111/><U50/><E50/><V37/><F37/><W89/><G10/><T63/><D63/><U87/><E99/><V133/><F133/><W66/><G66/><T9/><REACH who="0" step="1"/><D107/><AGARI ba="0,1" hai="27,29,33,41,43,73,77,82,96,98,100,101,105,107" machi="107" ten="30,7700,0" yaku="1,1,7,1,9,1,52,1,53,0" doraHai="74" doraHaiUra="81" who="2" fromWho="0" sc="250,-77,250,0,240,87,250,0" /><INIT seed="1,0,0,5,3,7" ten="173,250,327,250" oya="1" hai0="36,33,3,25,50,58,56,0,119,64,1,96,71" hai1="20,113,115,29,41,78,93,124,102,117,17,101,88" hai2="122,22,19,8,13,85,47,34,49,90,92,28,127" hai3="91,55,129,112,6,23,84,79,123,10,82,27,74"/><U31/><E117/><V107/><F122/><W69/><G129/><T89/><D119/><U15/><E124/><V4/><F127/><W43/><G112/><T111/><D36/><U128/><E128/><V60/><F107/><W63/><G123/><T46/><D111/><U42/><E115/><V108/><F108/><W120/><G120/><T87/><D96/><N who="1" m="57383" /><E78/><V116/><F116/><W24/><G43/><N who="1" m="16394" /><E113/><V109/><F109/><W133/><G133/><T73/><D73/><U37/><E37/><V5/><F34/><W44/><G69/><T86/><D71/><U130/><E130/><V83/><F60/><W16/><G27/><T68/><D68/><U45/><E45/><V121/><F121/><W35/><G35/><T70/><D70/><U76/><E76/><V106/><F106/><W52/><G63/><T26/><D33/><U135/><E135/><V77/><F28/><AGARI ba="0,0" hai="15,17,20,28,29,31,101,102" m="16394,57383" machi="28" ten="30,2900,0" yaku="8,1,54,1" doraHai="7" who="1" fromWho="2" sc="173,0,250,29,327,-29,250,0" /><INIT seed="1,1,0,4,1,121" ten="173,279,298,250" oya="1" hai0="67,31,28,65,93,44,20,61,60,126,43,36,78" hai1="95,75,4,49,122,56,80,59,14,11,66,107,54" hai2="26,115,23,24,79,16,114,119,15,53,41,100,134" hai3="99,127,70,83,81,7,90,13,55,71,97,32,2"/><U17/><E122/><V6/><F119/><W131/><G32/><T38/><D126/><U105/><E95/><V50/><F134/><W96/><G2/><T39/><D78/><U25/><E75/><V84/><F100/><W128/><G55/><T101/><D101/><U57/><E80/><N who="3" m="30794" /><G90/><T62/><D93/><U34/><E66/><V68/><F68/><N who="3" m="26155" /><G13/><T120/><D120/><U130/><E130/><N who="3" m="49706" /><G7/><T85/><D85/><U64/><E64/><V108/><F84/><W19/><G19/><T118/><D118/><U0/><E34/><V77/><F6/><W30/><G30/><T109/><D67/><U129/><E129/><V47/><F53/><W123/><G123/><T29/><D65/><U12/><E0/><V117/><F79/><W106/><G106/><T133/><D133/><U5/><E105/><V37/><F77/><W48/><G48/><T89/><D89/><U94/><E107/><V103/><F50/><W52/><G52/><T46/><D20/><N who="1" m="13455" /><E94/><V88/><F88/><W104/><G104/><T110/><D44/><N who="1" m="27943" /><E14/><V33/><F103/><W35/><G35/><T102/><REACH who="0" step="1"/><D102/><REACH who="0" ten="163,279,298,250" step="2"/><U45/><E45/><V8/><F117/><W113/><G127/><T42/><D42/><U73/><E73/><V125/><F125/><W10/><G10/><T116/><D116/><U76/><E76/><V51/><F33/><W3/><G3/><T1/><D1/><U87/><E87/><V22/><F41/><W86/><G86/><T124/><D124/><U40/><E40/><V21/><F8/><W9/><G9/><T74/><D74/><U135/><E4/><RYUUKYOKU ba="1,1" sc="163,10,279,10,298,-30,250,10" hai0="28,29,31,36,38,39,43,46,60,61,62,109,110" hai1="5,11,12,56,57,59,135" hai3="96,97,99,113" /><INIT seed="1,2,1,3,5,61" ten="173,289,268,260" oya="1" hai0="9,94,84,29,0,109,44,80,129,49,72,107,81" hai1="83,40,103,113,115,6,122,106,26,111,135,123,60" hai2="132,16,102,17,119,12,50,53,27,23,86,134,18" hai3="22,37,87,36,20,78,46,10,51,99,34,13,42"/><U71/><E6/><V33/><F119/><W98/><G34/><T67/><D107/><U5/><E5/><V79/><F102/><W54/><G36/><T43/><D109/><U52/><E111/><V88/><F79/><W76/><G37/><T82/><D129/><U14/><E14/><V7/><F7/><N who="3" m="3295" /><G54/><T105/><D105/><U112/><E135/><N who="2" m="51755" /><F33/><W116/><G116/><T30/><D72/><U4/><E4/><V73/><F73/><W89/><G76/><T58/><D9/><U92/><E106/><V118/><F118/><W35/><G35/><T3/><D3/><U74/><E26/><V130/><F130/><W59/><G59/><T104/><D104/><U64/><E40/><V114/><F114/><W124/><G124/><T75/><D75/><U66/><E74/><V65/><F65/><W1/><G1/><T48/><D0/><U25/><E25/><V126/><F126/><W91/><G78/><T117/><D117/><U62/><E123/><V133/><F133/><W24/><G91/><N who="0" m="53607" /><D49/><U127/><E122/><V19/><F12/><W55/><G42/><T31/><D58/><N who="1" m="36887" /><E127/><V70/><F70/><W68/><G68/><T41/><D41/><U77/><E71/><V39/><F39/><W125/><G125/><T101/><D67/><U128/><E66/><V28/><F53/><W21/><G24/><T96/><D101/><U121/><E128/><V2/><F2/><W38/><G38/><T93/><D96/><N who="1" m="59783" /><E121/><V45/><F19/><W69/><G69/><T11/><D11/><U63/><E52/><N who="2" m="29775" /><F18/><W85/><G85/><T120/><D120/><RYUUKYOKU ba="2,1" sc="173,0,289,0,268,0,260,0" hai0="29,30,31,43,44,48,80,81,82,93" hai1="62,63,77,83,112,113,115" hai2="16,17,23,27,28,86,88" hai3="20,21,22,46,51,55,87,89,98,99" /><INIT seed="1,3,1,5,0,82" ten="173,289,268,260" oya="1" hai0="100,23,62,84,66,36,78,74,37,76,94,101,43" hai1="19,131,64,57,75,56,99,26,48,87,55,97,96" hai2="45,50,126,5,114,71,25,10,133,41,35,68,108" hai3="52,22,15,123,119,59,20,105,8,21,2,98,121"/><U13/><E75/><V0/><F108/><W61/><G2/><T28/><D74/><U129/><E26/><V53/><F133/><W86/><G119/><T38/><D43/><U17/><E87/><V109/><F109/><W47/><G47/><T135/><D135/><U116/><E116/><V110/><F110/><W31/><G31/><T90/><D28/><U49/><E19/><V77/><F126/><W39/><G39/><T27/><D27/><U9/><E64/><V95/><F114/><W122/><G86/><T70/><REACH who="0" step="1"/><D23/><REACH who="0" ten="163,289,268,260" step="2"/><U106/><E106/><V85/><F25/><W11/><REACH who="3" step="1"/><G15/><REACH who="3" ten="163,289,268,250" step="2"/><T58/><D58/><U128/><E57/><V54/><F0/><W118/><G118/><T104/><D104/><U7/><E56/><V111/><F111/><W3/><G3/><T65/><D65/><U34/><E129/><V33/><F68/><W89/><G89/><T51/><D51/><U1/><E48/><V127/><F71/><W81/><G81/><T67/><D67/><U107/><E49/><V29/><F29/><W93/><G93/><T124/><D124/><U6/><E107/><V117/><F127/><W60/><G60/><T73/><D73/><U103/><E131/><V83/><F117/><W46/><G46/><T24/><D24/><U80/><E128/><V115/><F95/><W134/><G134/><T125/><D125/><U132/><E80/><V32/><F115/><W79/><G79/><AGARI ba="3,3" hai="36,37,38,62,66,70,76,78,79,84,90,94,100,101" machi="79" ten="40,2600,0" yaku="1,1,52,1,53,0" doraHai="82" doraHaiUra="92" who="0" fromWho="3" sc="163,65,289,0,268,0,250,-35" /><INIT seed="2,0,0,5,0,19" ten="228,289,268,215" oya="2" hai0="129,82,81,124,53,74,89,83,7,56,84,106,130" hai1="54,76,95,108,9,94,92,38,116,113,79,39,117" hai2="6,88,45,51,15,114,13,86,128,65,31,48,118" hai3="123,5,67,107,63,36,35,27,50,4,37,18,100"/><V55/><F114/><W90/><G123/><T133/><D7/><U20/><E113/><V122/><F118/><N who="1" m="45673" /><E9/><N who="2" m="4279" /><F128/><N who="0" m="49258" /><D53/><U16/><E54/><N who="2" m="29967" /><F122/><W52/><G90/><N who="0" m="51471" /><D56/><U85/><E85/><V104/><F104/><W23/><G35/><T111/><D111/><U131/><E108/><V99/><F99/><W126/><G126/><T10/><D10/><U119/><E131/><V32/><F32/><W109/><G109/><T61/><D61/><U44/><E44/><N who="2" m="28135" /><F31/><W72/><G72/><T115/><D115/><U64/><E64/><V28/><F28/><W12/><G37/><T30/><D30/><U98/><E98/><V75/><F75/><W68/><G36/><T17/><D124/><U49/><E49/><V97/><F97/><W34/><G34/><T62/><D62/><U41/><E41/><V110/><F110/><W59/><G107/><T25/><D106/><U120/><E119/><V43/><F65/><W40/><G100/><T78/><D89/><U73/><E120/><V93/><F15/><W46/><G12/><T105/><D105/><U47/><E47/><V58/><F58/><W87/><G87/><T24/><D133/><U70/><E73/><V33/><F33/><W103/><G103/><T91/><D17/><U14/><E70/><V8/><F8/><W0/><G0/><T112/><D112/><U102/><E102/><V42/><AGARI ba="0,0" hai="42,43,86,88,93" m="28135,29967,4279" machi="42" ten="30,3000,0" yaku="8,1,54,1" doraHai="19" who="2" fromWho="2" sc="228,-10,289,-10,268,30,215,-10" /><INIT seed="2,1,0,1,1,40" ten="218,279,298,205" oya="2" hai0="33,6,36,7,10,31,0,104,11,41,32,128,132" hai1="110,83,43,119,75,58,65,60,94,29,86,4,52" hai2="127,98,46,133,24,15,129,122,89,81,118,56,2" hai3="101,35,77,97,123,51,28,102,39,135,131,64,18"/><V19/><F118/><W96/><G123/><T23/><D104/><U26/><E119/><V107/><F2/><W45/><G39/><T116/><D116/><U112/><E112/><V106/><F122/><W30/><G135/><T124/><D132/><U48/><E75/><V49/><F129/><W95/><G131/><T61/><D128/><U68/><E110/><V79/><F127/><W88/><G35/><T115/><D115/><U67/><E4/><V93/><F56/><W21/><G77/><T91/><D124/><U92/><E67/><V63/><F24/><W20/><G64/><T1/><D61/><U27/><E43/><V57/><F57/><W50/><G50/><T3/><D91/><U76/><REACH who="1" step="1"/><E26/><REACH who="1" ten="218,269,298,205" step="2"/><V108/><F108/><W80/><G80/><T17/><D41/><U16/><E16/><V134/><F19/><W54/><G21/><AGARI ba="1,1" hai="21,27,29,48,52,58,60,65,68,76,83,86,92,94" machi="21" ten="30,7700,0" yaku="1,1,7,1,54,1,53,1" doraHai="40" doraHaiUra="73" who="1" fromWho="3" sc="218,0,269,90,298,0,205,-80" /><INIT seed="3,0,0,0,3,41" ten="218,359,298,125" oya="3" hai0="60,98,120,30,39,20,12,52,103,109,80,9,86" hai1="2,133,91,117,40,72,21,134,10,16,93,34,8" hai2="28,6,17,104,118,121,101,23,131,73,51,122,116" hai3="83,66,53,94,42,129,119,132,97,108,115,62,63"/><W90/><G115/><T92/><D39/><U47/><E72/><V111/><F73/><W31/><G119/><N who="2" m="45609" /><F101/><W24/><G132/><N who="1" m="50794" /><E34/><V96/><F96/><W49/><G129/><T77/><D120/><N who="2" m="46186" /><F104/><W15/><G108/><T11/><D109/><U43/><E2/><V107/><F107/><W106/><G106/><T45/><D60/><U67/><E67/><V95/><F95/><W69/><G15/><T32/><D32/><U68/><E68/><V58/><F58/><W100/><G42/><N who="1" m="15914" /><E47/><V70/><F51/><W22/><G63/><T64/><D64/><U3/><E3/><V99/><F99/><W110/><G110/><T7/><D9/><U89/><E91/><V50/><F50/><W85/><REACH who="3" step="1"/><G49/><REACH who="3" ten="218,359,298,115" step="2"/><N who="0" m="28719" /><D20/><U128/><E128/><V27/><F111/><W71/><G71/><T18/><D30/><U105/><E105/><V25/><F70/><W26/><G26/><T4/><AGARI ba="0,1" hai="4,7,11,12,18,77,80,86,92,98,103" m="28719" machi="4" ten="30,4000,0" yaku="8,1,52,1,54,1" doraHai="41" who="0" fromWho="0" sc="218,50,359,-10,298,-10,115,-20" owari="268,-13.2,349,44.9,288,8.8,95,-40.5" /></mjloggm>