<mjloggm ver="2.3"><GO type="225" lobby="0"/><UN n0="%4B%2E%32%2E%4B%2E" n1="%E3%81%B2%E3%81%AA%E3%81%AE%E3%82%8A%E3%81%8F" n2="%E3%81%8B%E3%82%8F%E3%81%A1%E3%82%83%E3%82%93%35%38" n3="%4E%6F%2E%30%30%30%31" dan="16,16,16,18" rate="2166.57,2115.24,2134.17,2242.30" sx="M,M,M,M"/><TAIKYOKU oya="0"/><INIT seed="0,0,0,0,3,99" ten="250,250,250,250" oya="0" hai0="115,38,58,112,111,92,71,86,79,57,69,13,65" hai1="135,84,64,98,107,108,41,8,118,77,25,61,59" hai2="36,110,28,17,51,27,70,33,43,68,66,82,78" hai3="102,42,117,0,52,121,5,46,119,31,55,124,104"/><T20/><D38/><U103/><E118/><V15/><F110/><W83/><G124/><T85/><D111/><U11/><E135/><V1/><F1/><W106/><G31/><T37/><D37/><U94/><E108/><V80/><F36/><W101/><G121/><T105/><D105/><U76/><E41/><V44/><F66/><W127/><G127/><T22/><D65/><U72/><E25/><V30/><F30/><W35/><G35/><T67/><D67/><U10/><E72/><V81/><REACH who="2" step="1"/><F78/><REACH who="2" ten="250,250,240,250" step="2"/><W116/><G0/><T26/><D79/><U4/><E77/><V3/><F3/><W100/><G5/><T24/><REACH who="0" step="1"/><D13/><REACH who="0" ten="240,250,240,250" step="2"/><N who="1" m="5255" /><E107/><V87/><F87/><W50/><G106/><T34/><D34/><U126/><E126/><V19/><F19/><W89/><REACH who="3" step="1"/><G104/><REACH who="3" ten="240,250,240,240" step="2"/><T96/><D96/><U56/><E98/><V23/><AGARI ba="0,3" hai="15,17,23,27,28,33,43,44,51,68,70,80,81,82" machi="23" ten="30,2000,0" yaku="1,1,0,1,53,0" doraHai="99" doraHaiUra="75" who="2" fromWho="2" sc="240,-10,250,-5,240,50,240,-5" /><INIT seed="1,0,0,5,0,7" ten="230,245,290,235" oya="1" hai0="95,25,106,30,103,17,88,26,130,91,0,117,114" hai1="8,80,13,35,75,109,126,66,21,62,113,22,43" hai2="77,9,15,127,61,60,73,128,52,71,33,122,29" hai3="102,97,133,85,124,45,51,20,121,118,108,93,111"/><U99/><E113/><V23/><F122/><W92/><G121/><T84/><D114/><U72/><E35/><V11/><F33/><W6/><G124/><T83/><D117/><U18/><E126/><V131/><F127/><W16/><G118/><T74/><D0/><U36/><E109/><N who="3" m="42058" /><G133/><T78/><D130/><N who="2" m="49706" /><F71/><W2/><G85/><T79/><D79/><U40/><E99/><V59/><F61/><W70/><G70/><T57/><D17/><U107/><E107/><V110/><F110/><W65/><G65/><T116/><D116/><U119/><E119/><V68/><F68/><W41/><G93/><T32/><D25/><U49/><E36/><V132/><F132/><W47/><G47/><T19/><D19/><U28/><E28/><V82/><F15/><N who="3" m="9247" /><G6/><T64/><D91/><U105/><E105/><V48/><F60/><W87/><G87/><T1/><D1/><AGARI ba="0,0" hai="1,2,41,45,51,92,97,102" m="9247,42058" machi="1" ten="30,2000,0" yaku="14,1,54,1" doraHai="7" who="3" fromWho="0" sc="230,-20,245,0,290,0,235,20" /><INIT seed="2,0,0,5,3,119" ten="210,245,290,255" oya="2" hai0="91,118,5,99,42,58,39,116,6,135,79,106,120" hai1="73,37,115,35,50,114,107,129,127,90,78,32,85" hai2="70,10,134,101,34,111,54,74,49,11,84,125,18" hai3="3,31,36,52,65,123,16,41,62,23,33,53,12"/><V121/><F74/><W113/><G123/><T66/><D135/><U124/><E37/><V69/><F34/><N who="1" m="12841" /><E107/><V68/><F101/><W126/><G126/><N who="1" m="48170" /><E129/><V7/><F125/><W24/><G113/><T96/><D79/><U30/><E30/><V133/><F111/><W64/><G3/><T104/><D39/><U51/><E78/><V56/><F121/><W40/><G65/><T45/><D120/><U82/><E73/><V98/><F98/><N who="0" m="37418" /><D91/><U97/><E97/><V0/><F84/><W92/><G92/><T20/><D20/><U87/><E87/><V88/><F88/><W57/><REACH who="3" step="1"/><G36/><REACH who="3" ten="210,245,290,245" step="2"/><T43/><D106/><U103/><E103/><V108/><F108/><W83/><G83/><T95/><D104/><U19/><E115/><V132/><F70/><W48/><G48/><T26/><D95/><U112/><E112/><V22/><REACH who="2" step="1"/><F10/><REACH who="2" ten="210,245,280,245" step="2"/><W25/><G25/><AGARI ba="0,2" hai="0,7,11,18,22,25,49,54,56,68,69,132,133,134" machi="25" ten="40,7700,0" yaku="1,1,2,1,20,1,53,0" doraHai="119" doraHaiUra="28" who="2" fromWho="3" sc="210,0,245,0,280,97,245,-77" /><INIT seed="2,1,0,5,4,4" ten="210,245,377,168" oya="2" hai0="121,71,111,64,129,96,13,128,119,39,15,126,118" hai1="50,11,51,82,37,49,27,55,7,52,133,78,106" hai2="115,125,48,6,95,77,116,19,54,40,57,22,99" hai3="97,87,107,12,29,53,3,86,35,59,73,65,135"/><V60/><F125/><W16/><G73/><T74/><D121/><U81/><E37/><V79/><F116/><N who="0" m="44586" /><D39/><U1/><E133/><V43/><F6/><W33/><G3/><T113/><D113/><U85/><E106/><V21/><F21/><W93/><G107/><T103/><D74/><U42/><E42/><V68/><F115/><W88/><G65/><T36/><D36/><U84/><REACH who="1" step="1"/><E27/><REACH who="1" ten="210,235,377,168" step="2"/><V104/><F104/><W100/><G135/><T102/><D126/><U9/><E9/><V38/><F38/><W91/><G29/><T83/><D129/><U47/><E47/><V26/><F43/><W20/><G91/><AGARI ba="1,1" hai="1,7,11,49,50,51,52,55,78,81,82,84,85,91" machi="91" ten="40,5200,0" yaku="1,1,52,1,54,1,53,0" doraHai="4" doraHaiUra="130" who="1" fromWho="3" sc="210,0,235,65,377,0,168,-55" /><INIT seed="3,0,0,3,0,115" ten="210,300,377,113" oya="3" hai0="13,46,69,95,125,111,97,3,66,87,29,14,20" hai1="131,21,100,73,133,117,2,96,74,53,12,101,18" hai2="78,110,58,7,61,68,81,57,75,11,135,88,121" hai3="52,105,19,10,51,127,65,33,9,107,17,70,71"/><W99/><G33/><T91/><D3/><U129/><E2/><V106/><F106/><W80/><G127/><T5/><D125/><U41/><E101/><V27/><F68/><W103/><G107/><T26/><D111/><U54/><E41/><V109/><F135/><W31/><G31/><T35/><D69/><U38/><E38/><V67/><F121/><W102/><G102/><T104/><D66/><U6/><E133/><V112/><F112/><W132/><G132/><T122/><D122/><U1/><E1/><V22/><F88/><W93/><G105/><T128/><D128/><N who="1" m="49227" /><E6/><V83/><F83/><W86/><G65/><T47/><D35/><U25/><E25/><V120/><F120/><W0/><G0/><T4/><D104/><N who="1" m="63495" /><E117/><V116/><F116/><W34/><G34/><T55/><D87/><U39/><E39/><V8/><F58/><N who="3" m="33055" /><G70/><T23/><D55/><AGARI ba="0,0" hai="12,18,21,53,54,55,73,74" m="63495,49227" machi="55" ten="30,1000,0" yaku="19,1" doraHai="115" who="1" fromWho="0" sc="210,-10,300,10,377,0,113,0" owari="200,-20.0,310,11.0,377,47.7,113,-38.7" /></mjloggm>