<mjloggm ver="2.3"><GO type="225" lobby="0"/><UN n0="%E3%83%81%E3%83%83%E3%82%BF%E3%82%BD%E3%83%BC" n1="%E3%81%8B%E3%82%8F%E3%81%A1%E3%82%83%E3%82%93%35%38" n2="%E6%81%A5%E6%99%92%E3%81%97" n3="%E3%83%A9%E3%82%B9%E7%8E%87%EF%BC%93%E5%89%B2" dan="16,16,16,16" rate="2110.56,2135.93,2169.54,2184.05" sx="F,M,M,F"/><TAIKYOKU oya="0"/><INIT seed="0,0,0,3,1,58" ten="250,250,250,250" oya="0" hai0="117,100,44,85,16,27,29,0,48,43,87,21,106" hai1="51,25,28,31,124,7,93,61,91,69,1,18,80" hai2="122,19,129,126,46,101,75,99,20,77,45,133,76" hai3="78,98,47,4,53,112,65,113,2,33,130,95,24"/><T15/><D117/><U54/><E124/><V111/><F126/><W84/><G130/><T115/><D115/><U73/><E1/><V103/><F122/><W42/><G53/><T26/><D0/><U97/><E7/><V55/><F129/><W6/><G33/><T9/><D106/><U105/><E105/><V125/><F125/><W74/><G24/><T131/><D100/><U72/><E18/><V94/><F111/><W62/><G84/><T49/><D131/><U32/><E28/><V109/><F109/><W118/><G6/><T40/><D26/><U50/><E50/><V60/><F133/><W128/><G118/><T86/><REACH who="0" step="1"/><D48/><REACH who="0" ten="240,250,250,250" step="2"/><U36/><E36/><V39/><F103/><W108/><G128/><T71/><D71/><U8/><E69/><V38/><F39/><N who="3" m="21983" /><G108/><T116/><D116/><U119/><E119/><V66/><F38/><W34/><G112/><T17/><D17/><U12/><E51/><V59/><F19/><W57/><G113/><T13/><D13/><U30/><E30/><V102/><F101/><N who="3" m="60639" /><G2/><T92/><D92/><U135/><E135/><V11/><F94/><W82/><G4/><T127/><D127/><U120/><E120/><V107/><F102/><W83/><G83/><T81/><D81/><U88/><E80/><V3/><F107/><W22/><G34/><T90/><D90/><U110/><E91/><V37/><F37/><W10/><G10/><T70/><D70/><U67/><E110/><V64/><F11/><W5/><G5/><T56/><D56/><U35/><E8/><V41/><F3/><W63/><G22/><RYUUKYOKU ba="0,1" sc="240,15,250,-15,250,-15,250,15" hai0="9,15,16,21,27,29,40,43,44,49,85,86,87" hai3="57,62,63,65,74,78,82" /><INIT seed="0,1,1,3,1,87" ten="255,235,235,265" oya="0" hai0="92,80,19,123,99,72,33,56,26,104,93,77,24" hai1="40,48,10,4,41,75,5,119,109,21,134,29,82" hai2="62,89,52,35,113,9,23,108,105,59,28,67,65" hai3="88,31,55,79,6,98,60,32,121,3,100,54,97"/><T66/><D123/><U122/><E122/><V47/><F113/><W14/><G121/><T12/><D104/><U61/><E119/><V71/><F35/><W0/><G32/><T96/><D33/><U17/><E29/><V39/><F105/><W78/><G31/><T86/><D72/><U11/><E75/><V83/><F108/><W124/><G124/><T70/><D70/><U1/><E109/><V111/><F111/><W74/><G74/><T84/><D84/><U7/><E134/><V73/><F73/><W112/><G112/><T36/><D36/><U42/><E82/><V103/><F103/><W43/><G43/><N who="1" m="16458" /><E61/><V130/><F39/><W116/><G116/><T131/><D131/><U117/><E1/><V46/><F130/><W57/><G0/><T90/><D56/><U51/><E117/><V127/><F9/><N who="1" m="3081" /><E42/><V45/><F127/><W13/><G3/><T118/><D66/><N who="2" m="25098" /><F71/><W115/><G6/><T68/><D68/><U114/><E114/><V20/><F28/><W95/><G115/><T27/><D118/><U2/><E2/><V133/><F133/><W132/><G132/><T22/><REACH who="0" step="1"/><D12/><AGARI ba="1,1" hai="4,5,7,12,17,21,48,51" m="3081,16458" machi="12" ten="30,1000,0" yaku="8,1" doraHai="87" who="1" fromWho="0" sc="255,-13,235,23,235,0,265,0" /><INIT seed="1,0,0,1,3,109" ten="242,258,235,265" oya="1" hai0="84,117,2,52,114,1,126,34,78,115,58,25,77" hai1="135,95,102,60,130,11,71,41,111,61,47,128,120" hai2="53,16,103,81,19,18,12,30,38,48,85,123,10" hai3="127,44,131,8,66,100,17,14,70,110,15,116,132"/><U22/><E22/><V56/><F123/><W89/><G110/><T43/><D126/><U45/><E111/><V72/><F38/><W46/><G127/><T64/><D64/><N who="1" m="41351" /><E11/><V79/><F30/><W33/><G33/><T36/><D117/><U59/><E95/><V68/><F68/><W134/><G116/><T62/><D2/><U42/><E102/><V26/><F72/><W9/><G131/><N who="1" m="50218" /><E120/><V108/><F108/><W55/><G100/><T118/><D1/><U125/><E125/><V4/><REACH who="2" step="1"/><F103/><REACH who="2" ten="242,258,225,265" step="2"/><W93/><G70/><T24/><D118/><U65/><E135/><V91/><F91/><W73/><G73/><T50/><D77/><U28/><E28/><V133/><F133/><W54/><G134/><T83/><D34/><U94/><E94/><V29/><F29/><W3/><G132/><T122/><D122/><U20/><E20/><AGARI ba="0,1" hai="4,10,12,16,18,19,20,26,48,53,56,79,81,85" machi="20" ten="40,5200,0" yaku="1,1,8,1,54,1,53,0" doraHai="109" doraHaiUra="101" who="2" fromWho="1" sc="242,0,258,-52,225,62,265,0" /><INIT seed="2,0,0,4,4,125" ten="242,206,287,265" oya="2" hai0="108,76,120,92,131,13,44,88,117,60,16,104,103" hai1="74,28,40,31,113,5,9,57,59,79,135,109,134" hai2="91,72,3,48,107,97,6,70,2,36,87,130,4" hai3="119,23,58,100,43,78,67,61,80,106,55,112,95"/><V98/><F36/><W47/><G119/><T85/><D120/><U18/><E40/><V29/><F72/><W20/><G106/><T0/><D0/><U94/><E79/><V66/><F29/><N who="1" m="11337" /><E74/><V56/><F70/><W38/><G112/><T1/><D1/><N who="1" m="175" /><E94/><V65/><F48/><N who="3" m="31079" /><G95/><T105/><D108/><U132/><E113/><V11/><F56/><N who="1" m="21577" /><E18/><V7/><F107/><W73/><G100/><T114/><D114/><U81/><E81/><V102/><F102/><W15/><G15/><T12/><D117/><U51/><E51/><V121/><F6/><W25/><G25/><T89/><D76/><U45/><E45/><V21/><F7/><W71/><AGARI ba="0,0" hai="20,23,38,43,47,61,67,71,73,78,80" m="31079" machi="71" ten="30,1100,0" yaku="24,1" doraHai="125" who="3" fromWho="3" sc="242,-3,206,-3,287,-5,265,11" /><INIT seed="3,0,0,1,2,130" ten="239,203,282,276" oya="3" hai0="78,54,10,113,23,128,7,110,46,123,86,134,5" hai1="80,37,97,4,75,57,21,65,36,104,20,8,66" hai2="11,69,13,49,72,94,90,64,98,43,27,129,74" hai3="53,52,87,88,1,70,119,79,16,101,50,122,67"/><W116/><G122/><T106/><D123/><U100/><E37/><V33/><F129/><W111/><G1/><T40/><D128/><U6/><E36/><V60/><F43/><W68/><G101/><T3/><D106/><U93/><E104/><V22/><F33/><W71/><G79/><T133/><D5/><N who="1" m="2155" /><E75/><V99/><F49/><W45/><G16/><T124/><D110/><U41/><E41/><V105/><F99/><W77/><G77/><T29/><D54/><N who="3" m="21097" /><G88/><T131/><D131/><U103/><E57/><V38/><F38/><W102/><G87/><T32/><D32/><U85/><E8/><V95/><F95/><W92/><G92/><T0/><D3/><U126/><E100/><V55/><F105/><W28/><G28/><T35/><D35/><U18/><E126/><V61/><F13/><W15/><G15/><T34/><D124/><U42/><E42/><V48/><F61/><N who="3" m="40047" /><G102/><T112/><D34/><U89/><E20/><V26/><F11/><W81/><G81/><N who="0" m="47415" /><D23/><U31/><E31/><V84/><F84/><W135/><G111/><T25/><D29/><U14/><AGARI ba="0,0" hai="14,18,21,65,66,80,85,89,93,97,103" m="2155" machi="14" ten="30,1100,0" yaku="8,1" doraHai="130" who="1" fromWho="1" sc="239,-3,203,11,282,-3,276,-5" /><INIT seed="4,0,0,0,1,43" ten="236,214,279,271" oya="0" hai0="89,98,123,110,3,2,124,14,20,38,104,58,37" hai1="106,122,26,61,85,10,120,93,29,80,25,65,55" hai2="77,59,48,15,94,46,64,75,109,81,54,5,95" hai3="34,111,24,1,66,60,68,53,45,78,67,57,100"/><T44/><D123/><U70/><E106/><V127/><F109/><W52/><G1/><T84/><D124/><U130/><E130/><V79/><F127/><W19/><G111/><T97/><D58/><U74/><E74/><V49/><F79/><W16/><G78/><T50/><D110/><U27/><E29/><V105/><F105/><W73/><G73/><T62/><D62/><U133/><E133/><V23/><F64/><N who="3" m="24619" /><G34/><T12/><D3/><U51/><E93/><V11/><REACH who="2" step="1"/><F23/><REACH who="2" ten="236,214,269,271" step="2"/><N who="3" m="13415" /><G68/><T86/><D104/><U103/><E10/><V33/><F33/><W126/><G126/><T82/><D20/><U0/><E0/><V101/><F101/><W117/><G117/><T134/><D2/><U116/><E103/><V119/><F119/><W102/><G19/><T132/><D134/><U47/><REACH who="1" step="1"/><E116/><REACH who="1" ten="236,204,269,271" step="2"/><V6/><F6/><W99/><G99/><T30/><D132/><U118/><E118/><V107/><F107/><W125/><G125/><T56/><D30/><U21/><E21/><V28/><F28/><W114/><G114/><T87/><D97/><U17/><E17/><V63/><F63/><W92/><G92/><T18/><D98/><U135/><E135/><V121/><F121/><W88/><G102/><T22/><D12/><U131/><E131/><V35/><F35/><W13/><G100/><T96/><D96/><U7/><E7/><V4/><F4/><W71/><G13/><T83/><D14/><U113/><E113/><V129/><F129/><W36/><G71/><T128/><D128/><U8/><E8/><V76/><F76/><AGARI ba="0,2" hai="25,26,27,47,51,55,61,65,70,76,80,85,120,122" machi="76" ten="40,2600,0" yaku="1,1,52,1,53,0" doraHai="43" doraHaiUra="108" who="1" fromWho="2" sc="236,0,204,46,269,-26,271,0" /><INIT seed="5,0,0,4,1,37" ten="236,250,243,271" oya="1" hai0="11,18,124,95,35,115,129,69,55,57,64,65,72" hai1="36,17,24,19,128,118,116,25,73,15,82,62,109" hai2="7,91,102,53,123,67,12,74,81,9,59,0,28" hai3="134,34,20,76,23,6,33,10,8,132,14,27,120"/><U70/><E36/><V90/><F123/><W100/><G100/><T92/><D72/><U52/><E70/><V45/><F102/><W101/><G101/><T85/><D35/><N who="3" m="13321" /><G76/><T127/><D115/><U113/><E82/><V50/><F28/><W5/><G120/><T26/><D129/><U126/><E73/><V32/><F32/><W83/><G83/><T122/><D122/><U119/><E128/><V107/><F107/><W68/><G68/><T125/><D69/><U133/><E113/><V93/><F0/><N who="3" m="39" /><G27/><T48/><D26/><U78/><E78/><V114/><F114/><W96/><G96/><T117/><D117/><U88/><E88/><V2/><F93/><N who="0" m="35914" /><D85/><U47/><E118/><V43/><F67/><W98/><G98/><T66/><D64/><U54/><E119/><V38/><F12/><AGARI ba="0,0" hai="11,12,18,48,55,57,65,66,124,125,127" m="35914" machi="12" ten="40,1300,0" yaku="18,1" doraHai="37" who="0" fromWho="2" sc="236,13,250,0,243,-13,271,0" /><INIT seed="6,0,0,2,1,101" ten="249,250,230,271" oya="2" hai0="50,97,43,82,38,109,11,2,5,113,57,65,85" hai1="76,74,36,21,84,4,129,55,70,20,68,79,125" hai2="117,105,91,71,45,119,9,60,62,86,32,48,112" hai3="30,31,28,17,24,123,80,128,13,58,0,103,108"/><V93/><F32/><W7/><G103/><T42/><D109/><U25/><E36/><V67/><F112/><W134/><G80/><T78/><D113/><U114/><E74/><V39/><F39/><W115/><G58/><T135/><D135/><U10/><E114/><V61/><F105/><W27/><G115/><T63/><D38/><U66/><E55/><V73/><F73/><W107/><G107/><T41/><REACH who="0" step="1"/><D97/><REACH who="0" ten="239,250,230,271" step="2"/><U75/><E129/><V49/><F117/><W8/><G108/><T3/><D3/><U19/><E125/><V94/><F119/><W127/><G128/><T46/><AGARI ba="0,1" hai="2,5,11,41,42,43,46,50,57,63,65,78,82,85" machi="46" ten="30,2000,0" yaku="1,1,0,1,53,0" doraHai="101" doraHaiUra="130" who="0" fromWho="0" sc="239,30,250,-5,230,-10,271,-5" /><INIT seed="7,0,0,4,1,126" ten="269,245,220,266" oya="3" hai0="18,35,51,73,53,63,46,98,1,109,65,36,60" hai1="12,21,84,42,50,86,93,67,117,74,37,7,26" hai2="88,72,113,11,44,25,127,123,23,15,111,102,71" hai3="55,45,24,0,6,16,131,110,130,100,2,81,39"/><W85/><G100/><T133/><D109/><U101/><E74/><V82/><F111/><W10/><G110/><T124/><D124/><U90/><E37/><V62/><F127/><W116/><G116/><T68/><D73/><U120/><E120/><V27/><F123/><W61/><G61/><T77/><D77/><U57/><E117/><V3/><F3/><W112/><G112/><T47/><D1/><U31/><E101/><V52/><F113/><W134/><G134/><T28/><D133/><U29/><E29/><V41/><F102/><W30/><G16/><T14/><D98/><U79/><E67/><V69/><F69/><W107/><G107/><T103/><D103/><U64/><E64/><V5/><F71/><W48/><G39/><T132/><D60/><U4/><E12/><V83/><F72/><W135/><G135/><T122/><D132/><U56/><E42/><V121/><F121/><W76/><REACH who="3" step="1"/><G2/><REACH who="3" ten="269,245,220,256" step="2"/><T115/><D122/><U17/><E17/><N who="2" m="12527" /><F41/><W92/><G92/><T49/><D115/><U96/><E50/><N who="2" m="28743" /><F62/><W34/><AGARI ba="0,1" hai="0,6,10,24,30,34,45,48,55,76,81,85,130,131" machi="34" ten="30,11700,0" yaku="1,1,0,1,52,2,53,0" doraHai="126" doraHaiUra="19" who="3" fromWho="3" sc="269,-39,245,-39,220,-39,256,127" owari="230,3.0,206,-19.4,181,-31.9,383,48.3" /></mjloggm>