<mjloggm ver="2.3"><GO type="225" lobby="0"/><UN n0="%E3%81%A4%E3%81%A3%E3%81%B1%E3%82%8A%E3%83%9D%E3%83%BC%E3%83%AB" n1="%41%6F%54" n2="%E4%BC%8A%E9%81%94%E6%9C%B1%E9%87%8C%E7%B4%97" n3="%6B%75%72%69%73%75" dan="17,16,16,16" rate="2154.38,2086.65,2075.39,2026.72" sx="M,M,F,F"/><TAIKYOKU oya="0"/><INIT seed="0,0,0,0,2,2" ten="250,250,250,250" oya="0" hai0="123,11,121,130,14,43,120,60,19,83,20,109,115" hai1="13,104,110,108,10,3,111,90,58,40,57,44,61" hai2="103,116,12,122,107,8,125,0,37,98,32,42,7" hai3="56,117,79,87,118,1,35,50,38,102,75,6,126"/><T15/><D43/><U28/><E104/><V48/><F122/><W23/><G87/><T47/><D47/><U128/><E128/><V65/><F125/><W59/><G59/><T82/><D115/><U101/><E101/><V53/><F116/><W63/><G50/><T89/><D130/><U71/><E3/><V21/><F65/><W106/><G56/><T97/><D109/><U92/><E28/><V27/><F42/><W86/><G86/><T105/><D60/><U5/><E71/><V94/><F37/><W46/><G63/><T22/><D22/><U68/><E68/><V113/><F113/><W64/><G23/><T18/><REACH who="0" step="1"/><D89/><REACH who="0" ten="240,250,250,250" step="2"/><U85/><REACH who="1" step="1"/><E61/><REACH who="1" ten="240,240,250,250" step="2"/><V93/><F32/><W25/><G35/><T112/><D112/><U96/><E96/><V77/><F98/><W30/><G118/><T131/><D131/><U70/><E70/><V52/><F103/><AGARI ba="0,2" hai="11,14,15,18,19,20,82,83,97,103,105,120,121,123" machi="103" ten="40,3900,0" yaku="1,1,53,1" doraHai="2" doraHaiUra="4" who="0" fromWho="2" sc="240,59,240,0,250,-39,250,0" /><INIT seed="0,1,0,2,2,133" ten="299,240,211,250" oya="0" hai0="114,110,55,24,80,87,72,112,9,31,78,95,2" hai1="86,73,19,18,17,126,23,10,4,124,41,26,42" hai2="35,57,13,71,88,27,30,66,113,84,98,107,69" hai3="134,135,70,28,119,47,0,104,7,60,76,38,33"/><T99/><D110/><U74/><E86/><V46/><F113/><W131/><G119/><T102/><D55/><U93/><E93/><V123/><F123/><W58/><G58/><T111/><D111/><U54/><E54/><V53/><F13/><W56/><G56/><T48/><D48/><U75/><E23/><V39/><F107/><W77/><G77/><T82/><D9/><U96/><E96/><V1/><F98/><W130/><G76/><T89/><REACH who="0" step="1"/><D2/><REACH who="0" ten="289,240,211,250" step="2"/><U65/><E65/><V21/><F1/><W101/><G0/><T90/><D90/><U45/><E26/><V20/><F66/><N who="3" m="41287" /><G135/><T127/><D127/><N who="1" m="48683" /><E45/><V109/><F109/><W25/><G134/><T15/><D15/><AGARI ba="1,1" hai="4,10,15,17,18,19,41,42,73,74,75" m="48683" machi="15" ten="40,8000,1" yaku="18,1,52,3" doraHai="133" who="1" fromWho="0" sc="289,-83,240,93,211,0,250,0" /><INIT seed="1,0,0,0,2,79" ten="206,333,211,250" oya="1" hai0="76,104,33,96,133,12,116,123,88,34,9,122,23" hai1="99,6,72,15,32,100,135,8,71,36,91,75,56" hai2="103,92,89,126,3,10,29,117,31,93,125,40,48" hai3="84,66,81,5,109,18,69,74,16,53,98,25,128"/><U26/><E71/><V11/><F117/><W121/><G121/><N who="0" m="46091" /><D116/><U39/><E135/><V41/><F103/><W115/><G115/><T124/><D133/><U67/><E91/><V85/><F89/><W129/><G74/><T21/><D124/><U95/><E72/><V86/><REACH who="2" step="1"/><F48/><REACH who="2" ten="206,333,201,250" step="2"/><W42/><G109/><T43/><D76/><U108/><E100/><V27/><F27/><W80/><G25/><T51/><D104/><U52/><E26/><V102/><F102/><W130/><G130/><T82/><D34/><U78/><E32/><V59/><F59/><W65/><G129/><T55/><D33/><U38/><E56/><V60/><F60/><W13/><G128/><T90/><D90/><U120/><E120/><V30/><F30/><W49/><G69/><T20/><D96/><U127/><E99/><V112/><F112/><W63/><G98/><T4/><D43/><U87/><E36/><V50/><F50/><W64/><G42/><T61/><D61/><U24/><E38/><V111/><F111/><W44/><G63/><T101/><D101/><U0/><E39/><V37/><F37/><W113/><G113/><T132/><D132/><U68/><E108/><V58/><F58/><W73/><G49/><T110/><D110/><U45/><E68/><V19/><F19/><W107/><G18/><T2/><D88/><U22/><E24/><V97/><F97/><W47/><G16/><N who="0" m="10247" /><D82/><U105/><E105/><V70/><F70/><W134/><G81/><T28/><D28/><U106/><E106/><V1/><AGARI ba="0,1" hai="1,3,10,11,29,31,40,41,85,86,92,93,125,126" machi="1" ten="25,12000,2" yaku="1,1,0,1,22,2,53,2" doraHai="79" doraHaiUra="35" who="2" fromWho="2" sc="206,-30,333,-60,201,130,250,-30" /><INIT seed="2,0,0,4,5,16" ten="176,273,331,220" oya="2" hai0="122,2,60,76,12,90,86,0,45,125,93,106,13" hai1="23,70,113,28,110,127,10,54,78,1,61,130,79" hai2="11,52,9,124,92,120,94,24,104,87,101,82,119" hai3="32,109,129,107,95,30,63,105,51,14,38,55,69"/><V49/><F119/><W5/><G38/><T41/><D122/><U62/><E113/><V108/><F120/><W96/><G109/><T8/><D106/><U59/><E110/><V56/><F108/><W36/><G36/><T89/><D125/><U77/><E127/><V29/><F104/><W67/><G129/><T91/><D2/><U25/><E130/><V27/><F124/><W64/><G64/><T18/><D0/><U84/><E70/><V43/><F43/><W65/><G65/><T112/><D112/><U7/><REACH who="1" step="1"/><E61/><REACH who="1" ten="176,263,331,220" step="2"/><V33/><F24/><W26/><G63/><T3/><D60/><U118/><E118/><V47/><F56/><W83/><G69/><T74/><D74/><U21/><E21/><V123/><F123/><W72/><G72/><T31/><D3/><U117/><E117/><V132/><F132/><W53/><G26/><T116/><D116/><U40/><E40/><V98/><REACH who="2" step="1"/><F94/><REACH who="2" ten="176,263,321,220" step="2"/><W6/><G95/><T42/><D93/><U71/><E71/><V22/><F22/><W73/><G107/><T102/><D41/><U103/><E103/><V100/><F100/><W19/><G105/><T131/><D102/><U88/><E88/><AGARI ba="0,2" hai="9,11,27,29,33,47,49,52,82,87,88,92,98,101" machi="88" ten="30,12000,1" yaku="1,1,7,1,54,2,53,1" doraHai="16" doraHaiUra="20" who="2" fromWho="1" sc="176,0,263,-120,321,140,220,0" /><INIT seed="2,1,0,3,5,96" ten="176,143,461,220" oya="2" hai0="8,132,75,98,45,40,33,25,122,61,0,18,95" hai1="72,89,125,133,49,28,36,42,37,81,84,93,62" hai2="120,46,126,107,32,43,15,24,103,74,59,68,21" hai3="34,60,69,117,58,35,20,127,19,119,78,134,65"/><V23/><F120/><W108/><G108/><T56/><D122/><U86/><E125/><V39/><F68/><W66/><G134/><T105/><D75/><U77/><E133/><V71/><F71/><W91/><G127/><T102/><D132/><U12/><E28/><V135/><F74/><W57/><G78/><T47/><D105/><U115/><E115/><V80/><F135/><W9/><G9/><T17/><D33/><U88/><E62/><V128/><F80/><W100/><G69/><T14/><D0/><U13/><E49/><V129/><F126/><W109/><G109/><T113/><D40/><U73/><E42/><V41/><F41/><W85/><G34/><T92/><D92/><U130/><E130/><V30/><F59/><W94/><G35/><T123/><D123/><U114/><E114/><V121/><F121/><W27/><G100/><T63/><D113/><U90/><E90/><V55/><F55/><W106/><G106/><T116/><D63/><AGARI ba="1,0" hai="19,20,27,57,58,60,63,65,66,85,91,94,117,119" machi="63" ten="40,1300,0" yaku="9,1" doraHai="96" who="3" fromWho="0" sc="176,-16,143,0,461,0,220,16" /><INIT seed="3,0,0,0,2,124" ten="160,143,461,236" oya="3" hai0="129,104,18,108,26,135,46,4,118,102,84,27,71" hai1="112,110,114,123,17,130,48,6,34,107,87,92,122" hai2="51,13,54,121,105,99,1,72,30,9,91,134,85" hai3="11,63,115,19,100,36,57,86,16,8,7,64,22"/><W93/><G115/><N who="1" m="44074" /><E34/><V94/><F134/><W80/><G36/><T68/><D118/><U77/><E6/><V126/><F126/><W42/><G42/><T120/><D135/><U132/><E17/><V83/><F1/><W23/><G7/><T119/><D120/><N who="1" m="46123" /><E132/><V12/><F121/><W97/><G22/><T69/><D119/><U67/><E67/><V95/><F30/><W14/><REACH who="3" step="1"/><G19/><REACH who="3" ten="160,143,461,226" step="2"/><T2/><D18/><U113/><E113/><V106/><F9/><W111/><G111/><T70/><D108/><U38/><E38/><V75/><F72/><W50/><G50/><T33/><N who="0" m="17408" /><DORA hai="109" /><T20/><D4/><U10/><E48/><V96/><F75/><W53/><G53/><T56/><D20/><U31/><E31/><V128/><F54/><W45/><G45/><T78/><D46/><U29/><E29/><V117/><F51/><W58/><G58/><T125/><D56/><U74/><E10/><V39/><F39/><W43/><G43/><T79/><D125/><U66/><E66/><V44/><F44/><W55/><G55/><T73/><D33/><U41/><E41/><V133/><F133/><W49/><G49/><T82/><D2/><U127/><E127/><V88/><F117/><W35/><G35/><T103/><D27/><U40/><E40/><V98/><F12/><W52/><G52/><T37/><D26/><U32/><E32/><V89/><F13/><W116/><G116/><T28/><D37/><U59/><E59/><V61/><F61/><W5/><G5/><T21/><D28/><U65/><E65/><V131/><F106/><RYUUKYOKU ba="0,1" sc="160,-15,143,-15,461,15,226,15" hai2="83,85,88,89,91,94,95,96,98,99,105,128,131" hai3="8,11,14,16,23,57,63,64,80,86,93,97,100" /><INIT seed="3,1,1,5,2,87" ten="145,128,476,241" oya="3" hai0="40,48,103,53,1,92,19,8,83,101,10,23,5" hai1="13,18,93,73,116,46,43,20,124,50,26,91,59" hai2="14,109,12,133,49,89,9,76,72,4,2,90,68" hai3="97,39,38,75,21,100,78,108,61,82,132,106,16"/><W117/><G117/><T105/><D105/><U114/><E114/><V123/><F123/><W131/><G131/><T74/><D40/><U57/><E116/><V54/><F109/><W102/><G102/><T81/><D74/><U25/><E73/><V37/><F37/><W7/><G7/><T58/><D10/><N who="1" m="6455" /><E124/><V34/><F34/><W45/><G132/><T121/><D121/><U112/><E112/><V64/><F133/><W11/><G11/><T77/><D77/><U98/><E25/><V70/><F76/><W33/><G33/><T94/><D103/><U88/><E91/><V32/><F32/><W95/><G108/><T27/><REACH who="0" step="1"/><D101/><REACH who="0" ten="135,128,476,241" step="2"/><U69/><E69/><V41/><F72/><N who="3" m="43335" /><G106/><T118/><D118/><U36/><E36/><V55/><F55/><W135/><G75/><T0/><D0/><U110/><E110/><V96/><F54/><W79/><G38/><T99/><D99/><U84/><E98/><V127/><F127/><W60/><G79/><T30/><D30/><AGARI ba="1,2" hai="20,26,30,43,46,50,57,59,84,88,93" m="6455" machi="30" ten="30,3900,0" yaku="8,1,52,1,54,1" doraHai="87" who="1" fromWho="0" sc="135,-42,128,62,476,0,241,0" owari="93,-40.7,190,-21.0,476,57.6,241,4.1" /></mjloggm>