<mjloggm ver="2.3"><GO type="225" lobby="0"/><UN n0="%33%74%72%65%65" n1="%E3%81%90%E3%81%A1%E3%82%84%E3%81%BE" n2="%E3%82%8A%E3%81%93%E3%82%8A%E3%82%93%E3%81%94" n3="%E9%B4%A8%4E%45%47%49" dan="16,16,17,16" rate="2164.55,2144.77,2203.84,2085.01" sx="F,M,M,M"/><TAIKYOKU oya="0"/><INIT seed="0,0,0,1,3,5" ten="250,250,250,250" oya="0" hai0="78,26,77,133,8,33,90,4,6,52,70,96,0" hai1="63,74,50,124,126,120,108,30,41,135,71,2,112" hai2="105,46,55,64,128,127,75,109,91,84,20,117,131" hai3="110,72,92,68,122,31,114,89,45,76,86,93,100"/><T37/><D133/><U81/><E2/><V16/><F75/><W79/><G68/><T7/><D70/><U107/><E120/><V85/><F105/><W69/><G69/><T82/><D37/><U103/><E135/><V129/><F109/><W28/><G45/><T1/><D78/><N who="3" m="29737" /><G31/><T47/><D26/><U43/><E81/><V132/><F132/><W65/><G28/><T106/><D33/><U53/><E74/><V116/><F127/><N who="1" m="48681" /><E112/><V23/><F64/><W134/><G65/><T95/><D106/><U119/><E119/><N who="2" m="45643" /><F23/><W99/><G134/><T34/><D34/><U123/><E123/><V59/><F91/><N who="3" m="53367" /><G114/><T48/><D0/><U62/><E108/><V97/><F97/><N who="3" m="57519" /><G110/><T54/><REACH who="0" step="1"/><D54/><REACH who="0" ten="240,250,250,250" step="2"/><U80/><E107/><V29/><F29/><W49/><G122/><T66/><D66/><U24/><E71/><V101/><F129/><W87/><G72/><AGARI ba="0,1" hai="1,4,6,7,8,47,48,52,72,77,82,90,95,96" machi="72" ten="30,11600,0" yaku="1,1,7,1,52,1,54,1,53,0" doraHai="5" doraHaiUra="57" who="0" fromWho="3" sc="240,126,250,0,250,0,250,-116" /><INIT seed="0,1,0,0,4,31" ten="366,250,250,134" oya="0" hai0="112,53,131,1,13,121,18,71,30,5,117,97,88" hai1="115,23,73,42,24,85,77,35,4,116,96,128,105" hai2="134,75,78,45,8,9,76,133,100,67,125,15,109" hai3="43,41,64,132,66,65,38,36,0,58,99,37,19"/><T62/><D117/><U81/><E116/><V39/><F109/><W47/><G0/><T130/><D121/><U114/><E128/><N who="0" m="49193" /><D112/><N who="1" m="43051" /><E4/><V122/><F122/><W59/><G99/><T10/><D30/><N who="1" m="19911" /><E42/><N who="3" m="15882" /><G19/><T50/><D5/><U135/><E23/><V46/><F39/><N who="3" m="9987" /><W32/><DORA hai="57" /><G32/><T52/><D50/><U49/><E49/><V61/><F133/><W79/><G79/><T60/><D1/><U3/><E135/><V17/><F78/><W26/><G26/><T74/><D74/><U91/><E3/><V83/><F134/><W94/><G94/><N who="0" m="56519" /><D71/><U54/><E54/><AGARI ba="1,0" hai="10,13,18,52,53,54,60,62" m="56519,49193" machi="54" ten="30,12000,1" yaku="19,1,52,2,54,2" doraHai="31,57" who="0" fromWho="1" sc="366,123,250,-123,250,0,134,0" /><INIT seed="0,2,0,0,3,1" ten="489,127,250,134" oya="0" hai0="37,60,128,51,42,5,0,35,73,98,95,54,104" hai1="110,89,49,56,30,23,65,88,4,74,13,79,90" hai2="3,131,96,22,36,109,62,135,72,2,112,113,53" hai3="125,91,85,26,24,124,61,55,114,58,70,12,28"/><T81/><D104/><U59/><E110/><V47/><F72/><W38/><G114/><T118/><D118/><U50/><E74/><V100/><F109/><W66/><G38/><T108/><D35/><U127/><E79/><V119/><F131/><W15/><G70/><T45/><D60/><N who="1" m="38023" /><E127/><N who="3" m="48714" /><G66/><T101/><D128/><U111/><E111/><V129/><F129/><W39/><G39/><T97/><D108/><U48/><E30/><V52/><F135/><W71/><G71/><T44/><D95/><U43/><E59/><V63/><F119/><W102/><G102/><T32/><D101/><U77/><E77/><V46/><F22/><N who="3" m="15383" /><G26/><T7/><D32/><U107/><E107/><V18/><F36/><W31/><G31/><T69/><D69/><U76/><E76/><V57/><F100/><W121/><G121/><T41/><D73/><U92/><E23/><V33/><F33/><W134/><G134/><T78/><D78/><U75/><E75/><V11/><F11/><W9/><G9/><T21/><D21/><U80/><E80/><AGARI ba="2,0" hai="12,15,55,58,61,80,85,91" m="15383,48714" machi="80" ten="30,1000,0" yaku="18,1" doraHai="1" who="3" fromWho="1" sc="489,0,127,-16,250,0,134,16" /><INIT seed="1,0,0,2,5,78" ten="489,111,250,150" oya="1" hai0="11,109,64,76,82,5,7,106,48,60,135,79,59" hai1="18,80,27,75,134,97,131,101,93,91,128,8,81" hai2="95,45,22,56,112,68,32,89,53,102,35,34,94" hai3="41,39,127,87,14,118,122,132,63,114,30,57,38"/><U46/><E134/><V25/><F68/><W54/><G30/><T133/><D109/><U104/><E75/><V13/><F112/><W61/><G87/><T117/><D117/><U16/><E46/><V107/><F107/><W52/><G14/><T58/><D106/><U70/><E70/><V72/><F72/><W110/><G114/><T26/><D26/><U92/><E104/><V23/><F45/><W24/><G24/><T71/><D76/><U123/><E123/><V4/><F102/><W103/><G103/><T0/><D7/><U86/><E27/><V17/><F4/><W49/><G132/><N who="0" m="50763" /><D48/><U19/><E8/><V55/><F89/><W20/><G20/><T84/><AGARI ba="0,0" hai="0,5,11,58,59,60,64,71,79,82,84" m="50763" machi="84" ten="30,2000,0" yaku="20,1,52,1" doraHai="78" who="0" fromWho="0" sc="489,20,111,-10,250,-5,150,-5" /><INIT seed="2,0,0,4,3,110" ten="509,101,245,145" oya="2" hai0="134,106,57,41,85,39,3,8,31,7,11,65,51" hai1="58,60,25,131,73,97,129,116,61,19,40,2,70" hai2="83,127,42,103,67,114,17,112,79,115,100,109,10" hai3="90,43,82,63,98,91,128,1,84,88,56,121,49"/><V53/><F127/><W105/><G121/><T104/><D134/><U45/><E116/><V117/><F117/><W13/><G128/><N who="1" m="49226" /><E2/><V14/><F109/><W113/><G113/><T46/><D31/><U80/><E97/><V108/><F108/><W86/><G1/><T36/><D36/><U69/><E25/><V99/><F67/><W30/><G30/><T68/><D11/><U48/><E19/><V20/><F42/><W52/><G13/><T38/><D38/><U37/><E80/><V89/><F53/><N who="3" m="34191" /><G105/><T132/><D132/><U95/><E95/><V27/><F89/><N who="3" m="51351" /><G43/><T15/><D85/><U5/><E5/><V87/><REACH who="2" step="1"/><F99/><REACH who="2" ten="509,101,235,145" step="2"/><W55/><G98/><T62/><D65/><U21/><E73/><V24/><F24/><W96/><G55/><T29/><D41/><U35/><E40/><V64/><F64/><W28/><G96/><T26/><D26/><U92/><E37/><V16/><AGARI ba="0,1" hai="10,14,16,17,20,27,79,83,87,100,103,112,114,115" machi="16" ten="30,18000,2" yaku="1,1,0,1,52,3,54,1,53,0" doraHai="110" doraHaiUra="125" who="2" fromWho="2" sc="509,-60,101,-60,235,190,145,-60" /><INIT seed="2,1,0,0,0,55" ten="449,41,425,85" oya="2" hai0="129,126,111,112,14,9,2,31,66,85,58,125,128" hai1="69,52,95,77,7,4,22,53,33,93,26,114,96" hai2="59,104,68,107,133,132,43,29,92,118,82,8,21" hai3="30,86,120,67,17,65,106,72,63,115,13,135,20"/><V124/><F118/><W19/><G72/><T134/><D112/><U76/><E69/><V98/><F68/><W102/><G120/><T79/><D2/><U71/><E71/><V38/><F124/><N who="0" m="47722" /><D31/><U1/><E33/><V80/><F8/><W109/><G109/><T6/><D111/><U49/><E114/><V81/><F59/><W70/><G135/><N who="2" m="51785" /><F38/><W54/><G67/><T103/><D134/><U61/><E61/><V18/><F43/><W60/><G30/><T32/><D32/><U39/><E39/><V24/><F29/><W87/><G115/><T35/><D35/><U37/><E37/><V0/><F0/><W105/><G19/><T83/><D103/><AGARI ba="1,0" hai="18,21,24,80,81,82,92,98,103,104,107" m="51785" machi="103" ten="30,1500,0" yaku="20,1" doraHai="55" who="2" fromWho="0" sc="449,-18,41,0,425,18,85,0" /><INIT seed="2,2,0,5,3,24" ten="431,41,443,85" oya="2" hai0="135,85,98,79,101,121,129,122,99,10,105,54,117" hai1="62,86,25,58,45,21,11,65,32,5,29,74,15" hai2="96,92,8,53,124,51,48,55,87,123,20,43,18" hai3="67,68,39,49,112,73,118,106,30,7,77,47,94"/><V127/><F123/><W60/><G106/><T125/><D117/><U109/><E109/><V6/><F87/><W82/><G118/><T1/><D125/><N who="2" m="48202" /><F43/><W134/><G134/><T70/><D135/><U16/><E74/><V0/><F51/><W3/><G112/><T14/><D129/><U116/><E116/><V83/><F48/><W64/><G64/><T88/><D1/><U104/><E104/><V59/><F59/><W12/><G94/><T91/><D70/><U17/><E45/><V23/><F83/><W41/><G49/><T133/><D133/><U4/><E86/><V22/><F18/><W102/><G102/><AGARI ba="2,0" hai="0,6,8,20,22,23,53,55,92,96,102" m="48202" machi="102" ten="30,1500,0" yaku="18,1" doraHai="24" who="2" fromWho="3" sc="431,0,41,0,443,21,85,-21" /><INIT seed="2,3,0,0,3,128" ten="431,41,464,64" oya="2" hai0="118,5,39,2,21,55,72,9,15,62,107,68,43" hai1="8,4,24,6,103,96,116,117,27,67,16,54,66" hai2="61,111,81,17,44,38,100,71,50,58,26,87,134" hai3="70,25,53,45,110,133,59,85,104,108,74,23,1"/><V29/><F38/><W3/><G74/><T93/><D107/><U99/><E54/><V124/><F71/><W113/><G70/><T32/><D72/><U19/><REACH who="1" step="1"/><E8/><REACH who="1" ten="431,31,464,64" step="2"/><V84/><F111/><N who="3" m="42539" /><G104/><T94/><D55/><U131/><E131/><V135/><F124/><W47/><G113/><T125/><D9/><U120/><E120/><V73/><F134/><W51/><G133/><T130/><D125/><U76/><E76/><V11/><F11/><W41/><G85/><T36/><D130/><U115/><E115/><V49/><F84/><W82/><G82/><T12/><D94/><U69/><E69/><V34/><F87/><W95/><G95/><T48/><D93/><U56/><E56/><V77/><F135/><W106/><G106/><T83/><D83/><U7/><E7/><V57/><F58/><W78/><G78/><T119/><D5/><U114/><E114/><V37/><F57/><W88/><G88/><T35/><D68/><U86/><E86/><V52/><F77/><W0/><G41/><T121/><D43/><U33/><E33/><V90/><F90/><W122/><G122/><T112/><D112/><U105/><E105/><V64/><F81/><W79/><G79/><T123/><D123/><U60/><E60/><V65/><F61/><W22/><G22/><T20/><D62/><U63/><E63/><V80/><F80/><W30/><AGARI ba="3,1" hai="0,1,3,23,25,30,45,47,51,53,59" m="42539" machi="30" ten="40,1500,0" yaku="14,1" doraHai="128" who="3" fromWho="3" sc="431,-7,31,-7,464,-10,64,34" /><INIT seed="3,0,0,5,0,42" ten="424,24,454,98" oya="3" hai0="73,131,90,32,124,21,112,44,13,7,27,56,17" hai1="92,67,69,53,133,97,49,41,117,16,81,72,71" hai2="3,108,39,121,94,26,12,104,115,125,79,101,10" hai3="127,106,30,0,64,14,77,114,103,98,25,93,61"/><W51/><G114/><T5/><D112/><U58/><E133/><V74/><F115/><W129/><G0/><T78/><D131/><U105/><E117/><V9/><F39/><W66/><G129/><T122/><D122/><U54/><E105/><V83/><F104/><W107/><G127/><T135/><D135/><U48/><E72/><V120/><F125/><W80/><G51/><T86/><D124/><U31/><E31/><V11/><F108/><W62/><G14/><T55/><D73/><U1/><E81/><V130/><F130/><W36/><G36/><T57/><D78/><U102/><E1/><V118/><F118/><W4/><G4/><T116/><D116/><U60/><E41/><V99/><F26/><W50/><G50/><N who="0" m="29127" /><D32/><U70/><E49/><V2/><F12/><W75/><G62/><T15/><D7/><U63/><REACH who="1" step="1"/><E16/><REACH who="1" ten="424,14,454,98" step="2"/><V43/><F43/><W38/><G38/><T91/><D5/><U89/><E89/><N who="0" m="33801" /><D86/><U18/><E18/><V123/><AGARI ba="0,1" hai="2,3,9,10,11,74,79,83,94,99,101,120,121,123" machi="123" ten="40,2700,0" yaku="0,1,13,1" doraHai="42" who="2" fromWho="2" sc="424,-7,14,-7,454,37,98,-13" owari="417,21.7,7,-49.3,491,59.1,85,-31.5" /></mjloggm>