<mjloggm ver="2.3"><GO type="225" lobby="0"/><UN n0="%E6%9C%88%E5%B3%B6%E5%9F%BA" n1="%E6%B7%91%E5%A5%B3%E3%81%AE%E5%97%9C%E3%81%BF" n2="%6C%61%6D%62" n3="%E3%83%A9%E3%82%A4%E3%83%B3%E3%81%AE%E8%99%8E" dan="16,16,16,16" rate="2032.24,2107.40,2242.75,2122.71" sx="M,M,M,M"/><TAIKYOKU oya="0"/><INIT seed="0,0,0,2,5,12" ten="250,250,250,250" oya="0" hai0="45,28,10,78,41,40,121,24,128,124,113,133,82" hai1="110,38,23,7,87,75,31,103,134,117,53,55,69" hai2="29,127,79,51,101,37,80,92,70,77,111,95,84" hai3="17,11,36,97,64,72,4,130,27,73,61,52,109"/><T125/><D113/><U86/><E75/><V16/><F37/><W96/><G109/><T91/><D121/><U59/><E117/><V57/><F70/><W63/><G36/><T3/><D128/><U62/><E110/><V14/><F111/><W2/><G130/><T58/><D133/><U102/><E134/><V22/><F127/><N who="0" m="48714" /><D91/><U107/><E69/><V71/><F71/><W19/><G64/><T112/><D112/><U118/><E38/><V100/><F29/><W49/><G72/><N who="0" m="43335" /><D58/><U60/><E102/><N who="2" m="39531" /><F79/><W47/><G73/><T42/><D45/><U21/><E103/><V54/><AGARI ba="0,0" hai="14,16,22,51,54,57,77,80,84,92,95" m="39531" machi="54" ten="30,4000,0" yaku="8,1,52,1,54,1" doraHai="12" who="2" fromWho="2" sc="250,-20,250,-10,250,40,250,-10" /><INIT seed="1,0,0,3,0,53" ten="230,240,290,240" oya="1" hai0="29,44,71,93,91,54,86,87,5,82,18,126,122" hai1="134,11,68,74,111,2,43,22,55,56,10,47,16" hai2="59,1,114,119,129,3,27,133,50,66,38,33,77" hai3="108,15,102,127,131,125,97,79,42,45,20,51,39"/><U19/><E74/><V110/><F38/><W30/><G108/><T115/><D115/><U65/><E111/><V23/><F110/><W40/><G79/><T117/><D117/><U100/><E134/><V17/><F119/><W128/><G40/><T32/><D71/><U64/><E100/><V88/><F114/><W0/><G0/><T118/><D118/><U37/><E19/><V76/><F133/><W36/><G15/><T90/><D126/><N who="3" m="48137" /><G20/><T41/><D122/><U61/><E2/><V62/><F33/><W52/><G30/><T21/><D5/><U103/><E103/><V106/><F106/><N who="3" m="63823" /><G42/><T73/><D73/><U26/><REACH who="1" step="1"/><E64/><REACH who="1" ten="230,230,290,240" step="2"/><V80/><F1/><W34/><G34/><T109/><D109/><U70/><E70/><V12/><F3/><W14/><G14/><T113/><D113/><U6/><E6/><V48/><F12/><W83/><G83/><T49/><D32/><U120/><E120/><V112/><F112/><W107/><G107/><T4/><D4/><U24/><E24/><V57/><F80/><W78/><G78/><T72/><D72/><U123/><E123/><V81/><F76/><W121/><G121/><T94/><D82/><U130/><E130/><AGARI ba="0,1" hai="36,39,45,51,52,128,130,131" m="63823,48137" machi="130" ten="30,3900,0" yaku="19,1,18,1,54,1" doraHai="53" who="3" fromWho="1" sc="230,0,230,-39,290,0,240,49" /><INIT seed="2,0,0,2,5,76" ten="230,191,290,289" oya="2" hai0="70,54,128,89,71,94,18,122,22,79,65,135,49" hai1="44,120,21,127,27,10,34,62,68,97,115,69,47" hai2="130,125,38,124,92,33,52,50,26,56,55,114,67" hai3="99,36,75,109,14,32,35,31,30,104,8,6,7"/><V45/><F114/><W117/><G36/><T40/><D122/><U20/><E115/><V123/><F123/><W42/><G42/><T4/><D128/><U126/><E120/><V129/><F92/><W64/><G75/><T51/><D135/><U95/><E34/><N who="3" m="12842" /><G99/><T41/><D79/><U63/><E10/><V106/><F106/><W25/><G64/><T60/><D4/><U61/><E95/><V119/><F119/><W80/><G80/><T98/><D70/><N who="1" m="27243" /><E97/><V112/><F112/><W93/><G93/><T73/><D73/><U12/><E12/><V96/><F67/><W108/><G104/><T39/><D39/><U107/><E27/><V88/><F88/><W82/><G82/><T19/><D19/><U84/><E84/><V86/><F96/><W102/><G102/><T90/><D90/><U100/><E100/><V121/><F86/><W66/><G66/><T111/><D111/><N who="3" m="42569" /><G117/><T9/><D89/><U43/><E43/><N who="2" m="22775" /><F121/><W29/><G6/><T53/><D94/><U78/><E107/><V3/><F55/><W58/><G58/><T28/><D98/><U101/><E101/><V77/><F77/><W72/><G72/><T11/><D41/><U85/><E85/><V37/><F37/><W57/><G57/><N who="0" m="32943" /><D40/><U15/><E78/><V16/><F56/><W24/><AGARI ba="0,0" hai="7,8,14,24,25,29,30,31" m="42569,12842" machi="24" ten="40,5200,0" yaku="14,1,34,2" doraHai="76" who="3" fromWho="3" sc="230,-13,191,-13,290,-26,289,52" /><INIT seed="3,0,0,3,3,70" ten="217,178,264,341" oya="3" hai0="19,101,109,52,134,31,76,81,69,126,75,32,38" hai1="43,129,86,82,100,98,3,65,66,50,12,97,102" hai2="17,21,74,23,36,53,4,131,71,84,35,77,58" hai3="108,64,104,25,60,41,94,24,22,110,123,48,8"/><W96/><G123/><T63/><D38/><U57/><E129/><V37/><F71/><N who="3" m="42375" /><G104/><T79/><D109/><N who="3" m="42089" /><G8/><T0/><D0/><U44/><E3/><V59/><F74/><W54/><G41/><T95/><D75/><U113/><E113/><V5/><F35/><W20/><G20/><T130/><D69/><U83/><E12/><V33/><F33/><W112/><G22/><T125/><D32/><U115/><E115/><V121/><F131/><W55/><G112/><T30/><D130/><U68/><E68/><V9/><F121/><W114/><G114/><T107/><D107/><U87/><E57/><V127/><F9/><W80/><G80/><T72/><D81/><U128/><E128/><V90/><F17/><W11/><G11/><T92/><D19/><U62/><E62/><V51/><F4/><W47/><G55/><T133/><D52/><U73/><E73/><V6/><F53/><W40/><G40/><T85/><D72/><U120/><E43/><V15/><F5/><W99/><G99/><T132/><D132/><U28/><E120/><V78/><F6/><W49/><G49/><T56/><D63/><U111/><E111/><V91/><F51/><W122/><G122/><T61/><D61/><U89/><E50/><V16/><F16/><W14/><G14/><T42/><D42/><U45/><REACH who="1" step="1"/><E89/><AGARI ba="0,0" hai="24,25,47,48,54,89,94,96" m="42089,42375" machi="89" ten="30,2900,0" yaku="14,1,10,1" doraHai="70" who="3" fromWho="1" sc="217,0,178,-29,264,0,341,29" owari="217,-18.3,149,-35.1,264,6.4,370,47.0" /></mjloggm>