<mjloggm ver="2.3"><GO type="225" lobby="0"/><UN n0="%E8%B5%A4%E3%81%84%E8%9B%99%31%31" n1="%E3%83%96%E3%83%83%E3%83%91%E3%82%AA%E3%83%96%E3%83%81%E3%82%AD%E3%83%B3" n2="%E3%81%BF%E3%81%BF%E3%81%9A" n3="%E3%81%BE%E3%81%A8%E3%81%9F" dan="16,16,18,16" rate="2097.54,2178.27,2198.21,2083.27" sx="M,M,M,M"/><TAIKYOKU oya="0"/><INIT seed="0,0,0,3,3,51" ten="250,250,250,250" oya="0" hai0="88,126,0,134,23,15,40,111,103,128,96,89,39" hai1="8,105,10,26,101,33,118,46,79,125,25,70,30" hai2="27,5,53,84,14,67,36,32,13,81,49,63,55" hai3="97,121,41,4,90,122,87,58,78,132,31,66,68"/><T116/><D116/><U61/><E118/><V127/><F36/><W3/><G68/><T62/><D134/><U73/><E125/><V71/><F127/><W47/><G31/><T108/><D0/><U57/><E26/><V1/><F1/><W43/><G43/><T69/><D126/><U6/><E70/><V119/><F119/><W19/><G19/><N who="0" m="10751" /><D128/><U16/><E16/><V131/><F131/><W115/><G115/><T135/><D135/><U91/><E91/><V34/><F55/><W29/><G29/><T123/><D123/><U113/><E113/><V117/><F117/><W11/><G78/><T60/><D40/><U48/><E73/><V133/><F133/><W45/><G132/><T93/><D39/><U22/><E79/><V42/><F42/><W110/><G41/><T38/><D38/><U37/><E37/><V112/><F112/><W56/><G121/><T130/><D130/><U24/><E105/><V21/><F5/><W82/><G122/><T104/><D69/><U100/><E25/><V80/><F32/><W120/><G120/><T83/><D83/><U59/><E33/><V50/><F34/><W2/><G4/><T44/><D44/><U76/><E46/><N who="2" m="27831" /><F81/><W64/><G82/><T129/><D129/><U99/><E6/><V107/><F107/><W52/><G45/><T106/><D106/><U109/><E30/><N who="2" m="17775" /><F50/><W85/><G47/><T18/><D18/><U114/><E48/><V95/><F80/><W92/><G2/><T20/><D104/><U77/><E114/><V86/><F95/><W7/><G7/><T65/><D93/><RYUUKYOKU ba="0,0" sc="250,-10,250,-10,250,30,250,-10" hai2="13,14,63,67,71,84,86" /><INIT seed="1,1,0,5,5,119" ten="240,240,280,240" oya="1" hai0="54,79,11,50,2,48,61,70,64,59,27,56,109" hai1="29,81,113,104,116,75,66,89,96,23,68,106,17" hai2="77,44,110,33,69,22,6,34,90,13,74,135,99" hai3="46,30,72,115,10,84,117,87,85,28,102,78,133"/><U12/><E113/><V24/><F69/><W127/><G115/><T21/><D109/><U80/><E116/><V134/><F110/><W92/><G117/><T125/><D125/><U128/><E128/><V111/><F111/><W7/><G133/><N who="2" m="50697" /><F44/><W16/><G7/><T42/><D79/><U130/><E130/><V129/><F129/><W131/><G131/><T107/><D107/><U114/><E114/><V71/><F71/><W57/><G46/><T43/><D2/><U9/><E68/><V40/><F40/><W100/><G78/><T67/><D11/><U86/><E66/><N who="0" m="25129" /><D21/><U31/><E75/><V51/><F51/><N who="0" m="19498" /><D27/><N who="1" m="14831" /><E106/><V52/><F52/><W82/><G72/><T98/><D98/><U112/><E104/><V14/><F77/><W83/><G127/><T49/><D70/><U45/><E112/><V93/><F74/><W108/><G108/><T126/><D126/><U120/><E96/><V62/><F62/><W36/><G57/><T95/><D95/><U124/><E124/><V35/><F6/><W37/><G92/><T65/><AGARI ba="1,0" hai="42,43,49,54,56,59,61,65" m="19498,25129" machi="65" ten="30,12000,2" yaku="8,1,35,5" doraHai="119" who="0" fromWho="0" sc="240,123,240,-61,280,-31,240,-31" /><INIT seed="2,0,0,5,4,131" ten="363,179,249,209" oya="2" hai0="57,119,66,67,73,48,78,52,83,0,25,85,87" hai1="31,108,42,120,101,77,36,61,76,28,96,115,29" hai2="110,20,103,107,41,100,46,82,56,99,40,84,116" hai3="49,134,111,94,55,90,81,5,102,133,24,117,118"/><V10/><F116/><W15/><G111/><T6/><D119/><U80/><E115/><V112/><F112/><W58/><G102/><T105/><D105/><U8/><E108/><V53/><F110/><W109/><G109/><T14/><D0/><U13/><E120/><V19/><F10/><N who="3" m="4559" /><G81/><T68/><D25/><U123/><E123/><V93/><F46/><W45/><G24/><T125/><D125/><U1/><E1/><V62/><F103/><W92/><G92/><T71/><D71/><U39/><E42/><V126/><F126/><W128/><G45/><T95/><D68/><U22/><E22/><V79/><REACH who="2" step="1"/><F107/><REACH who="2" ten="363,179,239,209" step="2"/><W60/><G128/><T51/><D73/><U64/><E101/><V106/><F106/><W98/><G118/><T135/><D6/><U9/><E9/><V44/><F44/><W124/><G117/><T23/><D23/><U11/><E8/><V69/><F69/><W27/><G124/><T114/><D114/><U122/><E122/><V3/><F3/><W38/><G38/><T65/><D57/><U104/><E39/><V34/><F34/><W47/><G47/><T74/><D74/><U75/><E36/><V130/><F130/><W70/><G70/><T88/><D51/><U54/><E104/><V127/><F127/><W2/><G2/><T43/><D48/><U37/><E37/><V89/><F89/><W33/><G49/><T50/><D88/><U35/><E35/><V113/><F113/><W4/><G4/><T30/><D50/><U7/><E75/><V86/><F86/><W17/><G33/><T18/><D87/><RYUUKYOKU ba="0,1" sc="363,-15,179,-15,239,15,209,15" hai2="19,20,40,41,53,56,62,79,82,84,93,99,100" hai3="17,27,55,58,60,90,94,98,133,134" /><INIT seed="2,1,1,0,1,125" ten="348,164,254,224" oya="2" hai0="67,52,134,65,110,62,111,16,37,85,115,118,49" hai1="123,131,46,114,4,14,40,71,44,42,117,104,12" hai2="28,19,24,86,121,124,113,101,57,93,100,22,133" hai3="23,108,48,82,112,30,119,72,35,92,10,126,70"/><V76/><F113/><W8/><G119/><T36/><D115/><U75/><E114/><V56/><F121/><W21/><G70/><T60/><D85/><U116/><E75/><V41/><F124/><W11/><G108/><N who="0" m="41515" /><D16/><U64/><E104/><V26/><F133/><W45/><G92/><T47/><D134/><U132/><E132/><V99/><F41/><W77/><G112/><T59/><D118/><U78/><E78/><V2/><F2/><W63/><G63/><T15/><D15/><U91/><E123/><V38/><F38/><W1/><G1/><T73/><D73/><U25/><E25/><V61/><F101/><W33/><G30/><T53/><D53/><U68/><E91/><V98/><F99/><W34/><REACH who="3" step="1"/><G126/><REACH who="3" ten="348,164,254,214" step="2"/><T102/><D102/><U127/><E127/><V27/><F28/><W130/><G130/><T135/><D135/><U20/><E64/><V89/><F100/><W103/><G103/><T120/><D120/><U17/><E131/><V129/><F129/><W5/><G5/><T109/><D109/><U128/><E128/><V69/><F69/><AGARI ba="1,2" hai="36,37,47,49,52,59,60,62,65,67,69" m="41515" machi="69" ten="30,7700,0" yaku="14,1,34,2,54,1" doraHai="125" who="0" fromWho="2" sc="348,100,164,0,254,-80,214,0" /><INIT seed="3,0,0,2,5,6" ten="448,164,174,214" oya="3" hai0="103,92,87,80,115,51,39,94,110,107,132,125,76" hai1="75,42,95,66,17,44,70,37,88,62,31,15,64" hai2="0,100,24,79,55,54,45,122,9,43,111,36,131" hai3="135,82,81,112,129,86,52,71,10,23,33,48,34"/><W98/><G23/><T29/><D39/><U97/><E75/><V14/><F111/><W59/><G71/><T27/><D110/><U1/><E66/><V84/><F131/><W127/><G112/><T65/><D115/><U83/><E83/><V46/><F0/><W121/><G81/><T4/><D4/><U40/><E1/><V60/><F122/><W61/><G121/><T25/><D132/><U30/><E42/><V91/><F100/><W41/><G127/><T74/><D65/><U22/><AGARI ba="0,0" hai="15,17,22,30,31,37,40,44,62,64,70,88,95,97" machi="22" ten="20,2700,0" yaku="0,1,7,1,54,1" doraHai="6" who="1" fromWho="1" sc="448,-7,164,27,174,-7,214,-13" owari="441,54.1,191,-20.9,167,-33.3,201,0.1" /></mjloggm>