<mjloggm ver="2.3"><GO type="225" lobby="0"/><UN n0="%70%68%65%6E%6F%6D%65" n1="%E3%82%8F%E3%81%8B%E3%81%B0%2A%E3%82%AC%E3%83%BC%E3%83%AB" n2="%E5%B6%BA%E4%B8%8A%E5%92%B2" n3="%E3%83%A9%E3%82%B9%E7%8E%87%EF%BC%93%E5%89%B2" dan="16,16,16,17" rate="2202.59,2168.48,2192.94,2185.94" sx="M,M,F,F"/><TAIKYOKU oya="0"/><INIT seed="0,0,0,5,3,7" ten="250,250,250,250" oya="0" hai0="113,134,99,91,43,26,22,52,37,100,110,3,61" hai1="90,58,75,68,20,119,49,40,16,106,24,5,44" hai2="39,51,57,117,131,71,135,31,125,33,107,80,25" hai3="97,56,133,4,48,130,23,88,34,128,82,66,13"/><T109/><D113/><U12/><E119/><V118/><F71/><W45/><G34/><T129/><D129/><N who="3" m="49769" /><G133/><T122/><D122/><U73/><E106/><V10/><F39/><W29/><G66/><T89/><D3/><U42/><E68/><V83/><F131/><W27/><G56/><N who="0" m="34951" /><D134/><U54/><E90/><V124/><F107/><W116/><G116/><T36/><D36/><U32/><E40/><V112/><F135/><W94/><G82/><T15/><D15/><U41/><E42/><V64/><F112/><W69/><G69/><T19/><D43/><U96/><E96/><V67/><F117/><W111/><G111/><N who="0" m="42507" /><D37/><U127/><E127/><N who="2" m="48715" /><F118/><W21/><G13/><T95/><AGARI ba="0,0" hai="19,22,26,89,91,95,99,100" m="42507,34951" machi="95" ten="30,6000,0" yaku="14,1,10,1,54,1" doraHai="7" who="0" fromWho="0" sc="250,60,250,-20,250,-20,250,-20" /><INIT seed="0,1,0,0,0,2" ten="310,230,230,230" oya="0" hai0="28,65,52,62,66,123,43,32,31,26,112,17,6" hai1="85,125,109,11,97,88,113,7,68,83,61,121,84" hai2="74,42,128,122,25,124,130,77,63,133,111,12,40" hai3="20,108,120,54,53,134,9,46,76,0,18,71,91"/><T14/><D112/><U105/><E121/><V30/><F122/><W94/><G120/><T23/><D123/><U56/><E113/><V129/><F111/><W3/><G71/><T35/><D43/><U86/><E109/><V70/><F133/><W57/><G134/><T45/><D6/><U15/><E68/><V110/><F110/><W81/><G46/><T22/><D31/><U72/><E125/><V44/><F12/><W116/><G116/><T101/><D101/><U64/><E72/><V16/><F124/><W34/><G34/><T13/><D13/><U96/><E105/><V58/><F70/><W8/><G3/><T41/><D52/><N who="1" m="33927" /><E85/><V24/><F77/><W92/><G92/><T47/><D47/><U98/><E84/><V33/><F74/><W131/><G131/><T104/><D104/><U75/><E75/><V69/><F69/><W78/><G0/><T50/><D66/><AGARI ba="1,0" hai="7,11,15,64,66,83,86,88,96,97,98" m="33927" machi="66" ten="30,7700,0" yaku="8,1,52,1,54,2" doraHai="2" who="1" fromWho="0" sc="310,-80,230,80,230,0,230,0" /><INIT seed="1,0,0,0,0,28" ten="230,310,230,230" oya="1" hai0="71,47,17,5,134,129,135,101,9,69,66,14,127" hai1="72,42,41,114,68,4,37,64,20,117,18,115,48" hai2="60,49,73,102,84,34,23,29,105,54,123,55,104" hai3="131,1,94,12,85,27,26,74,116,79,56,112,92"/><U38/><E117/><V90/><F73/><W3/><G112/><T10/><D127/><U53/><E72/><V65/><F123/><W39/><G39/><T118/><D118/><U106/><E106/><V86/><F23/><W108/><G74/><T16/><D129/><U8/><E64/><V0/><F0/><W125/><G12/><N who="0" m="7183" /><D101/><U58/><E68/><N who="2" m="42023" /><F105/><W30/><G125/><T120/><D66/><U89/><E89/><V78/><F78/><W80/><G131/><T22/><D47/><U15/><E37/><V33/><F33/><W7/><G7/><T44/><D44/><U24/><REACH who="1" step="1"/><E38/><REACH who="1" ten="230,300,230,230" step="2"/><V132/><F104/><W63/><G116/><T32/><D69/><U21/><E21/><V40/><F90/><W122/><G122/><T35/><D71/><U121/><E121/><V52/><F86/><W57/><G85/><T61/><D120/><U109/><E109/><V82/><F84/><W99/><G108/><T124/><D124/><U107/><E107/><V128/><F102/><W76/><G99/><T31/><D35/><U36/><E36/><V110/><F128/><W83/><G63/><T67/><D61/><U59/><E59/><V98/><F110/><W77/><G79/><T88/><D67/><U113/><AGARI ba="0,1" hai="4,8,15,18,20,24,41,42,48,53,58,113,114,115" machi="113" ten="30,3000,0" yaku="1,1,0,1,53,0" doraHai="28" doraHaiUra="25" who="1" fromWho="1" sc="230,-10,300,40,230,-10,230,-10" /><INIT seed="1,1,0,5,4,116" ten="220,340,220,220" oya="1" hai0="21,29,99,64,77,0,45,134,40,100,71,7,90" hai1="52,50,3,19,4,129,124,9,61,18,69,133,128" hai2="89,113,60,75,106,105,121,88,103,63,51,34,12" hai3="17,120,1,74,131,6,110,118,122,41,126,49,48"/><U130/><E124/><V76/><F113/><W36/><G126/><T54/><D134/><U115/><E115/><V73/><F12/><W85/><G74/><T82/><D71/><U104/><E104/><V44/><F34/><W23/><G118/><T37/><D64/><N who="1" m="41103" /><E133/><V13/><F13/><W102/><G110/><T96/><D90/><U108/><E108/><V57/><F103/><W53/><G131/><T28/><D54/><U79/><E79/><V38/><F38/><W47/><G102/><T35/><D21/><U46/><AGARI ba="1,0" hai="3,4,9,18,19,46,50,52,128,129,130" m="41103" machi="46" ten="30,3000,0" yaku="19,1,54,1" doraHai="116" who="1" fromWho="1" sc="220,-11,340,33,220,-11,220,-11" /><INIT seed="1,2,0,0,4,10" ten="209,373,209,209" oya="1" hai0="64,1,97,73,119,79,19,43,82,17,37,109,32" hai1="45,135,35,94,9,47,7,66,16,120,52,51,61" hai2="29,56,106,22,36,128,40,80,103,27,74,58,14" hai3="123,39,92,133,85,75,134,118,108,34,88,57,25"/><U50/><E120/><V18/><F128/><W81/><G123/><T23/><D119/><U59/><E35/><V48/><F36/><W90/><G39/><T62/><D32/><U70/><E135/><N who="3" m="51722" /><G57/><N who="2" m="22121" /><F74/><W20/><G34/><T110/><D1/><U33/><E33/><V65/><F106/><W130/><G130/><T21/><D43/><U0/><E51/><V63/><F103/><W46/><G46/><T49/><D49/><U96/><REACH who="1" step="1"/><E16/><REACH who="1" ten="209,363,209,209" step="2"/><V91/><F18/><W8/><G118/><T67/><D37/><U24/><E24/><V54/><F48/><W31/><G25/><T101/><D19/><U111/><E111/><N who="0" m="42505" /><D21/><U60/><E60/><V77/><F63/><W72/><G20/><T4/><D62/><U114/><E114/><V11/><F22/><W93/><G108/><T12/><D4/><U6/><E6/><V98/><F27/><W121/><G121/><T78/><D78/><U15/><E15/><V68/><F14/><W102/><G31/><T26/><D26/><U107/><E107/><AGARI ba="2,1" hai="12,17,23,64,67,73,79,82,97,101,107" m="42505" machi="107" ten="30,2000,0" yaku="14,1,52,1" doraHai="10" who="0" fromWho="1" sc="209,36,363,-26,209,0,209,0" /><INIT seed="2,0,0,0,5,94" ten="245,337,209,209" oya="2" hai0="115,127,67,9,117,65,22,19,36,54,35,32,107" hai1="135,77,97,118,26,33,3,76,112,104,57,69,25" hai2="20,102,59,56,72,124,45,0,31,49,41,50,12" hai3="21,98,60,109,100,28,81,99,85,14,17,71,130"/><V111/><F0/><W8/><G109/><T11/><D36/><U1/><E118/><V61/><F72/><W66/><G130/><T128/><D107/><U113/><E57/><V90/><F111/><W27/><REACH who="3" step="1"/><G100/><REACH who="3" ten="245,337,209,199" step="2"/><T51/><D128/><U70/><E135/><V52/><F102/><W37/><G37/><T38/><D38/><U2/><E112/><V58/><F124/><W10/><G10/><T88/><D9/><U75/><E113/><V40/><F61/><W42/><G42/><T7/><D11/><U95/><E1/><V129/><F129/><W63/><G63/><T132/><D132/><U18/><E2/><V53/><F41/><W125/><G125/><T80/><D115/><U30/><E3/><V89/><F40/><W15/><G15/><T39/><D39/><U24/><E24/><N who="2" m="16775" /><F12/><W5/><G5/><T103/><D7/><U4/><E4/><V83/><F89/><AGARI ba="0,1" hai="8,14,17,21,27,28,60,66,71,81,85,89,98,99" machi="89" ten="30,7700,0" yaku="1,1,7,1,52,2,53,0" doraHai="94" doraHaiUra="116" who="3" fromWho="2" sc="245,0,337,0,209,-77,199,87" /><INIT seed="3,0,0,1,1,135" ten="245,337,132,286" oya="3" hai0="84,125,120,44,115,79,2,83,39,66,10,56,12" hai1="60,28,133,52,68,75,105,54,128,9,100,89,92" hai2="51,31,102,70,104,22,114,27,53,21,118,107,5" hai3="95,59,19,11,64,134,111,108,72,86,7,103,87"/><W23/><G72/><T78/><D125/><U29/><E75/><V94/><F114/><W91/><G103/><T8/><D120/><U32/><E133/><V15/><F70/><W40/><G40/><T81/><D115/><U110/><E110/><N who="3" m="42026" /><G134/><T57/><D2/><U36/><E36/><V38/><F38/><W97/><G59/><T47/><D66/><N who="1" m="41031" /><E28/><V13/><F118/><W61/><G61/><T93/><D93/><U49/><E9/><V77/><F107/><W116/><G64/><T18/><D10/><U4/><E4/><V101/><F104/><W69/><G69/><T106/><D106/><U1/><E1/><V131/><F131/><W48/><G48/><T26/><D26/><N who="1" m="18487" /><E49/><V99/><F77/><W123/><G123/><T67/><D39/><U96/><E128/><V58/><F5/><W14/><G116/><T85/><D57/><U112/><E112/><V74/><F74/><W24/><AGARI ba="0,0" hai="7,11,14,19,23,24,86,87,91,95,97" m="42026" machi="24" ten="30,3000,0" yaku="14,1,10,1" doraHai="135" who="3" fromWho="3" sc="245,-10,337,-10,132,-10,286,30" /><INIT seed="3,1,0,0,2,36" ten="235,327,122,316" oya="3" hai0="119,81,1,28,129,35,44,112,58,124,56,40,71" hai1="53,47,99,50,62,42,11,15,0,75,7,63,134" hai2="33,101,14,86,102,96,78,5,54,69,29,3,31" hai3="37,16,93,2,92,8,20,6,89,126,128,84,114"/><W73/><G114/><T49/><D119/><U121/><E121/><V116/><F69/><W24/><G73/><T123/><D123/><U80/><E134/><V125/><F3/><W34/><G37/><T19/><D112/><U27/><E27/><V95/><F116/><W130/><G126/><T41/><D71/><U51/><E99/><V64/><F33/><W60/><G60/><T12/><D1/><U91/><E0/><V118/><F118/><W4/><G4/><T76/><D129/><N who="3" m="49769" /><G93/><T57/><D124/><U67/><E67/><V82/><F125/><W66/><G66/><T122/><D122/><U120/><E120/><V65/><F101/><W45/><G45/><T127/><D28/><U111/><E111/><V13/><F65/><W59/><G59/><T68/><D35/><AGARI ba="1,0" hai="2,6,8,16,20,24,34,35,84,89,92" m="49769" machi="35" ten="30,2900,0" yaku="19,1,54,1" doraHai="36" who="3" fromWho="0" sc="235,-32,327,0,122,0,316,32" owari="203,-19.7,327,12.7,122,-37.8,348,44.8" /></mjloggm>