<mjloggm ver="2.3"><GO type="225" lobby="0"/><UN n0="%E3%81%BF%E3%81%BF%E3%81%9A" n1="%E3%82%BC%E3%83%AB%E3%83%80%E3%81%AE%E4%BC%9D%E8%AA%AC" n2="%E3%81%AF%E3%82%88%E3%81%8A%E3%81%98%E3%81%95%E3%82%93" n3="%72%65%6E%6B%75%6E" dan="17,17,17,17" rate="2252.25,2126.72,2169.20,2190.49" sx="M,M,M,M"/><TAIKYOKU oya="0"/><INIT seed="0,0,0,2,0,127" ten="250,250,250,250" oya="0" hai0="51,35,123,57,132,124,121,77,82,7,5,131,14" hai1="33,58,53,110,26,29,18,37,30,116,98,45,56" hai2="86,126,8,122,49,87,39,135,68,34,84,85,1" hai3="69,16,134,105,28,88,99,64,61,67,31,90,107"/><T108/><D35/><U38/><E116/><V20/><F39/><W9/><G134/><T60/><D124/><U113/><E110/><V2/><F34/><W76/><G76/><T70/><D132/><U114/><E18/><V115/><F115/><N who="1" m="44041" /><E30/><V133/><F122/><W104/><G67/><T79/><D108/><U129/><E129/><V21/><F126/><W62/><G62/><T43/><D70/><U32/><E32/><V63/><F63/><W12/><REACH who="3" step="1"/><G90/><REACH who="3" ten="250,250,250,240" step="2"/><T25/><D123/><U27/><E27/><V44/><F44/><W71/><G71/><T125/><D121/><U19/><E45/><V74/><F68/><W83/><G83/><T117/><D125/><U118/><E58/><V73/><F133/><W80/><G80/><T93/><D117/><U50/><E118/><V4/><F135/><W72/><G72/><T109/><D109/><U103/><E19/><V40/><F73/><W46/><G46/><N who="0" m="26079" /><D82/><U111/><E111/><V94/><F74/><W59/><G59/><T0/><D79/><U75/><E75/><V128/><F128/><W52/><G52/><T119/><D77/><U17/><E17/><V112/><F112/><W97/><G97/><T41/><D119/><U36/><E36/><V95/><F85/><W15/><G15/><T23/><D131/><U130/><E130/><V89/><F1/><W11/><G11/><N who="0" m="2471" /><D57/><U24/><E24/><V42/><F87/><W54/><G54/><T13/><D60/><U102/><E98/><V22/><F49/><W55/><G55/><T91/><D13/><U96/><E96/><V10/><F8/><RYUUKYOKU ba="0,1" sc="250,-30,250,10,250,10,240,10" hai1="26,29,33,37,38,50,53,56,102,103" hai2="2,4,10,20,21,22,40,42,84,86,89,94,95" hai3="9,12,16,28,31,61,64,69,88,99,104,105,107" /><INIT seed="1,1,1,4,2,55" ten="220,260,260,250" oya="1" hai0="16,26,37,25,114,27,79,122,80,41,73,98,17" hai1="15,30,24,108,61,70,3,109,5,47,106,123,13" hai2="107,128,124,45,95,60,11,82,50,112,100,29,67" hai3="132,59,76,105,0,85,117,7,120,51,33,22,56"/><U74/><E123/><V110/><F107/><W66/><G33/><T103/><D114/><U81/><E106/><V49/><F112/><W14/><G105/><T69/><D69/><U1/><E74/><V87/><F110/><N who="1" m="42601" /><E81/><V63/><F124/><W9/><G120/><T64/><D122/><U125/><E47/><V2/><F29/><W84/><G132/><T8/><D64/><N who="1" m="41231" /><E125/><V90/><F128/><W119/><G51/><T83/><D83/><U113/><E113/><V31/><F60/><W10/><G22/><T91/><D91/><U116/><E116/><N who="3" m="44618" /><G66/><T42/><D37/><U40/><E40/><V12/><F49/><W34/><G34/><T62/><D62/><U78/><E78/><V20/><F50/><W72/><G72/><T75/><D73/><U4/><E15/><V102/><F12/><W99/><G76/><T39/><D39/><U21/><E13/><V94/><F63/><W89/><G0/><AGARI ba="1,1" hai="0,1,3,4,5,21,24,30" m="41231,42601" machi="0" ten="30,2900,0" yaku="14,1,10,1" doraHai="55" who="1" fromWho="3" sc="220,0,260,42,260,0,250,-32" /><INIT seed="1,2,0,4,4,15" ten="220,302,260,218" oya="1" hai0="13,1,29,110,80,65,89,106,81,7,55,122,99" hai1="107,135,66,130,0,133,42,25,58,44,38,12,111" hai2="19,128,131,9,68,95,76,113,120,94,33,43,36" hai3="10,69,26,24,72,132,79,53,84,90,47,32,67"/><U54/><E0/><V27/><F120/><W57/><G132/><N who="1" m="50762" /><E107/><V85/><F68/><W102/><G102/><T75/><D1/><U56/><E25/><V16/><F113/><W41/><G72/><T3/><D3/><U52/><E12/><N who="2" m="7183" /><F33/><W51/><G79/><T59/><D110/><U88/><E130/><N who="2" m="49707" /><F43/><W100/><G100/><T45/><D122/><U4/><E4/><V92/><F36/><W108/><G10/><N who="0" m="4319" /><D75/><U96/><E111/><V28/><F28/><W2/><G2/><T30/><D106/><U50/><E66/><V21/><F76/><W86/><G108/><T101/><D45/><N who="1" m="27727" /><E54/><V60/><F60/><W93/><G67/><T112/><D65/><U6/><E6/><V125/><F125/><W78/><G32/><T48/><D112/><U83/><E83/><N who="0" m="31817" /><D101/><U121/><E121/><V8/><F8/><W34/><G34/><T77/><D77/><U123/><E123/><V73/><F73/><W11/><G11/><T109/><D109/><U134/><E134/><V18/><F19/><W5/><G5/><T82/><N who="0" m="31825" /><T14/><DORA hai="115" /><D14/><U37/><E37/><V46/><F46/><W126/><G126/><T103/><D103/><U118/><E118/><V97/><F18/><W40/><G69/><T74/><D74/><U63/><E63/><V23/><F27/><N who="3" m="10283" /><G47/><T105/><D105/><U124/><E124/><V64/><F64/><W114/><G114/><T35/><D35/><U71/><E71/><V70/><F70/><W62/><G62/><T31/><D29/><U117/><E117/><V20/><F21/><W104/><G104/><RYUUKYOKU ba="2,0" sc="220,10,302,10,260,-30,218,10" hai0="30,31,48,55,59,89,99" hai1="38,42,44,56,58,88,96" hai3="40,41,51,53,57,78,84,86,90,93" /><INIT seed="1,3,0,5,2,132" ten="230,312,230,228" oya="1" hai0="22,51,28,68,4,11,63,31,24,46,134,107,52" hai1="53,49,131,9,84,120,2,15,65,8,21,19,114" hai2="124,83,62,97,95,74,36,110,115,58,43,76,29" hai3="37,32,98,3,106,78,45,34,81,27,118,129,61"/><U20/><E114/><V135/><F135/><W23/><G3/><T79/><D134/><U92/><E120/><V26/><F115/><W101/><G129/><T67/><D107/><U39/><E39/><V116/><F116/><W40/><G118/><T1/><REACH who="0" step="1"/><D79/><REACH who="0" ten="220,312,230,228" step="2"/><U60/><E131/><V10/><F76/><W55/><G61/><T96/><D96/><U117/><E117/><V103/><F97/><W18/><REACH who="3" step="1"/><G55/><REACH who="3" ten="220,312,230,218" step="2"/><T130/><D130/><U16/><E60/><V121/><F62/><W66/><G66/><T99/><D99/><U133/><E65/><V75/><F121/><W12/><G12/><T48/><D48/><U123/><E123/><V89/><F36/><W6/><G6/><T17/><AGARI ba="3,2" hai="1,4,11,17,22,24,28,31,46,51,52,63,67,68" machi="17" ten="20,5200,0" yaku="1,1,0,1,7,1,54,1,53,0" doraHai="132" doraHaiUra="125" who="0" fromWho="0" sc="220,81,312,-29,230,-16,218,-16" /><INIT seed="2,0,0,5,2,46" ten="301,283,214,202" oya="2" hai0="26,55,77,101,43,50,85,61,133,63,34,16,131" hai1="44,29,123,22,96,99,25,119,93,111,60,15,6" hai2="116,12,59,126,30,13,128,84,32,78,1,28,122" hai3="71,4,125,73,62,64,41,92,117,87,89,105,130"/><V39/><F1/><W121/><G121/><T124/><D131/><U3/><E119/><V113/><F113/><W74/><G117/><T118/><D118/><U17/><E123/><V52/><F39/><W80/><G130/><T135/><D124/><U48/><E111/><V98/><F116/><W107/><G125/><T51/><D101/><U0/><E60/><N who="0" m="23113" /><D43/><U56/><E56/><V88/><F126/><W40/><G4/><T115/><D55/><U37/><E37/><V76/><F122/><W20/><G20/><N who="0" m="13575" /><D34/><U102/><E99/><V18/><F98/><W9/><G9/><T10/><D10/><U83/><E83/><V66/><F66/><W5/><G5/><T36/><D36/><U114/><E6/><V27/><F128/><W23/><G23/><T81/><D115/><U67/><E67/><V11/><F12/><W134/><G134/><AGARI ba="0,0" hai="50,51,77,81,85,133,134,135" m="13575,23113" machi="134" ten="30,7700,0" yaku="20,1,52,2,54,1" doraHai="46" who="0" fromWho="3" sc="301,77,283,0,214,0,202,-77" /><INIT seed="3,0,0,2,3,95" ten="378,283,214,125" oya="3" hai0="19,126,129,116,123,20,28,52,114,30,40,86,27" hai1="39,11,118,81,124,25,104,60,14,115,53,58,63" hai2="59,13,42,12,43,51,9,83,4,79,47,108,93" hai3="75,128,6,21,113,29,117,32,1,130,17,66,85"/><W131/><G75/><T31/><D116/><U64/><E115/><V2/><F108/><W56/><G113/><T132/><D114/><U134/><E104/><V22/><F43/><W54/><G117/><T69/><D123/><U74/><E118/><V98/><F59/><W77/><G66/><T0/><D126/><U41/><E124/><V84/><F22/><W5/><G1/><T18/><D0/><U82/><E74/><V112/><F112/><W96/><G96/><T92/><D129/><U44/><E25/><V45/><F47/><W35/><G85/><T101/><D132/><U102/><E102/><AGARI ba="0,0" hai="2,4,9,12,13,42,45,51,79,83,84,93,98,102" machi="102" ten="30,2000,0" yaku="7,1,52,1" doraHai="95" who="2" fromWho="1" sc="378,0,283,-20,214,20,125,0" owari="378,47.8,263,6.3,234,-16.6,125,-37.5" /></mjloggm>