<mjloggm ver="2.3"><GO type="225" lobby="0"/><UN n0="%E3%81%8B%E3%82%8F%E3%81%A1%E3%82%83%E3%82%93%35%38" n1="%6E%69%63%6F%6E%74%6F" n2="%E3%81%BE%E3%81%A8%E3%81%9F" n3="%70%6E%64%73%6E%67" dan="16,16,16,16" rate="2111.93,2144.43,2115.75,2111.65" sx="M,M,M,M"/><TAIKYOKU oya="0"/><INIT seed="0,0,0,1,3,88" ten="250,250,250,250" oya="0" hai0="27,19,66,89,119,44,131,9,21,112,70,64,91" hai1="24,56,37,95,104,30,128,51,117,18,79,122,83" hai2="55,78,63,127,71,4,87,90,57,49,16,118,68" hai3="34,106,54,81,10,109,110,105,97,115,11,23,43"/><T72/><D112/><U77/><E122/><V58/><F78/><W47/><G34/><T48/><D119/><U12/><E117/><V73/><F73/><W135/><G115/><T92/><D131/><U94/><E104/><V129/><F118/><W39/><G135/><T35/><D72/><U62/><E37/><V102/><F102/><W101/><G105/><T0/><D70/><U96/><E51/><V36/><F36/><W114/><G114/><T100/><D35/><U113/><E113/><V98/><F98/><W116/><G116/><T59/><D91/><U67/><E128/><V69/><F4/><W17/><G54/><N who="0" m="29959" /><D0/><U1/><E1/><V13/><F129/><W108/><REACH who="3" step="1"/><G81/><REACH who="3" ten="250,250,250,240" step="2"/><T99/><D64/><U103/><E83/><V82/><F127/><W33/><G33/><T22/><D66/><U86/><E30/><V14/><REACH who="2" step="1"/><F16/><REACH who="2" ten="250,250,240,240" step="2"/><W134/><G134/><T75/><D19/><U80/><E24/><AGARI ba="0,2" hai="10,11,17,23,24,39,43,47,97,101,106,108,109,110" machi="24" ten="40,2600,0" yaku="1,1,14,1,53,0" doraHai="88" doraHaiUra="3" who="3" fromWho="1" sc="250,0,250,-26,240,0,240,46" /><INIT seed="1,0,0,5,0,120" ten="250,224,240,286" oya="1" hai0="42,47,60,33,35,100,91,135,122,2,92,111,75" hai1="73,46,95,4,1,24,8,3,37,88,96,6,0" hai2="13,53,115,134,101,71,80,131,74,130,67,105,77" hai3="43,119,110,27,121,94,54,11,26,25,117,49,78"/><U109/><E109/><V69/><F67/><W34/><G121/><T63/><D122/><U59/><E73/><V83/><F53/><W124/><G124/><T16/><D75/><U14/><E24/><V20/><F134/><W61/><G43/><T32/><D2/><U64/><E37/><V65/><F83/><W57/><G78/><T31/><D31/><U36/><E36/><V44/><F44/><W30/><G94/><T93/><D135/><U85/><E46/><V102/><F115/><W106/><G106/><T17/><D100/><N who="2" m="38506" /><F65/><W118/><G110/><T81/><D81/><U15/><E15/><V123/><BYE who="1" /><F105/><W129/><G129/><N who="2" m="49161" /><F123/><W84/><G84/><UN n1="%6E%69%63%6F%6E%74%6F" /><T125/><D93/><U10/><REACH who="1" step="1"/><E85/><REACH who="1" ten="250,214,240,286" step="2"/><V28/><F13/><W51/><G11/><T79/><D111/><U68/><E68/><V98/><F98/><W86/><G86/><T82/><D125/><U99/><E99/><V132/><F132/><W62/><G30/><T39/><D39/><U7/><E7/><V45/><F45/><N who="3" m="27951" /><G34/><T70/><D70/><U97/><E97/><V48/><F71/><W56/><G56/><T58/><D47/><U116/><E116/><V55/><F69/><W52/><AGARI ba="0,1" hai="25,26,27,51,52,57,61,62,117,118,119" m="27951" machi="52" ten="40,2700,0" yaku="12,1,54,1" doraHai="120" who="3" fromWho="3" sc="250,-7,214,-13,240,-7,286,37" /><INIT seed="2,0,0,2,3,68" ten="243,201,233,323" oya="2" hai0="104,80,100,75,99,11,31,106,22,40,42,112,63" hai1="114,94,81,34,91,28,70,122,133,25,60,30,49" hai2="119,97,132,61,111,134,89,103,64,79,121,10,14" hai3="0,83,95,23,90,93,86,35,58,124,54,129,50"/><V55/><F119/><W5/><G35/><T29/><D112/><U41/><E114/><V17/><F121/><W84/><G124/><T43/><D106/><U6/><E122/><V131/><F131/><W62/><G129/><T82/><D63/><U125/><E133/><N who="2" m="51307" /><F79/><W118/><G118/><T123/><D123/><U108/><E108/><V88/><F55/><W44/><G0/><T110/><D110/><U115/><E115/><V27/><F27/><W120/><G120/><T37/><D11/><U107/><E107/><N who="2" m="63983" /><F111/><W92/><G23/><T9/><D9/><U78/><E125/><V47/><F47/><W116/><G5/><T117/><D117/><U2/><E2/><V56/><AGARI ba="0,0" hai="10,14,17,56,61,64,88,89" m="63983,51307" machi="56" ten="30,3000,0" yaku="20,1,54,1" doraHai="68" who="2" fromWho="2" sc="243,-10,201,-10,233,30,323,-10" /><INIT seed="2,1,0,4,4,7" ten="233,191,263,313" oya="2" hai0="36,65,19,23,22,11,106,72,28,116,48,16,2" hai1="12,5,121,127,49,60,37,1,81,54,123,126,108" hai2="52,130,31,99,24,102,67,14,134,89,103,104,87" hai3="125,73,57,33,119,76,124,59,40,18,46,29,96"/><V109/><F130/><W128/><G119/><T58/><D36/><U15/><E37/><V105/><F134/><W85/><G128/><T27/><D72/><U132/><E132/><V91/><F67/><W86/><G73/><T34/><D106/><U118/><E118/><V114/><F114/><W0/><G0/><T30/><D116/><U71/><E81/><V10/><F109/><W32/><G18/><N who="0" m="6699" /><D65/><N who="1" m="41383" /><E108/><V107/><F99/><W44/><G96/><T66/><D48/><U129/><E129/><V8/><F14/><W90/><G76/><T77/><D58/><N who="1" m="33103" /><E1/><V111/><F111/><W83/><G29/><N who="0" m="19775" /><D77/><U63/><E63/><V88/><F87/><W69/><G69/><T64/><D64/><U135/><E135/><V70/><F70/><W13/><G86/><T26/><D66/><U78/><E78/><V17/><F17/><W38/><G44/><T42/><D42/><U101/><E101/><V95/><F52/><W74/><G74/><T93/><D93/><U21/><E21/><N who="0" m="7689" /><D26/><U43/><E43/><V110/><F110/><W97/><G97/><T4/><AGARI ba="1,0" hai="2,4,11,28,30" m="7689,19775,6699" machi="4" ten="30,12000,2" yaku="35,5,52,1,54,1" doraHai="7" who="0" fromWho="0" sc="233,123,191,-31,263,-61,313,-31" /><INIT seed="3,0,0,4,5,96" ten="356,160,202,282" oya="3" hai0="110,78,30,22,95,125,36,47,97,100,3,46,49" hai1="68,40,38,29,131,101,106,64,51,76,98,109,124" hai2="2,65,4,128,107,20,80,45,119,58,43,75,129" hai3="122,77,31,61,113,79,71,35,5,93,50,117,90"/><W59/><G117/><T127/><D3/><U134/><E109/><V14/><F107/><W123/><G113/><T13/><D110/><U69/><E131/><V16/><F119/><W118/><G118/><T91/><D78/><U85/><E134/><V104/><F104/><W70/><G5/><T74/><D74/><U63/><E124/><N who="0" m="47689" /><D36/><U23/><E38/><N who="2" m="21751" /><F58/><W83/><G50/><T25/><D13/><U11/><E11/><N who="2" m="2455" /><F65/><W19/><G19/><T53/><D91/><U103/><E103/><V42/><F42/><W39/><G39/><T55/><D47/><U18/><E29/><V89/><F89/><W135/><G135/><T112/><D112/><U54/><E40/><AGARI ba="0,0" hai="22,25,30,40,46,49,53,55,95,97,100" m="47689" machi="40" ten="30,2000,0" yaku="18,1,52,1" doraHai="96" who="0" fromWho="1" sc="356,20,160,-20,202,0,282,0" owari="376,47.6,140,-36.0,202,-19.8,282,8.2" /></mjloggm>