<mjloggm ver="2.3"><GO type="225" lobby="0"/><UN n0="%E5%B6%BA%E4%B8%8A%E5%92%B2" n1="%E7%99%BD%E5%80%89%E5%AF%9B%E4%B9%8B" n2="%6E%69%63%6F%6E%74%6F" n3="%72%61%6B%33" dan="16,16,16,16" rate="2176.54,2140.73,2110.66,2118.21" sx="F,M,M,M"/><TAIKYOKU oya="0"/><INIT seed="0,0,0,1,3,82" ten="250,250,250,250" oya="0" hai0="71,48,120,91,56,104,5,84,6,54,58,98,117" hai1="10,17,8,40,118,26,20,113,83,23,16,53,123" hai2="55,68,85,99,95,77,103,12,100,14,32,87,38" hai3="97,122,129,135,127,31,106,116,0,86,33,24,37"/><T35/><D71/><U2/><E123/><V1/><F32/><W81/><RYUUKYOKU type="yao9" ba="0,0" sc="250,0,250,0,250,0,250,0" hai3="0,24,31,33,37,81,86,97,106,116,122,127,129,135" /><INIT seed="0,1,0,2,5,129" ten="250,250,250,250" oya="0" hai0="50,23,29,77,124,116,70,66,113,101,109,130,132" hai1="7,89,41,86,123,40,17,91,26,33,133,114,12" hai2="42,105,46,84,87,5,25,59,9,75,43,68,80" hai3="21,0,13,4,8,107,53,52,104,74,2,83,106"/><T64/><D113/><U103/><E114/><V117/><F68/><W44/><G21/><T34/><D116/><U92/><E123/><V47/><F105/><W62/><G62/><T55/><D130/><U81/><E103/><V97/><F117/><W78/><REACH who="3" step="1"/><G44/><REACH who="3" ten="250,250,250,240" step="2"/><N who="0" m="28103" /><D124/><U14/><E33/><V57/><F47/><W95/><G95/><T58/><D34/><U82/><E26/><V36/><F46/><W79/><G79/><T121/><D77/><U111/><E92/><V98/><F25/><W128/><G128/><T131/><D131/><U48/><E48/><V135/><F9/><W38/><G38/><T45/><D45/><U85/><E111/><V115/><F36/><W122/><G122/><T37/><D109/><U110/><E110/><V16/><F43/><W108/><G108/><T10/><D37/><U24/><E24/><V20/><F42/><W126/><G126/><T3/><D121/><U54/><E41/><V60/><F20/><W99/><G99/><T96/><D23/><U67/><E40/><V71/><F60/><W11/><G11/><T22/><D10/><U73/><E82/><V63/><F98/><W90/><G90/><T65/><D22/><U102/><E81/><V39/><F97/><W31/><G31/><T93/><D29/><U30/><E91/><V6/><F63/><W35/><G35/><T134/><D93/><U69/><E89/><V1/><F39/><W119/><G119/><T49/><D96/><U51/><E30/><V127/><F80/><W28/><G28/><T100/><D49/><U27/><E51/><V56/><F127/><RYUUKYOKU ba="1,1" sc="250,-10,250,-10,250,-10,240,30" hai3="0,2,4,8,13,52,53,74,78,83,104,106,107" /><INIT seed="1,2,1,0,1,25" ten="240,240,240,270" oya="1" hai0="21,65,10,131,102,40,98,11,72,90,47,79,3" hai1="103,32,34,24,122,77,111,127,16,58,43,91,54" hai2="57,50,133,109,2,38,18,37,59,110,88,69,44" hai3="17,104,115,31,119,121,82,22,53,108,97,94,130"/><U112/><E122/><V93/><F2/><W12/><G121/><T6/><D131/><U13/><E112/><V74/><F74/><W15/><G115/><T76/><D65/><U100/><E127/><V20/><F69/><W46/><G130/><T135/><D135/><U105/><E111/><N who="2" m="42507" /><F133/><W26/><G108/><T39/><D79/><U33/><E77/><V107/><F107/><W0/><G0/><T55/><D55/><U73/><E73/><V96/><F38/><W126/><G126/><T87/><D21/><U9/><E43/><N who="2" m="24863" /><F37/><W49/><G104/><N who="0" m="63575" /><D11/><U116/><E116/><V113/><F113/><W41/><G119/><T36/><D87/><U28/><E91/><V92/><F92/><W81/><G41/><T14/><D39/><U68/><E68/><V78/><F78/><W27/><G82/><N who="0" m="45319" /><D90/><U45/><E45/><V70/><F70/><W85/><G81/><T66/><D66/><U48/><REACH who="1" step="1"/><E105/><REACH who="1" ten="240,230,240,270" step="2"/><V60/><F60/><W52/><G85/><T8/><D47/><U42/><E42/><V7/><F7/><W67/><G67/><T124/><D40/><U129/><E129/><V63/><F63/><W62/><G62/><T23/><D124/><U118/><E118/><V128/><F128/><W75/><G75/><T83/><D36/><U56/><E56/><V99/><F99/><W80/><G53/><T29/><D83/><U1/><E1/><V19/><F59/><W61/><G80/><T64/><D3/><U134/><E134/><V4/><F57/><W95/><G61/><T120/><D120/><U30/><E30/><V35/><F4/><RYUUKYOKU ba="2,2" sc="240,-10,230,30,240,-10,270,-10" hai1="9,13,16,24,28,32,33,34,48,54,58,100,103" /><INIT seed="1,3,2,1,2,44" ten="230,260,230,260" oya="1" hai0="67,8,118,54,104,94,125,113,109,29,97,101,37" hai1="73,24,57,80,74,50,12,36,106,40,41,77,38" hai2="114,30,119,90,112,31,135,76,82,43,35,34,16" hai3="92,88,129,95,62,11,116,132,87,55,130,33,56"/><U26/><E106/><V63/><F119/><W123/><G123/><T4/><D113/><N who="2" m="43626" /><F135/><W18/><G132/><T111/><D37/><U53/><E74/><N who="2" m="43287" /><F43/><W105/><G105/><T49/><D118/><U85/><E73/><V84/><F63/><W65/><G33/><N who="2" m="12297" /><F16/><W75/><G75/><T42/><D42/><N who="1" m="16491" /><E36/><V107/><F107/><W9/><G116/><T3/><D104/><U19/><E38/><V66/><F66/><W68/><G95/><AGARI ba="3,2" hai="30,31,84,90,95" m="12297,43287,43626" machi="95" ten="30,1000,0" yaku="11,1" doraHai="44" who="2" fromWho="3" sc="230,0,260,0,230,39,260,-19" /><INIT seed="2,0,0,3,0,107" ten="230,260,269,241" oya="2" hai0="90,55,11,111,127,7,59,50,9,114,12,62,56" hai1="122,1,29,51,69,70,21,38,2,10,44,19,106" hai2="103,121,92,86,41,63,96,39,131,104,85,32,115" hai3="31,133,128,105,27,53,120,76,26,18,118,3,82"/><V49/><F115/><W14/><G120/><T125/><D114/><U79/><E106/><V98/><F121/><W68/><G118/><T58/><D111/><U43/><E122/><V40/><F32/><W108/><G3/><T36/><D36/><U132/><E132/><V100/><F39/><W112/><G133/><T42/><D11/><U45/><E29/><V109/><F131/><W135/><G128/><T48/><D90/><U57/><E57/><V75/><F109/><W88/><G68/><T33/><D33/><U97/><E97/><V73/><F63/><W15/><G105/><T67/><D42/><U61/><E79/><V87/><REACH who="2" step="1"/><F49/><REACH who="2" ten="230,260,259,241" step="2"/><W74/><G108/><T80/><D50/><U113/><E113/><V78/><F78/><W77/><G77/><T134/><D134/><U28/><E61/><V72/><AGARI ba="0,1" hai="40,41,72,73,75,85,86,87,92,96,98,100,103,104" machi="72" ten="40,12000,1" yaku="1,1,0,1,52,3,53,0" doraHai="107" doraHaiUra="60" who="2" fromWho="2" sc="230,-40,260,-40,259,130,241,-40" /><INIT seed="2,1,0,2,0,67" ten="190,220,389,201" oya="2" hai0="43,121,50,72,18,27,92,42,98,51,54,55,131" hai1="19,81,93,49,28,68,123,46,58,38,132,10,96" hai2="47,24,53,129,97,61,1,69,9,2,23,86,126" hai3="15,62,48,75,108,134,124,59,36,64,73,16,79"/><V133/><F129/><W20/><G36/><T52/><D72/><U71/><E38/><V35/><F133/><W99/><G134/><T76/><D121/><U39/><E39/><V31/><F126/><W113/><G124/><T91/><D76/><U112/><E132/><V65/><F86/><W7/><G108/><T87/><D131/><U88/><E112/><V110/><F110/><W77/><G113/><T122/><D122/><U34/><E123/><V106/><F23/><W56/><G73/><T17/><D87/><U30/><E58/><V109/><F109/><W8/><G75/><T41/><REACH who="0" step="1"/><D27/><REACH who="0" ten="180,220,389,201" step="2"/><U115/><E115/><V89/><F24/><N who="3" m="14343" /><G99/><T94/><D94/><U60/><E93/><V3/><F97/><W90/><G90/><T125/><D125/><U119/><E96/><V0/><F89/><W84/><G84/><T105/><D105/><U33/><E88/><V127/><F106/><W116/><G116/><T78/><D78/><U82/><E119/><V130/><F127/><W100/><G100/><T111/><D111/><U95/><E95/><V80/><F130/><W66/><G66/><T29/><D29/><U102/><E30/><V118/><F65/><W70/><G70/><T104/><D104/><U83/><E28/><V103/><F69/><W21/><G79/><T120/><D120/><U57/><E102/><V63/><F31/><W107/><G77/><T4/><D4/><U22/><E71/><V12/><F118/><W135/><G135/><T45/><D45/><U114/><E68/><V101/><F103/><W85/><G107/><T44/><D44/><RYUUKYOKU ba="1,1" sc="180,30,220,-10,389,-10,201,-10" hai0="17,18,41,42,43,50,51,52,54,55,91,92,98" /><INIT seed="3,2,1,0,1,46" ten="210,210,379,191" oya="3" hai0="65,57,10,47,107,130,49,52,5,132,103,86,34" hai1="115,117,102,104,81,96,43,70,62,114,29,113,118" hai2="108,55,67,64,124,76,30,84,71,22,51,121,25" hai3="42,31,2,128,6,63,41,79,24,23,18,72,16"/><W75/><G128/><T116/><D34/><U15/><E43/><V89/><F108/><W82/><G75/><T109/><D116/><N who="1" m="44651" /><E29/><V40/><F124/><W39/><G63/><T134/><D130/><U125/><E125/><V7/><F40/><W97/><G97/><N who="0" m="61935" /><D86/><U120/><E120/><V44/><F121/><W53/><G53/><T4/><D109/><U110/><E110/><V35/><F71/><W59/><G59/><T98/><D98/><U101/><E101/><V88/><F35/><W50/><G39/><T26/><D26/><U0/><E0/><V93/><F76/><W8/><REACH who="3" step="1"/><G42/><REACH who="3" ten="210,210,379,181" step="2"/><T9/><D57/><U60/><E70/><V112/><F55/><W80/><G80/><T123/><D123/><U19/><E81/><V33/><F67/><W85/><G85/><T13/><D65/><U68/><E68/><V14/><F64/><W83/><G83/><T92/><D52/><U74/><E74/><V48/><F84/><W32/><G32/><T28/><D132/><U95/><E104/><V11/><F33/><W99/><G99/><T20/><D134/><U69/><E69/><V27/><F44/><AGARI ba="2,2" hai="2,6,8,16,18,23,24,31,41,44,50,72,79,82" machi="44" ten="40,12000,1" yaku="1,1,52,1,54,1,53,1" doraHai="46" doraHaiUra="45" who="3" fromWho="2" sc="210,0,210,0,379,-126,181,146" owari="210,-19.0,210,-29.0,253,5.3,327,42.7" /></mjloggm>