<mjloggm ver="2.3"><GO type="225" lobby="0"/><UN n0="%6E%69%63%6F%6E%74%6F" n1="%E6%A1%9C%E8%8A%B1%E9%96%83%E3%80%85" n2="%E5%8D%A0%E3%81%84%E5%B8%AB%E8%A3%8F%E3%81%AA%E3%81%84%E3%81%97" n3="%EF%BC%AE%EF%BC%A1%EF%BC%AF%33%33%39" dan="16,16,17,16" rate="2138.36,2130.63,2194.79,2096.30" sx="M,M,M,M"/><TAIKYOKU oya="0"/><INIT seed="0,0,0,0,3,7" ten="250,250,250,250" oya="0" hai0="93,107,81,26,40,114,133,73,35,37,43,101,38" hai1="97,82,91,113,98,132,9,18,134,34,42,14,127" hai2="33,84,15,70,52,88,57,55,110,68,8,16,86" hai3="106,64,50,126,103,25,83,104,116,124,75,130,79"/><T5/><D114/><U128/><E113/><V58/><F33/><W74/><G64/><T62/><D133/><N who="1" m="51307" /><E128/><V22/><F110/><W94/><G25/><T2/><D93/><U11/><E34/><V96/><F70/><W131/><G50/><T29/><D43/><U45/><E127/><N who="3" m="48682" /><G74/><T39/><D40/><U27/><E27/><N who="2" m="14791" /><F68/><W95/><G116/><T0/><D62/><U3/><E82/><N who="2" m="49175" /><F96/><N who="1" m="36969" /><E91/><V61/><F86/><W111/><G111/><T115/><D115/><U118/><E118/><V108/><F108/><W32/><G32/><T102/><D102/><U117/><E117/><V17/><F58/><W135/><G135/><T13/><D13/><U85/><E85/><V23/><F23/><W1/><G1/><T78/><D101/><U47/><E42/><V109/><F109/><W24/><G24/><T20/><D20/><N who="1" m="11351" /><E3/><V66/><AGARI ba="0,0" hai="8,15,17,52,55,57,61,66" m="49175,14791" machi="66" ten="30,8000,1" yaku="8,1,52,1,54,3" doraHai="7" who="2" fromWho="2" sc="250,-40,250,-20,250,80,250,-20" /><INIT seed="1,0,0,4,1,22" ten="210,230,330,230" oya="1" hai0="77,45,20,31,16,76,70,57,13,133,86,40,117" hai1="48,111,72,46,121,32,73,30,49,107,125,106,119" hai2="74,85,95,82,123,69,56,135,61,88,10,39,58" hai3="109,18,108,68,101,120,7,126,36,124,34,64,83"/><U28/><E119/><V80/><F123/><W87/><G120/><T65/><D117/><U35/><E121/><V100/><F39/><W42/><G7/><T110/><D110/><N who="3" m="42601" /><G101/><T47/><D133/><U128/><E111/><V102/><F135/><W132/><G34/><T115/><D115/><U79/><E79/><N who="0" m="30281" /><D70/><U15/><E15/><V96/><F74/><W38/><G132/><T63/><D40/><U29/><E46/><N who="0" m="17417" /><D31/><U26/><E29/><V50/><F69/><W14/><G64/><T37/><D37/><N who="3" m="14441" /><G42/><T129/><D129/><U44/><E44/><V2/><F102/><W3/><G3/><T8/><D86/><U4/><E128/><V118/><F85/><W131/><G68/><T122/><D122/><U94/><E4/><V99/><F2/><W104/><G104/><T84/><D84/><U27/><E125/><V52/><F118/><W78/><G131/><T81/><D81/><U89/><E94/><N who="2" m="56391" /><F10/><AGARI ba="0,0" hai="10,14,18,78,83,87,124,126" m="14441,42601" machi="10" ten="30,1000,0" yaku="14,1" doraHai="22" who="3" fromWho="2" sc="210,0,230,0,330,-10,230,10" /><AGARI ba="0,0" hai="8,10,13,16,20,57,63,65" m="17417,30281" machi="10" ten="30,2000,0" yaku="8,1,54,1" doraHai="22" who="0" fromWho="2" sc="210,20,230,0,320,-20,240,0" /><INIT seed="2,0,0,4,4,48" ten="230,230,300,240" oya="2" hai0="87,13,31,15,57,65,103,70,54,69,111,25,20" hai1="63,122,82,104,12,5,14,113,115,94,84,11,107" hai2="72,120,92,74,49,77,123,21,118,44,35,73,40" hai3="61,114,108,41,32,75,106,79,24,0,98,19,99"/><V132/><F118/><W89/><G0/><T47/><D111/><U10/><E122/><V9/><F35/><W50/><G106/><T95/><D70/><U135/><E135/><V71/><F132/><W85/><G75/><T96/><D69/><U130/><E130/><V56/><F71/><W62/><G79/><T55/><D87/><U101/><E94/><V76/><F21/><W68/><G68/><T8/><D47/><U117/><E117/><V102/><F9/><W36/><G36/><T60/><D15/><U128/><E128/><V18/><F18/><AGARI ba="0,0" hai="8,13,18,20,25,31,54,55,57,60,65,95,96,103" machi="18" ten="30,12000,2" yaku="7,1,25,2,8,1,52,2" doraHai="48" who="0" fromWho="2" sc="230,120,230,0,300,-120,240,0" /><INIT seed="3,0,0,0,5,22" ten="350,230,180,240" oya="3" hai0="63,126,71,51,23,52,58,115,53,17,132,106,46" hai1="21,4,5,32,14,98,72,50,111,34,101,31,37" hai2="16,42,56,93,131,90,85,29,76,47,19,64,35" hai3="96,38,11,91,122,80,8,88,121,104,18,73,10"/><W13/><G38/><T117/><D117/><U75/><E37/><V89/><F131/><W86/><G73/><T116/><D116/><U87/><E111/><V44/><F76/><W79/><G104/><T48/><D106/><U112/><E112/><V67/><F44/><W123/><REACH who="3" step="1"/><G96/><REACH who="3" ten="350,230,180,230" step="2"/><T127/><D115/><U6/><E75/><V128/><F128/><W92/><G92/><T99/><D99/><U65/><E98/><V2/><F2/><W100/><G100/><T113/><D113/><U134/><E101/><V103/><F103/><W7/><G7/><T74/><D74/><U26/><E4/><V129/><F129/><W78/><G78/><T118/><D118/><U54/><E5/><V33/><F89/><AGARI ba="0,1" hai="8,10,11,13,18,79,80,86,88,89,91,121,122,123" machi="89" ten="40,3900,0" yaku="1,1,54,1,53,0" doraHai="22" doraHaiUra="108" who="3" fromWho="2" sc="350,0,230,0,180,-39,230,49" /><INIT seed="3,1,0,5,4,74" ten="350,230,141,279" oya="3" hai0="75,4,133,26,49,87,28,81,5,13,42,101,131" hai1="22,96,68,89,80,124,41,62,17,119,50,9,32" hai2="29,33,127,82,73,113,110,61,39,43,0,65,37" hai3="108,10,116,58,18,31,120,38,54,118,111,6,8"/><W123/><G38/><T45/><D131/><U2/><E32/><V107/><F113/><W112/><G31/><T66/><D133/><U40/><E124/><V126/><F110/><N who="3" m="42027" /><G18/><T84/><D101/><U46/><E119/><N who="3" m="45610" /><G112/><T63/><D75/><U115/><E17/><V21/><F21/><W79/><G79/><N who="0" m="46143" /><D87/><U91/><E22/><V20/><F20/><W132/><G132/><T93/><D93/><U25/><E115/><V128/><F107/><W98/><G98/><T19/><D26/><U16/><E96/><V71/><F128/><W100/><G100/><T86/><D86/><U47/><E16/><V23/><F23/><W102/><G102/><T30/><D19/><U125/><E25/><N who="2" m="18607" /><F127/><W117/><G117/><T83/><D83/><U48/><E80/><V114/><F126/><W97/><G97/><T12/><D12/><U88/><E125/><V64/><F114/><W95/><G95/><T35/><D35/><U135/><E135/><V109/><F109/><W90/><G90/><T105/><D105/><U44/><E89/><V121/><F121/><N who="3" m="46667" /><G6/><N who="0" m="2667" /><D13/><U76/><E91/><V70/><F43/><W56/><G54/><T14/><D14/><U103/><E88/><V57/><F0/><W85/><G85/><T27/><D27/><U94/><E2/><V92/><F92/><W24/><G24/><T130/><D130/><U99/><E94/><V60/><F71/><W55/><G55/><T78/><D78/><U7/><E68/><V134/><F134/><W72/><G72/><T36/><D36/><N who="2" m="13898" /><F73/><W122/><G122/><T77/><D77/><U129/><E76/><RYUUKYOKU ba="1,0" sc="350,10,230,-30,141,10,279,10" hai0="28,30,42,45,49,63,66" hai2="57,60,61,64,65,70,82" hai3="8,10,56,58" /><INIT seed="3,2,0,0,3,48" ten="360,200,151,289" oya="3" hai0="32,0,59,100,114,116,62,110,125,60,95,134,56" hai1="129,63,49,21,84,42,68,61,99,130,39,45,30" hai2="97,67,81,64,102,118,115,7,70,29,135,6,57" hai3="65,112,92,17,26,31,3,10,53,75,88,28,89"/><W27/><G75/><T111/><D116/><U11/><E99/><V86/><F115/><W13/><G112/><T93/><D114/><U23/><E11/><V16/><F118/><W19/><G3/><T76/><D0/><U72/><E72/><V108/><F108/><N who="0" m="41514" /><D32/><U69/><E84/><V106/><F135/><W119/><G65/><N who="0" m="39047" /><D134/><U52/><E30/><N who="3" m="11306" /><G119/><T78/><D125/><U79/><E79/><N who="0" m="30249" /><D100/><U35/><E21/><V4/><F29/><W1/><G1/><T105/><D105/><U94/><E94/><V96/><F70/><N who="1" m="27241" /><E23/><V14/><F97/><N who="3" m="57479" /><G89/><T120/><D120/><U43/><E35/><V73/><F73/><W18/><G53/><AGARI ba="2,0" hai="53,59,62,93,95" m="30249,39047,41514" machi="53" ten="30,2000,0" yaku="14,1,52,1" doraHai="48" who="0" fromWho="3" sc="360,26,200,0,151,0,289,-26" owari="386,48.6,200,-20.0,151,-34.9,263,6.3" /></mjloggm>