<mjloggm ver="2.3"><GO type="225" lobby="0"/><UN n0="%72%61%6B%33" n1="%E4%B8%8B%E6%AE%B5%E3%83%81%E3%82%A7%E3%83%AA%E3%83%BC" n2="%77%72%77%72%77%72%77%72" n3="%E3%82%A2%E3%83%9E%E3%83%9D%EF%BD%9E%EF%BD%9E%E3%83%A9" dan="16,16,16,17" rate="2152.93,2148.40,2113.64,2075.78" sx="M,M,M,M"/><TAIKYOKU oya="0"/><INIT seed="0,0,0,5,4,61" ten="250,250,250,250" oya="0" hai0="89,110,55,131,127,59,41,94,85,70,117,135,18" hai1="12,68,112,25,80,5,113,74,4,120,21,14,122" hai2="73,132,128,33,44,56,87,114,103,32,97,76,13" hai3="124,105,118,48,3,81,96,91,39,65,109,88,115"/><T78/><D117/><U43/><E43/><V119/><F114/><N who="1" m="44137" /><E80/><V54/><F73/><W129/><G39/><T98/><D70/><U92/><E92/><V46/><F119/><W22/><G3/><T125/><D131/><U8/><E68/><V72/><F72/><W62/><G129/><T102/><D135/><U29/><E74/><V69/><F69/><W37/><G37/><T86/><D41/><U20/><E20/><V63/><F128/><W42/><G22/><T19/><D110/><U116/><E116/><V16/><F132/><W0/><G42/><T75/><D75/><U67/><E67/><V53/><F53/><W7/><G65/><T31/><D78/><U111/><E111/><V107/><F33/><W106/><G106/><T121/><D121/><N who="1" m="46699" /><E4/><V45/><F32/><W38/><G7/><T47/><D47/><U108/><E108/><V104/><F104/><W52/><G105/><T133/><D133/><U90/><E90/><V49/><F46/><W84/><G118/><T17/><D89/><U95/><E95/><V93/><F107/><W2/><G109/><T27/><D86/><U134/><E134/><V24/><F87/><W51/><G115/><T15/><D85/><U123/><N who="1" m="46707" /><U34/><DORA hai="99" /><E34/><V50/><F76/><W23/><G84/><T126/><D55/><U66/><E66/><N who="2" m="39271" /><F45/><W36/><G36/><T35/><REACH who="0" step="1"/><D59/><REACH who="0" ten="240,250,250,250" step="2"/><U58/><E58/><V57/><F57/><N who="3" m="35111" /><G91/><T10/><AGARI ba="0,1" hai="10,15,17,18,19,27,31,35,94,98,102,125,126,127" machi="10" ten="30,12000,1" yaku="1,1,0,1,18,1,52,1,53,1" doraHai="61,99" doraHaiUra="9,82" who="0" fromWho="0" sc="240,130,250,-40,250,-40,250,-40" /><INIT seed="0,1,0,3,5,133" ten="370,210,210,210" oya="0" hai0="135,109,31,19,77,94,18,62,22,2,97,115,100" hai1="112,89,95,50,75,25,103,73,20,53,86,84,17" hai2="83,26,104,61,132,92,108,113,15,7,38,126,74" hai3="5,76,99,118,10,11,48,24,105,23,90,49,56"/><T28/><D115/><U0/><E0/><V32/><F113/><W117/><G76/><T123/><D123/><U21/><E112/><V60/><F104/><W88/><G105/><T72/><D2/><U46/><E103/><V36/><F132/><W16/><G118/><T13/><D135/><U47/><E86/><V6/><F108/><W4/><G117/><T116/><D116/><U29/><REACH who="1" step="1"/><E47/><REACH who="1" ten="370,200,210,210" step="2"/><V66/><F74/><W64/><G99/><T87/><D72/><U51/><E51/><V102/><F102/><W127/><G49/><T54/><D109/><U41/><E41/><V70/><F38/><W35/><G48/><T37/><D37/><U114/><E114/><V55/><F36/><W79/><G79/><T9/><D87/><U59/><E59/><V33/><F70/><W131/><G56/><N who="0" m="35095" /><D77/><U39/><E39/><V43/><F43/><W1/><G1/><T96/><D96/><U27/><AGARI ba="1,1" hai="17,20,21,25,27,29,46,50,53,73,75,84,89,95" machi="27" ten="20,2700,0" yaku="1,1,0,1,7,1,53,0" doraHai="133" doraHaiUra="128" who="1" fromWho="1" sc="370,-14,200,40,210,-8,210,-8" /><INIT seed="1,0,0,2,4,93" ten="356,240,202,202" oya="1" hai0="80,94,118,112,89,78,45,23,101,73,36,15,129" hai1="35,98,28,55,76,17,97,131,48,91,61,14,75" hai2="38,58,85,19,103,88,63,134,130,74,92,100,99" hai3="113,79,77,114,125,44,30,29,10,71,33,53,83"/><U82/><E131/><V109/><F130/><W107/><G125/><T56/><D112/><U135/><E135/><V2/><F134/><W5/><G79/><T31/><D118/><U51/><E91/><V64/><F109/><W133/><G133/><T84/><D129/><U8/><E61/><V65/><F74/><N who="3" m="43447" /><G30/><T66/><D36/><U81/><E81/><V9/><F38/><W96/><G53/><T70/><D70/><U40/><E40/><V86/><F2/><N who="3" m="311" /><G44/><T49/><D56/><U122/><E122/><V60/><F9/><W72/><G72/><T7/><D7/><U32/><E51/><V117/><F19/><W111/><G71/><T13/><D66/><U18/><E18/><V126/><F117/><W42/><G42/><T120/><D120/><U26/><REACH who="1" step="1"/><E35/><REACH who="1" ten="356,230,202,202" step="2"/><V105/><F126/><W20/><G33/><T1/><D49/><U46/><AGARI ba="0,1" hai="8,14,17,26,28,32,46,48,55,75,76,82,97,98" machi="46" ten="20,18000,2" yaku="1,1,2,1,0,1,7,1,52,2,53,1" doraHai="93" doraHaiUra="106" who="1" fromWho="1" sc="356,-60,230,190,202,-60,202,-60" /><INIT seed="1,1,0,3,3,4" ten="296,420,142,142" oya="1" hai0="91,127,119,51,116,35,10,18,59,34,117,133,86" hai1="14,111,125,103,110,43,82,33,73,19,77,126,123" hai2="87,101,2,11,62,105,93,120,50,16,84,1,57" hai3="100,41,130,128,118,39,23,124,54,81,104,25,102"/><U47/><E33/><V58/><F120/><W6/><G124/><N who="1" m="47722" /><E103/><V108/><F105/><W95/><G104/><T15/><D127/><U48/><E123/><V27/><F108/><N who="1" m="41513" /><E14/><N who="2" m="7263" /><F1/><W131/><G118/><T21/><D133/><U92/><E19/><V94/><F2/><W115/><G115/><T32/><D10/><U12/><E12/><V85/><F27/><W96/><G6/><T8/><D21/><U76/><E76/><V7/><F7/><W52/><G102/><T63/><D34/><U49/><E92/><V53/><F101/><W28/><G81/><T69/><D32/><U31/><E31/><V26/><F26/><W3/><G3/><T60/><D35/><U112/><E112/><V107/><F107/><W0/><G0/><T30/><D30/><U80/><E80/><V66/><AGARI ba="1,0" hai="50,53,57,58,62,66,84,85,87,93,94" m="7263" machi="66" ten="30,4000,0" yaku="8,1,52,1,54,1" doraHai="4" who="2" fromWho="2" sc="296,-11,420,-21,142,43,142,-11" /><INIT seed="2,0,0,2,0,65" ten="285,399,185,131" oya="2" hai0="62,81,84,87,19,50,133,30,45,60,16,11,51" hai1="15,37,63,116,72,32,124,68,40,33,135,108,46" hai2="106,61,86,67,100,128,105,104,110,78,112,83,92" hai3="77,74,17,111,101,95,52,80,54,27,23,39,12"/><V29/><F112/><W42/><G111/><T56/><D133/><U8/><E116/><V71/><F110/><W44/><G101/><T36/><D36/><U21/><E108/><V99/><REACH who="2" step="1"/><F29/><REACH who="2" ten="285,399,175,131" step="2"/><W82/><G95/><T109/><D30/><U31/><E31/><V134/><F134/><W129/><G129/><AGARI ba="0,1" hai="61,67,71,78,83,86,92,99,100,104,105,106,128,129" machi="129" ten="50,4800,0" yaku="1,1,52,1,53,0" doraHai="65" doraHaiUra="115" who="2" fromWho="3" sc="285,0,399,0,175,58,131,-48" /><INIT seed="2,1,0,2,4,134" ten="285,399,233,83" oya="2" hai0="32,98,126,105,71,62,10,60,73,113,124,75,54" hai1="94,43,14,72,42,76,64,85,13,25,111,65,1" hai2="22,0,17,103,55,49,95,20,132,81,27,6,131" hai3="128,117,11,120,90,21,102,26,4,133,67,68,109"/><V24/><F131/><W114/><G133/><T59/><D113/><U106/><E106/><V48/><F132/><W61/><G128/><T12/><D32/><U99/><E1/><V69/><F69/><W35/><G114/><T33/><D33/><U100/><E72/><V119/><F119/><W87/><G117/><T83/><D105/><U51/><E25/><V41/><F41/><N who="1" m="15369" /><E111/><V15/><F81/><W123/><G109/><T19/><D98/><U16/><E51/><V91/><F103/><W121/><G35/><T29/><D29/><U129/><E129/><V56/><F49/><W45/><G45/><T39/><D39/><U8/><E13/><V86/><REACH who="2" step="1"/><F20/><REACH who="2" ten="285,399,223,83" step="2"/><W37/><G102/><T115/><D115/><U7/><E7/><V96/><F96/><W122/><G37/><T58/><D71/><U92/><E92/><V3/><F3/><W89/><G87/><T40/><D83/><AGARI ba="1,1" hai="8,14,16,64,65,76,83,85,94,99,100" m="15369" machi="83" ten="30,2000,0" yaku="8,1,54,1" doraHai="134" who="1" fromWho="0" sc="285,-23,399,33,223,0,83,0" /><INIT seed="3,0,0,4,5,115" ten="262,432,223,83" oya="3" hai0="32,109,44,81,119,2,61,63,29,60,25,45,117" hai1="47,10,23,100,97,22,57,133,21,80,118,107,8" hai2="77,121,98,108,3,93,55,75,42,95,41,28,102" hai3="76,134,120,122,0,85,54,62,129,87,50,116,111"/><W132/><G0/><T36/><D2/><U49/><E133/><N who="3" m="51306" /><G129/><T73/><D109/><U38/><E38/><V114/><F3/><W15/><G111/><T123/><D123/><N who="3" m="47145" /><G76/><T5/><D5/><U52/><E118/><V101/><F77/><W46/><G116/><T69/><D69/><U92/><E107/><V112/><F114/><W20/><G62/><T127/><D127/><U65/><E80/><V43/><F112/><W90/><G90/><T31/><D31/><U64/><E57/><V89/><F108/><W105/><G105/><T14/><D14/><U106/><E106/><V34/><F121/><W78/><G78/><T66/><D66/><AGARI ba="0,0" hai="8,10,21,22,23,47,49,52,64,65,66,92,97,100" machi="66" ten="40,2600,0" yaku="8,1,54,1" doraHai="115" who="1" fromWho="0" sc="262,-26,432,26,223,0,83,0" owari="236,3.6,458,55.8,223,-17.7,83,-41.7" /></mjloggm>