<mjloggm ver="2.3"><GO type="225" lobby="0"/><UN n0="%E3%83%96%E3%83%83%E3%83%91%E3%82%AA%E3%83%96%E3%83%81%E3%82%AD%E3%83%B3" n1="%E7%99%BD%E5%92%B2%E8%8A%B1%E3%81%A1%E3%82%83%E3%82%93" n2="%E3%80%90%E8%92%BC%E7%90%89%E3%80%91" n3="%E6%97%A5%E6%9B%9C%E6%97%A5%E3%82%88%E3%82%8A%E3%81%AE%E4%BD%BF%E8%80%85" dan="16,16,16,17" rate="2177.90,2153.04,2193.04,2198.96" sx="M,F,F,M"/><TAIKYOKU oya="0"/><INIT seed="0,0,0,0,2,131" ten="250,250,250,250" oya="0" hai0="104,96,124,8,78,10,9,84,135,34,44,86,76" hai1="38,101,6,94,1,2,4,18,33,97,132,129,71" hai2="123,72,108,83,32,80,14,67,61,13,68,45,37" hai3="109,73,91,25,100,88,41,20,58,79,28,31,0"/><T93/><D34/><U16/><E129/><V115/><F115/><W59/><G0/><T116/><D116/><U112/><E112/><V27/><F123/><W3/><G3/><T24/><D104/><U60/><E38/><V107/><F107/><W125/><G73/><T82/><D124/><U69/><E33/><V52/><F108/><W121/><G79/><N who="0" m="30251" /><D82/><U63/><E97/><V62/><F72/><W11/><G100/><N who="0" m="60431" /><D24/><U110/><E94/><V26/><F37/><W53/><G25/><T89/><D135/><U103/><E110/><V23/><F32/><W106/><G106/><T122/><D122/><U128/><E128/><V127/><F27/><W64/><G121/><T15/><D89/><U35/><E35/><V119/><F127/><W22/><G125/><T56/><D44/><U113/><E113/><V30/><F45/><W49/><G109/><T12/><D56/><U51/><E51/><V19/><F119/><W54/><G49/><T105/><D105/><U36/><E36/><V130/><F130/><W70/><G70/><T48/><D48/><U43/><E43/><V114/><F114/><W77/><G77/><T42/><D42/><U102/><E101/><V95/><F95/><W66/><G41/><T29/><D29/><U134/><AGARI ba="0,0" hai="1,2,4,6,16,18,60,63,69,71,102,103,132,134" machi="134" ten="25,12000,2" yaku="0,1,22,2,52,2,54,1" doraHai="131" who="1" fromWho="1" sc="250,-60,250,120,250,-30,250,-30" /><INIT seed="1,0,0,0,0,47" ten="190,370,220,220" oya="1" hai0="130,28,63,85,44,89,18,9,27,86,13,35,124" hai1="19,33,111,8,88,134,87,114,90,14,118,48,83" hai2="41,36,129,71,123,100,39,74,31,96,102,54,128" hai3="119,45,26,95,58,42,115,49,76,53,101,43,6"/><U12/><E114/><V65/><F74/><W23/><G115/><T126/><D130/><N who="2" m="50282" /><F123/><W82/><G119/><T67/><D44/><U105/><E118/><V92/><F31/><W113/><G113/><T17/><D17/><U5/><E134/><V20/><F41/><W32/><G32/><T11/><D11/><U24/><E111/><V91/><F20/><W110/><G110/><T127/><REACH who="0" step="1"/><D89/><REACH who="0" ten="180,370,220,220" step="2"/><U0/><E90/><V72/><F36/><W3/><G45/><T104/><D104/><U109/><E105/><V57/><F39/><W7/><G7/><T16/><D16/><U94/><E109/><V77/><F77/><W125/><G6/><T75/><D75/><U69/><E5/><V131/><F72/><W40/><G3/><T1/><D1/><U61/><E0/><V121/><F131/><W34/><G34/><T78/><D78/><U50/><E33/><V84/><F121/><W59/><G76/><T52/><D52/><U93/><E8/><V70/><F65/><W56/><G53/><T37/><D37/><U4/><E4/><V10/><F10/><W62/><G23/><T46/><D46/><U107/><E107/><N who="2" m="63879" /><F102/><W38/><G38/><T22/><D22/><U120/><E19/><V97/><F54/><W2/><G2/><T55/><D55/><U117/><E117/><V132/><F132/><W103/><G103/><T51/><D51/><U73/><E50/><V68/><F84/><W99/><G101/><T25/><D25/><U122/><E24/><V108/><F108/><W80/><G26/><T60/><D60/><U66/><E73/><RYUUKYOKU ba="0,1" sc="180,15,370,-15,220,15,220,-15" hai0="9,13,18,27,28,35,63,67,85,86,124,126,127" hai2="57,68,70,71,91,92,97" /><INIT seed="2,1,1,0,1,100" ten="195,355,235,205" oya="2" hai0="24,46,23,0,66,73,35,33,38,69,61,42,54" hai1="48,95,125,134,11,37,15,41,32,96,19,47,44" hai2="36,29,16,118,75,112,131,127,77,8,116,6,49" hai3="22,34,55,85,109,97,94,87,51,128,126,80,99"/><V71/><F36/><W78/><G34/><T45/><D73/><U105/><E125/><V117/><F71/><W21/><G126/><T101/><D0/><U52/><E134/><V13/><F112/><W92/><G109/><T27/><D101/><U81/><E32/><V62/><F127/><W130/><G87/><T88/><D27/><U68/><E68/><V120/><F120/><W40/><G40/><T1/><D1/><U82/><E105/><V56/><F131/><N who="3" m="50219" /><G94/><T2/><D2/><U14/><E14/><V83/><F29/><W90/><G97/><T89/><D35/><U65/><E65/><N who="2" m="39111" /><F49/><W10/><G10/><T50/><REACH who="0" step="1"/><D33/><REACH who="0" ten="185,355,235,205" step="2"/><U107/><E107/><V70/><F75/><W124/><G124/><T26/><D26/><U122/><E122/><V102/><F102/><AGARI ba="1,2" hai="11,15,19,37,41,44,47,48,52,81,82,95,96,102" machi="102" ten="30,2000,0" yaku="7,1,54,1" doraHai="100" who="1" fromWho="2" sc="185,0,355,43,235,-23,205,0" /><INIT seed="3,0,0,1,3,11" ten="185,398,212,205" oya="3" hai0="134,18,56,53,88,16,22,129,31,59,6,14,124" hai1="62,20,67,63,60,85,101,7,115,78,34,52,128" hai2="15,26,17,30,113,42,131,39,87,28,69,50,79" hai3="51,112,49,58,111,21,13,125,24,8,114,116,132"/><W3/><G116/><T106/><D106/><U122/><E122/><V117/><F39/><W46/><G3/><T135/><D124/><U12/><E34/><V70/><F113/><W33/><G33/><T73/><D73/><U105/><E115/><V127/><F30/><W110/><G58/><T83/><D129/><U44/><E67/><V32/><F117/><W92/><G92/><T57/><D31/><U130/><E105/><V80/><F127/><W103/><G103/><T19/><D6/><U81/><E101/><V2/><F2/><W102/><G102/><T65/><D65/><U126/><E126/><V76/><F76/><W89/><G89/><T43/><D43/><U109/><E109/><N who="3" m="41482" /><G125/><T100/><D100/><U37/><E37/><V98/><F98/><W75/><G75/><T9/><D53/><U119/><E119/><V10/><F131/><W23/><G132/><N who="0" m="50731" /><D22/><N who="3" m="8201" /><G24/><T77/><D77/><U27/><E27/><V108/><F108/><W5/><G51/><T38/><D38/><U96/><E96/><V36/><F36/><W74/><G74/><T118/><D118/><U91/><E91/><V47/><AGARI ba="0,0" hai="10,15,17,26,28,32,42,47,50,69,70,79,80,87" machi="47" ten="30,2000,0" yaku="0,1,52,1" doraHai="11" who="2" fromWho="2" sc="185,-5,398,-5,212,20,205,-10" owari="180,-32.0,393,49.3,232,3.2,195,-20.5" /></mjloggm>