<mjloggm ver="2.3"><GO type="225" lobby="0"/><UN n0="%E5%A4%8F%E9%88%B4%E9%88%B4%E5%A4%8F" n1="%E6%81%A5%E6%99%92%E3%81%97" n2="%E8%90%BD%E6%97%A5" n3="%E3%83%96%E3%83%83%E3%83%91%E3%82%AA%E3%83%96%E3%83%81%E3%82%AD%E3%83%B3" dan="16,16,17,16" rate="2098.13,2119.21,2205.67,2140.54" sx="F,M,F,M"/><TAIKYOKU oya="0"/><INIT seed="0,0,0,0,0,8" ten="250,250,250,250" oya="0" hai0="34,116,61,113,47,85,64,89,83,45,46,2,133" hai1="118,120,102,14,97,58,28,5,71,117,17,126,63" hai2="100,115,29,44,54,104,98,60,82,16,92,38,94" hai3="129,105,42,26,9,33,125,32,35,84,127,6,119"/><T77/><D116/><U19/><E120/><V37/><F115/><W107/><G42/><T43/><D113/><U103/><E71/><V73/><F29/><N who="3" m="19511" /><G84/><T111/><D111/><U13/><E126/><N who="3" m="48138" /><G119/><T27/><D2/><U41/><E28/><V52/><F73/><W112/><G112/><T69/><D133/><U106/><E41/><V50/><F82/><W30/><G129/><T25/><D34/><N who="3" m="12809" /><G30/><T55/><D43/><U48/><E48/><V59/><F104/><W123/><G123/><T76/><D55/><U67/><E103/><V31/><F31/><W40/><G40/><T128/><D128/><U62/><E62/><V79/><F79/><W21/><G21/><T99/><REACH who="0" step="1"/><D76/><REACH who="0" ten="240,250,250,250" step="2"/><U131/><E131/><V36/><F36/><W12/><AGARI ba="0,1" hai="6,9,12,105,107" m="12809,48138,19511" machi="12" ten="30,2000,0" yaku="18,1,52,1" doraHai="8" who="3" fromWho="3" sc="240,-10,250,-5,250,-5,250,30" /><INIT seed="1,0,0,2,5,105" ten="230,245,245,280" oya="1" hai0="93,99,51,29,66,73,14,52,46,54,89,119,60" hai1="75,10,11,87,133,7,22,30,8,132,57,104,94" hai2="9,95,6,56,85,121,134,59,109,84,68,125,49" hai3="18,39,35,81,131,25,33,1,28,0,2,101,115"/><U55/><E104/><V32/><F68/><W113/><G39/><T91/><D119/><U69/><E69/><V26/><F121/><W71/><G71/><T114/><D114/><N who="3" m="43529" /><G81/><T74/><D29/><U42/><E42/><V65/><F109/><W31/><G101/><T112/><D112/><U41/><E41/><V72/><F72/><W97/><G97/><T5/><D54/><U21/><E7/><V127/><F134/><N who="1" m="51817" /><E30/><N who="3" m="11306" /><G131/><T27/><D27/><U15/><E15/><V64/><F26/><W128/><G128/><T106/><D106/><U61/><E75/><V17/><F32/><N who="3" m="12363" /><G25/><T103/><D91/><AGARI ba="0,0" hai="8,10,11,21,22,55,57,61,87,91,94" m="51817" machi="91" ten="30,1500,0" yaku="20,1" doraHai="105" who="1" fromWho="0" sc="230,-15,245,15,245,0,280,0" /><INIT seed="1,1,0,2,5,86" ten="215,260,245,280" oya="1" hai0="70,124,85,27,96,5,52,40,16,97,115,18,102" hai1="33,55,41,107,81,130,43,82,83,4,87,49,59" hai2="25,56,3,51,127,20,10,133,134,2,6,109,129" hai3="105,75,45,104,64,60,123,67,93,69,88,117,78"/><U19/><E107/><V21/><F56/><W48/><G123/><T116/><D115/><U50/><E130/><V118/><F51/><W28/><G117/><T79/><D116/><U108/><E33/><V99/><F99/><W119/><G119/><T135/><D70/><U47/><E4/><V62/><F62/><W37/><G37/><T98/><D124/><U66/><E108/><V15/><F118/><W34/><G67/><T77/><D135/><N who="2" m="51722" /><F127/><W23/><G34/><T58/><D40/><U114/><E114/><V12/><F129/><W57/><G69/><T76/><D5/><U73/><E73/><V7/><F109/><W39/><G39/><T65/><D65/><U112/><E66/><V131/><F131/><W72/><G23/><N who="2" m="8777" /><F25/><W90/><G28/><T80/><D27/><U111/><E111/><V24/><F24/><W125/><G125/><T54/><D102/><U89/><E112/><V8/><AGARI ba="1,0" hai="2,3,6,7,8,10,12,15" m="8777,51722" machi="8" ten="30,4000,0" yaku="20,1,34,2" doraHai="86" who="2" fromWho="2" sc="215,-11,260,-21,245,43,280,-11" /><INIT seed="2,0,0,1,1,17" ten="204,239,288,269" oya="2" hai0="103,11,42,86,126,124,7,15,133,92,51,82,111" hai1="76,25,114,4,10,69,14,29,64,135,13,74,116" hai2="107,115,35,117,39,88,120,1,59,45,30,83,98" hai3="20,0,16,122,73,89,78,47,80,62,101,96,36"/><V24/><F115/><W106/><G122/><T100/><D111/><U40/><E114/><V121/><F117/><W37/><G0/><T26/><D133/><U8/><E116/><V84/><F1/><W119/><G119/><T90/><D26/><U49/><E135/><V102/><REACH who="2" step="1"/><F59/><REACH who="2" ten="204,239,278,269" step="2"/><W32/><G32/><T54/><D126/><U48/><E69/><V43/><AGARI ba="0,1" hai="24,30,35,39,43,45,83,84,88,98,102,107,120,121" machi="43" ten="30,11700,0" yaku="1,1,2,1,0,1,54,1,53,0" doraHai="17" doraHaiUra="108" who="2" fromWho="2" sc="204,-39,239,-39,278,127,269,-39" /><INIT seed="2,1,0,2,3,126" ten="165,200,405,230" oya="2" hai0="8,65,22,77,128,39,19,132,123,5,47,30,121" hai1="18,82,94,124,129,74,103,127,99,29,21,6,112" hai2="81,17,62,31,95,16,14,15,20,0,135,89,102" hai3="26,51,58,9,134,64,109,110,113,96,57,100,2"/><V56/><F135/><W68/><G134/><T13/><D132/><U83/><E112/><V36/><F0/><W76/><G76/><T90/><D77/><N who="1" m="44343" /><E29/><V50/><F36/><W93/><G113/><T111/><D111/><N who="3" m="42505" /><G51/><T10/><D65/><U120/><E6/><V69/><F69/><W33/><G68/><T84/><D39/><U115/><E115/><V34/><F34/><W72/><G72/><T38/><D38/><U25/><E120/><V53/><F31/><N who="3" m="19703" /><G64/><T54/><D128/><U133/><E133/><V91/><F81/><W43/><G43/><T104/><D104/><U59/><E59/><V125/><F125/><N who="1" m="48201" /><E83/><V122/><F122/><W7/><AGARI ba="1,0" hai="2,7,9,57,58,93,96,100" m="19703,42505" machi="7" ten="30,1100,0" yaku="14,1" doraHai="126" who="3" fromWho="3" sc="165,-4,200,-4,405,-6,230,14" /><INIT seed="3,0,0,0,4,92" ten="161,196,399,244" oya="3" hai0="96,39,79,38,45,30,78,42,69,110,33,62,0" hai1="102,25,71,117,85,32,105,21,120,124,46,37,44" hai2="55,129,23,87,74,67,6,65,5,53,18,58,48" hai3="132,107,63,50,88,16,41,122,97,118,49,54,86"/><W116/><G122/><T36/><D110/><U108/><E120/><V100/><F74/><W113/><G113/><T115/><D115/><U103/><E108/><V81/><F100/><W94/><G132/><T11/><D79/><U31/><E124/><V9/><F129/><W119/><G41/><T90/><D78/><U3/><E85/><V112/><F55/><W10/><G107/><T61/><D61/><U127/><E127/><V57/><F112/><W95/><G63/><T99/><D90/><U91/><E21/><V2/><F58/><W4/><G54/><T114/><D114/><U128/><E128/><V64/><F6/><W82/><G16/><T130/><D130/><U19/><E19/><V93/><F93/><W84/><G94/><T98/><D11/><U7/><E117/><V29/><F29/><W106/><G106/><T17/><D0/><U89/><E71/><V135/><F135/><W47/><G47/><N who="1" m="17962" /><E37/><V75/><F75/><W125/><G125/><T131/><D17/><U40/><E40/><V101/><F101/><W34/><G34/><T24/><REACH who="0" step="1"/><D131/><REACH who="0" ten="151,196,399,244" step="2"/><U134/><E134/><V28/><F28/><W70/><G119/><T15/><D15/><U26/><E91/><V59/><F18/><W83/><G88/><T14/><D14/><U13/><E89/><V56/><F9/><W52/><G10/><T20/><D20/><U51/><E13/><V12/><F12/><W72/><G118/><T68/><D68/><U8/><E103/><V104/><F2/><W60/><G70/><T73/><D73/><U111/><E102/><V123/><F23/><RYUUKYOKU ba="0,1" sc="151,30,196,-10,399,-10,244,-10" hai0="24,30,33,36,38,39,42,45,62,69,96,98,99" owari="181,-31.9,186,-21.4,399,49.9,234,3.4" /></mjloggm>