<mjloggm ver="2.3"><GO type="225" lobby="0"/><UN n0="%E6%9C%88%E5%B3%B6%E5%9F%BA" n1="%E4%B8%8B%E6%AE%B5%E3%83%81%E3%82%A7%E3%83%AA%E3%83%BC" n2="%E5%B8%86%E7%AB%8B%E5%A4%8F%E8%A1%A3" n3="%E3%81%A4%E3%81%AE%E3%81%A0%E2%98%86%E3%81%B2%E3%82%8D" dan="18,16,17,16" rate="2213.63,2132.50,2224.86,2174.00" sx="M,M,M,M"/><TAIKYOKU oya="0"/><INIT seed="0,0,0,5,4,127" ten="250,250,250,250" oya="0" hai0="100,11,39,106,124,88,69,61,59,48,38,5,97" hai1="92,16,115,22,95,17,101,82,31,32,114,84,122" hai2="1,37,78,15,63,54,99,20,71,30,83,107,13" hai3="64,126,18,104,125,19,21,68,46,110,102,9,81"/><T87/><D48/><U117/><E117/><V128/><F37/><W135/><G110/><T93/><D69/><U108/><E108/><V129/><F1/><W14/><G135/><T8/><D124/><N who="3" m="47721" /><G46/><T49/><D49/><U45/><E122/><V105/><F30/><W96/><G81/><T85/><D85/><U73/><E73/><V75/><F20/><W26/><G64/><T62/><D62/><U2/><E2/><V57/><F71/><AGARI ba="0,0" hai="9,14,18,19,21,26,68,71,96,102,104" m="47721" machi="71" ten="30,1000,0" yaku="18,1" doraHai="127" who="3" fromWho="2" sc="250,0,250,0,250,-10,250,10" /><INIT seed="1,0,0,4,2,24" ten="250,250,240,260" oya="1" hai0="114,47,43,64,69,82,52,51,113,85,101,66,74" hai1="103,125,89,106,96,25,92,84,23,48,28,81,118" hai2="14,115,16,72,38,91,99,42,35,15,131,135,19" hai3="49,127,29,75,1,10,132,61,57,124,36,0,53"/><U5/><E118/><V33/><F72/><W34/><G75/><T65/><D74/><U121/><E121/><V73/><F73/><W20/><G36/><N who="0" m="21991" /><D85/><U62/><E125/><N who="3" m="48202" /><G132/><T59/><D82/><U50/><E5/><V90/><F135/><W98/><G20/><T112/><D101/><U41/><E41/><V63/><F115/><W2/><G98/><T105/><D105/><U87/><REACH who="1" step="1"/><E62/><AGARI ba="0,0" hai="51,52,59,62,64,65,66,69,112,113,114" m="21991" machi="62" ten="30,7700,0" yaku="24,1,34,2,54,1" doraHai="24" who="0" fromWho="1" sc="250,77,250,-77,240,0,260,0" /><INIT seed="2,0,0,4,0,18" ten="327,173,240,260" oya="2" hai0="8,73,60,32,104,1,133,90,10,116,44,84,85" hai1="134,38,83,56,49,78,14,35,17,21,59,2,112" hai2="41,92,45,13,28,61,91,4,36,0,31,62,50" hai3="75,98,135,11,9,108,121,115,58,126,63,12,29"/><V128/><F128/><W124/><G121/><T46/><D73/><U22/><E112/><V103/><F0/><W39/><G115/><T123/><D104/><U42/><E35/><V89/><F36/><W3/><G75/><T47/><D32/><U131/><E2/><V101/><F4/><W93/><G39/><T74/><D74/><U97/><E131/><V52/><F13/><W100/><G108/><T118/><D123/><U102/><E134/><V72/><F72/><W69/><G69/><T23/><D133/><U40/><E38/><V7/><F7/><W57/><G135/><T82/><D1/><U68/><E68/><V109/><F109/><W114/><G114/><T113/><D113/><U64/><E64/><V48/><F41/><W99/><G3/><T67/><D85/><U30/><E83/><V33/><F33/><W5/><G9/><T122/><D23/><N who="1" m="8715" /><E30/><N who="2" m="11307" /><F50/><W87/><G29/><T70/><D122/><U81/><E81/><V6/><F6/><W37/><G37/><T110/><D110/><U120/><E78/><V119/><F119/><AGARI ba="0,0" hai="8,10,44,46,47,60,67,70,82,84,90,116,118,119" machi="119" ten="40,1300,0" yaku="12,1" doraHai="18" who="0" fromWho="2" sc="327,13,173,0,240,-13,260,0" /><INIT seed="3,0,0,1,3,83" ten="340,173,227,260" oya="3" hai0="14,79,121,36,132,81,112,30,24,10,59,20,64" hai1="123,131,135,90,72,114,68,35,42,46,108,88,45" hai2="94,111,17,75,27,82,116,133,99,25,96,127,125" hai3="40,130,8,74,49,129,97,85,78,61,115,52,31"/><W134/><G115/><T98/><D121/><U128/><E35/><V89/><F116/><W28/><G74/><T65/><D36/><U63/><E114/><V22/><F111/><W57/><G134/><T80/><D112/><U0/><E0/><V18/><F133/><W120/><G120/><T29/><D132/><U26/><E123/><V2/><F2/><W5/><G97/><T91/><D30/><U44/><E135/><V126/><F82/><N who="0" m="31850" /><D79/><U110/><E72/><V107/><F75/><W34/><G78/><T95/><D59/><U21/><E42/><V15/><F18/><AGARI ba="0,0" hai="10,14,18,20,24,29,64,65,91,95,98" m="31850" machi="18" ten="30,1000,0" yaku="8,1" doraHai="83" who="0" fromWho="2" sc="340,10,173,0,227,-10,260,0" owari="350,45.0,173,-32.7,217,-18.3,260,6.0" /></mjloggm>