<mjloggm ver="2.3"><GO type="225" lobby="0"/><UN n0="%77%72%77%72%77%72%77%72" n1="%74%75%72%74%6C%65%2E" n2="%E3%81%A4%E3%81%A3%E3%81%B1%E3%82%8A%E3%83%9D%E3%83%BC%E3%83%AB" n3="%E3%81%8B%E3%82%8F%E3%81%A1%E3%82%83%E3%82%93%35%38" dan="17,16,17,16" rate="2167.45,2048.47,2127.81,2138.85" sx="M,M,M,M"/><TAIKYOKU oya="0"/><INIT seed="0,0,0,1,1,5" ten="250,250,250,250" oya="0" hai0="72,64,56,14,17,83,103,78,33,133,106,35,90" hai1="95,128,57,41,7,53,92,46,45,104,8,87,67" hai2="131,1,27,89,77,123,82,68,102,40,13,76,51" hai3="54,105,70,61,32,50,74,107,28,75,18,118,58"/><T55/><D133/><U37/><E104/><V79/><F1/><W101/><G118/><T9/><D64/><U24/><E128/><V115/><F68/><W30/><G18/><T26/><D90/><U71/><E46/><N who="2" m="26055" /><F115/><W84/><G84/><T29/><D103/><U31/><E67/><V130/><F123/><W99/><G28/><T21/><REACH who="0" step="1"/><D106/><REACH who="0" ten="240,250,250,250" step="2"/><U19/><E71/><V122/><F89/><W15/><G107/><T49/><AGARI ba="0,1" hai="9,14,17,21,26,29,33,35,49,55,56,72,78,83" machi="49" ten="20,18000,2" yaku="1,1,2,1,0,1,7,1,52,1,53,1" doraHai="5" doraHaiUra="6" who="0" fromWho="0" sc="240,190,250,-60,250,-60,250,-60" /><INIT seed="0,1,0,4,4,94" ten="430,190,190,190" oya="0" hai0="108,10,81,26,23,41,13,58,67,103,32,77,87" hai1="100,17,61,19,39,63,48,46,47,92,66,125,57" hai2="8,84,101,115,14,135,131,88,52,68,129,69,36" hai3="21,106,55,45,15,40,105,18,102,24,49,7,5"/><T33/><D41/><U60/><E125/><V89/><F115/><W110/><G110/><T64/><D108/><U107/><E107/><V37/><F135/><W12/><G106/><T96/><D32/><U11/><E39/><N who="2" m="14923" /><F101/><W53/><G102/><T98/><D33/><U31/><E31/><V85/><F52/><N who="3" m="20043" /><G105/><T73/><D73/><U70/><E70/><N who="2" m="27243" /><F14/><AGARI ba="1,0" hai="5,7,12,14,15,18,21,24,40,45,49" m="20043" machi="14" ten="30,2000,0" yaku="8,1,54,1" doraHai="94" who="3" fromWho="2" sc="430,0,190,0,190,-23,190,23" /><BYE who="3" /><INIT seed="1,0,0,4,5,27" ten="430,190,167,213" oya="1" hai0="93,50,57,32,91,70,33,82,30,6,78,115,90" hai1="54,127,104,76,49,58,23,97,39,67,73,48,40" hai2="51,60,61,28,129,84,46,56,89,69,21,1,62" hai3="100,19,65,111,131,26,68,47,45,130,18,44,85"/><U95/><E104/><V125/><F1/><UN n3="%E3%81%8B%E3%82%8F%E3%81%A1%E3%82%83%E3%82%93%35%38" /><W105/><G111/><T8/><D70/><U106/><E106/><V98/><F129/><N who="3" m="49163" /><G85/><T110/><D110/><U42/><E39/><V135/><F125/><W38/><G38/><T80/><D115/><U71/><E127/><V83/><F135/><W107/><G26/><T128/><D128/><U108/><E108/><V5/><F69/><W101/><G107/><T34/><D50/><U59/><E71/><V121/><F121/><W132/><G132/><T99/><D57/><U52/><E67/><V29/><F5/><W66/><G105/><T13/><D90/><U41/><E73/><V55/><F21/><W79/><G79/><T72/><REACH who="0" step="1"/><D82/><REACH who="0" ten="420,190,167,213" step="2"/><U114/><E114/><V15/><F15/><W35/><G68/><T118/><D118/><U14/><E76/><V124/><F124/><W86/><G101/><T96/><D96/><U43/><E43/><N who="2" m="25055" /><F98/><W53/><G100/><T102/><D102/><U119/><E119/><V116/><F116/><W88/><G88/><T37/><D37/><U117/><E117/><V12/><F12/><W63/><G45/><T20/><D20/><U17/><REACH who="1" step="1"/><E40/><REACH who="1" ten="420,180,167,213" step="2"/><V4/><F4/><W109/><G109/><T87/><D87/><U133/><E133/><V22/><F22/><W11/><G86/><T94/><D94/><U123/><E123/><V3/><F84/><W25/><G66/><T81/><D81/><U75/><E75/><V7/><F83/><W113/><G65/><T122/><D122/><U134/><E134/><V74/><F74/><W10/><G113/><T120/><D120/><RYUUKYOKU ba="0,2" sc="420,15,180,15,167,-15,213,-15" hai0="6,8,13,30,32,33,34,72,78,80,91,93,99" hai1="14,17,23,41,42,48,49,52,54,58,59,95,97" /><INIT seed="1,1,2,0,0,126" ten="435,195,152,198" oya="1" hai0="112,41,92,128,43,66,34,61,109,6,50,60,47" hai1="132,89,33,81,85,29,78,99,45,70,57,73,39" hai2="65,18,119,133,74,124,106,4,36,37,44,84,21" hai3="27,134,120,79,5,58,76,95,0,101,111,104,115"/><U22/><E70/><V30/><F74/><W23/><G115/><T80/><D112/><U110/><E33/><V98/><F119/><W7/><G104/><T91/><D34/><U100/><E132/><V83/><F124/><W103/><G120/><T3/><D109/><U94/><E110/><V62/><F133/><W108/><G134/><T14/><D3/><U16/><E29/><V53/><F4/><N who="3" m="1611" /><G0/><T10/><D128/><U113/><E113/><V63/><F30/><W116/><G111/><T28/><D28/><U123/><E123/><V56/><F106/><W90/><G58/><N who="0" m="37143" /><D80/><U82/><E57/><V17/><F98/><N who="3" m="57719" /><G116/><T31/><D31/><U42/><E81/><V97/><F97/><W55/><G55/><N who="0" m="30175" /><D61/><U105/><E22/><V40/><F37/><W25/><G108/><T51/><D51/><U88/><REACH who="1" step="1"/><E89/><REACH who="1" ten="435,185,152,198" step="2"/><V102/><F21/><W121/><G121/><T9/><D9/><U32/><E32/><V114/><F114/><W8/><G8/><T64/><D64/><U15/><E15/><V71/><REACH who="2" step="1"/><F102/><REACH who="2" ten="435,185,142,198" step="2"/><N who="3" m="38923" /><G23/><T107/><D10/><U20/><E20/><V122/><F122/><W38/><G25/><T118/><D118/><U135/><E135/><V127/><F127/><W75/><G27/><T24/><D24/><U35/><E35/><V48/><F48/><W52/><G38/><T19/><D14/><U59/><E59/><V46/><F46/><W117/><G117/><T69/><D69/><U93/><E93/><V1/><F1/><W67/><G75/><T87/><D92/><U130/><E130/><V96/><F96/><W129/><G129/><RYUUKYOKU ba="1,4" sc="435,-15,185,15,142,15,198,-15" hai1="16,39,42,45,73,78,82,85,88,94,99,100,105" hai2="17,18,36,40,44,53,56,62,63,65,71,83,84" /><INIT seed="1,2,4,1,0,21" ten="420,200,157,183" oya="1" hai0="12,120,101,44,68,61,67,110,26,38,119,104,84" hai1="56,22,43,118,7,13,100,69,83,135,124,47,3" hai2="114,31,35,15,0,129,98,45,1,127,30,71,73" hai3="65,64,115,96,25,134,36,106,58,88,86,92,102"/><U79/><E118/><V74/><F71/><W48/><G36/><T126/><D119/><U55/><E69/><V66/><F66/><W57/><G115/><T6/><D110/><U50/><E100/><V10/><F114/><W108/><G108/><T14/><D126/><U130/><E124/><V59/><F127/><W20/><G134/><T5/><D120/><U112/><E112/><V8/><F35/><W46/><G64/><T81/><D104/><U131/><E135/><V113/><F113/><W60/><G60/><T53/><D101/><U125/><E125/><V85/><F129/><W93/><G65/><T34/><D5/><U51/><E3/><V28/><F59/><W54/><G106/><T9/><D12/><U4/><E131/><V103/><F85/><W29/><AGARI ba="2,4" hai="20,25,29,46,48,54,57,58,86,88,92,93,96,102" machi="29" ten="20,8000,1" yaku="0,1,7,1,8,1,52,1,54,1" doraHai="21" who="3" fromWho="3" sc="420,-22,200,-42,157,-22,183,126" /><INIT seed="2,0,0,3,0,85" ten="398,158,135,309" oya="2" hai0="96,128,74,50,70,73,124,92,38,37,134,127,132" hai1="10,126,34,5,3,108,31,60,49,101,52,2,84" hai2="81,97,88,89,86,59,122,47,57,1,68,75,42" hai3="28,125,105,23,17,104,29,33,32,35,40,19,4"/><V43/><F122/><W78/><G78/><T133/><D70/><U18/><E126/><N who="0" m="48169" /><D50/><U115/><E115/><V41/><F1/><W79/><G125/><T67/><D67/><U129/><E129/><V27/><F68/><W110/><G79/><T39/><D128/><U123/><E123/><V100/><F75/><W48/><G4/><T26/><D26/><U83/><E60/><V63/><F27/><W12/><G110/><T121/><D121/><U66/><E66/><V36/><F89/><AGARI ba="0,0" hai="37,38,39,73,74,89,92,96,132,133,134" m="48169" machi="89" ten="40,5200,0" yaku="20,1,18,1,52,1" doraHai="85" who="0" fromWho="2" sc="398,52,158,0,135,-52,309,0" /><INIT seed="3,0,0,2,4,25" ten="450,158,83,309" oya="3" hai0="50,106,98,75,13,69,53,107,54,68,51,79,62" hai1="89,45,70,122,77,110,33,101,20,127,18,135,78" hai2="38,112,61,109,7,2,37,105,0,73,111,11,3" hai3="36,80,87,64,100,114,124,1,94,133,29,134,128"/><W132/><G1/><T14/><D75/><U31/><E70/><V42/><F112/><W118/><G36/><T84/><D79/><U5/><E122/><V90/><F90/><W30/><G118/><T119/><D84/><U16/><E135/><N who="3" m="34562" /><W15/><DORA hai="47" /><G114/><T6/><D62/><U88/><E5/><V41/><F105/><W121/><G121/><T57/><D98/><U48/><E101/><V91/><F73/><W26/><G128/><T81/><D81/><U17/><E33/><V85/><F61/><W21/><G124/><T4/><D57/><U71/><E71/><V125/><F125/><W12/><G64/><T22/><D22/><U55/><E127/><V92/><F38/><W34/><G34/><T97/><D97/><U23/><E23/><V117/><F117/><AGARI ba="0,0" hai="4,6,13,14,50,51,53,54,68,69,106,107,117,119" machi="117" ten="25,6400,0" yaku="22,2,52,2" doraHai="25,47" who="0" fromWho="2" sc="450,64,158,0,83,-64,309,0" owari="514,61.4,158,-24.2,19,-48.1,309,10.9" /></mjloggm>