<mjloggm ver="2.3"><GO type="225" lobby="0"/><UN n0="%E3%81%8B%E3%82%8F%E3%81%A1%E3%82%83%E3%82%93%35%38" n1="%E7%99%BD%E5%80%89%E5%AF%9B%E4%B9%8B" n2="%E6%9C%88%E5%B3%B6%E5%9F%BA" n3="%E3%81%AF%E3%82%88%E3%81%8A%E3%81%98%E3%81%95%E3%82%93" dan="16,16,17,17" rate="2205.39,2139.22,2201.61,2201.84" sx="M,M,M,M"/><TAIKYOKU oya="0"/><INIT seed="0,0,0,4,5,69" ten="250,250,250,250" oya="0" hai0="20,83,104,128,7,59,26,71,88,70,113,21,12" hai1="106,55,110,4,96,111,90,99,29,61,8,135,52" hai2="17,125,22,15,97,74,64,73,66,115,92,130,43" hai3="28,120,98,72,33,40,112,38,44,63,31,35,62"/><T124/><D113/><U93/><E135/><V49/><F115/><W27/><G112/><T10/><D104/><U37/><E29/><V131/><F125/><W91/><G72/><N who="2" m="27753" /><F49/><W78/><G78/><T81/><D128/><N who="2" m="49194" /><F43/><W87/><G98/><T82/><D124/><U122/><E122/><V102/><AGARI ba="0,0" hai="15,17,22,64,66,92,97,102" m="49194,27753" machi="102" ten="30,1100,0" yaku="19,1" doraHai="69" who="2" fromWho="2" sc="250,-5,250,-3,250,11,250,-3" /><INIT seed="1,0,0,1,3,65" ten="245,247,261,247" oya="1" hai0="125,69,46,17,7,124,58,79,41,88,19,90,26" hai1="121,18,131,70,61,35,9,40,5,71,92,109,85" hai2="28,112,11,113,34,120,97,59,89,23,107,39,30" hai3="27,8,91,16,42,25,32,105,62,37,74,55,118"/><U77/><E121/><V29/><F39/><W10/><G74/><T20/><D7/><U108/><E35/><V116/><F116/><W68/><G105/><T98/><D79/><U87/><E131/><V15/><F120/><W81/><G118/><T3/><D3/><U14/><E40/><V133/><F34/><W0/><G37/><T80/><D58/><U111/><E61/><V4/><F133/><W132/><G132/><T104/><D17/><U96/><E18/><V24/><F59/><N who="3" m="35199" /><G68/><N who="1" m="26154" /><E77/><V51/><F51/><W130/><G0/><T110/><D69/><U122/><E122/><V128/><F128/><W38/><G130/><T48/><D80/><U33/><E33/><V44/><F44/><W21/><G38/><T86/><D86/><U103/><AGARI ba="0,0" hai="5,9,14,85,87,92,96,103,108,109,111" m="26154" machi="103" ten="40,12000,1" yaku="14,1,10,1,52,3" doraHai="65" who="1" fromWho="1" sc="245,-40,247,120,261,-40,247,-40" /><INIT seed="1,1,0,2,2,135" ten="205,367,221,207" oya="1" hai0="47,45,2,27,94,49,37,99,60,71,46,97,126" hai1="90,79,81,40,14,5,109,52,17,64,11,102,84" hai2="23,103,58,87,3,68,89,22,50,41,119,77,130" hai3="43,128,48,123,13,12,51,63,83,80,9,88,20"/><U59/><E109/><V32/><F119/><W121/><G128/><T70/><D2/><U74/><E40/><V42/><F68/><W86/><G121/><T107/><D107/><U124/><E124/><V104/><F32/><W53/><G123/><T115/><D115/><U33/><E33/><V129/><F3/><W69/><G69/><T96/><D126/><U91/><E64/><V28/><F77/><W92/><G43/><T54/><D70/><U4/><E102/><V114/><F114/><W7/><G63/><T98/><D37/><U66/><E66/><V26/><F23/><W122/><G122/><T110/><D110/><U120/><E120/><V117/><F117/><W35/><G35/><T133/><D133/><U131/><E131/><N who="2" m="50187" /><F103/><W0/><G48/><T82/><D82/><U56/><E56/><V108/><F104/><W93/><G93/><T1/><D1/><U113/><E113/><V21/><F21/><W72/><G72/><T105/><D105/><U19/><E19/><V118/><F118/><W73/><G73/><T25/><D60/><N who="1" m="35943" /><E74/><V16/><F28/><W55/><G55/><T85/><D85/><U36/><E36/><V116/><F116/><W8/><G20/><T29/><D71/><U76/><E76/><V62/><F50/><W95/><G0/><T24/><REACH who="0" step="1"/><D29/><REACH who="0" ten="195,367,221,207" step="2"/><U18/><E81/><N who="2" m="49391" /><F108/><W127/><G83/><T10/><D10/><U125/><E11/><V57/><F62/><W39/><G39/><T6/><D6/><U38/><E4/><V31/><F31/><W111/><G111/><T134/><D134/><U78/><E5/><RYUUKYOKU ba="1,1" sc="195,15,367,-15,221,15,207,-15" hai0="24,25,27,45,46,47,49,54,94,96,97,98,99" hai2="16,22,26,41,42,57,58" /><INIT seed="2,2,1,0,1,32" ten="210,352,236,192" oya="2" hai0="131,23,39,76,95,101,88,49,53,127,52,12,110" hai1="57,113,75,31,107,117,74,7,129,33,20,115,103" hai2="13,25,68,69,58,87,81,47,46,86,83,80,67" hai3="64,56,28,84,100,38,17,72,99,10,132,1,97"/><V85/><F25/><W135/><G72/><T37/><D101/><U66/><E117/><V30/><F30/><W130/><G38/><T29/><D76/><U104/><E129/><V79/><F79/><W114/><G130/><T108/><D131/><U40/><E40/><V102/><F102/><W73/><G73/><T6/><D127/><U82/><E82/><V22/><F68/><W125/><G125/><T0/><D0/><U126/><E7/><V94/><F69/><W9/><G28/><T124/><D124/><U77/><E77/><V93/><F58/><W54/><G64/><T60/><D60/><U134/><E57/><V51/><F67/><W63/><G84/><N who="0" m="52615" /><D6/><U71/><E71/><V105/><F105/><W109/><G109/><N who="0" m="42091" /><D53/><U50/><E103/><V65/><F65/><W45/><G114/><T4/><D4/><U118/><E66/><V62/><F62/><W78/><G78/><T70/><D70/><U61/><E61/><V24/><F83/><W42/><G1/><T91/><D91/><U111/><E126/><V34/><F81/><W43/><G100/><T55/><D55/><U5/><E111/><V122/><F80/><W18/><G63/><T92/><D92/><U106/><E106/><V89/><F93/><W120/><G54/><T27/><D12/><U96/><E107/><V41/><F94/><W128/><G128/><T48/><D48/><U8/><E50/><V16/><F89/><W14/><G14/><T36/><D36/><U123/><E104/><V116/><F13/><W15/><G15/><T11/><D11/><U59/><E8/><RYUUKYOKU ba="2,1" sc="210,30,352,-10,236,-10,192,-10" hai0="23,27,29,37,39,49,52" /><INIT seed="3,3,1,5,3,3" ten="240,342,226,182" oya="3" hai0="131,14,76,70,33,72,116,56,36,89,64,99,17" hai1="13,4,44,40,82,107,52,53,8,120,16,43,100" hai2="30,21,117,75,10,85,108,60,39,94,23,121,129" hai3="106,111,123,87,68,5,90,38,103,92,58,110,101"/><W57/><G123/><T32/><D116/><U18/><E120/><V97/><F117/><W54/><G68/><T122/><D122/><U91/><E107/><V132/><F75/><W125/><G125/><T112/><D36/><U26/><E100/><V105/><F105/><W71/><G71/><T77/><D70/><U35/><E35/><V83/><F39/><W115/><G115/><T51/><D33/><U88/><E53/><V133/><F108/><N who="3" m="41515" /><G38/><T102/><D32/><U130/><E130/><V114/><F129/><W66/><G106/><T81/><D131/><U113/><E113/><V67/><F114/><W98/><G5/><T37/><D37/><U119/><E119/><V84/><F132/><W65/><G57/><T93/><D112/><U95/><E4/><V118/><F133/><W6/><G6/><T128/><D128/><U25/><E18/><V109/><F118/><W80/><G103/><T24/><D56/><U59/><E59/><V69/><F121/><W2/><G2/><T78/><D102/><U7/><E7/><V41/><F109/><W48/><AGARI ba="3,1" hai="48,54,58,65,66,80,87,90,92,98,101" m="41515" machi="48" ten="30,3000,0" yaku="14,1,10,1" doraHai="3" who="3" fromWho="3" sc="240,-13,342,-13,226,-13,182,49" /><INIT seed="3,4,0,4,5,87" ten="227,329,213,231" oya="3" hai0="80,42,43,101,123,79,133,28,107,41,78,39,106" hai1="7,82,62,128,35,14,40,97,60,103,75,50,134" hai2="58,13,83,5,9,16,29,19,26,105,132,25,120" hai3="113,3,115,135,109,100,18,125,65,56,30,4,108"/><W33/><G100/><T112/><D123/><U95/><E35/><V20/><F105/><W77/><G77/><T127/><D39/><U129/><E134/><V66/><F132/><W8/><G135/><T91/><D133/><U36/><E36/><V48/><F120/><W89/><G125/><T126/><D28/><U74/><E82/><V85/><F26/><N who="3" m="18647" /><G89/><T90/><D112/><N who="3" m="43081" /><G56/><T114/><D114/><U27/><E27/><V17/><F29/><W93/><G93/><T64/><D64/><U44/><E62/><N who="2" m="38231" /><F48/><W59/><G59/><T86/><D101/><U12/><E60/><V131/><F131/><N who="1" m="50249" /><E7/><V38/><F38/><W31/><G65/><T1/><D80/><U11/><E11/><V0/><F0/><W6/><G31/><T22/><D127/><U118/><E118/><V51/><F51/><W21/><G6/><T32/><D126/><U84/><E84/><V69/><F69/><W116/><G116/><T37/><D86/><U57/><E57/><V52/><F52/><W61/><G61/><T99/><D37/><U130/><E130/><V76/><AGARI ba="4,0" hai="5,9,13,16,17,19,20,25,76,83,85" m="38231" machi="76" ten="30,2000,0" yaku="8,1,54,1" doraHai="87" who="2" fromWho="2" sc="227,-9,329,-9,213,32,231,-14" owari="218,-18.2,320,42.0,245,4.5,217,-28.3" /></mjloggm>