<mjloggm ver="2.3"><GO type="225" lobby="0"/><UN n0="%E3%83%96%E3%83%83%E3%83%91%E3%82%AA%E3%83%96%E3%83%81%E3%82%AD%E3%83%B3" n1="%72%61%6B%33" n2="%E3%83%8F%E3%83%B3%E3%83%89%E3%83%A9%E3%83%BC%E3%83%BB%E3%83%AF%E3%83%B3" n3="%E3%81%BF%E3%81%BF%E3%81%9A" dan="16,16,17,18" rate="2175.97,2072.78,2235.45,2266.07" sx="M,M,M,M"/><TAIKYOKU oya="0"/><INIT seed="0,0,0,3,3,94" ten="250,250,250,250" oya="0" hai0="78,109,89,18,24,43,39,92,29,124,103,28,96" hai1="123,106,50,63,67,129,5,135,115,6,17,26,62" hai2="127,31,59,37,16,64,35,91,68,54,25,131,108" hai3="95,118,61,99,0,9,60,102,72,76,119,86,81"/><T27/><D124/><U20/><E123/><V36/><F127/><W55/><G0/><T120/><D120/><U30/><E129/><V70/><F131/><W83/><G9/><T33/><D78/><U2/><E135/><V122/><F122/><W125/><G125/><T46/><D109/><U133/><E133/><V77/><F108/><W114/><G114/><T112/><D112/><U84/><E115/><V66/><F77/><W49/><G118/><T111/><D111/><U38/><E38/><V73/><F73/><W11/><G11/><T79/><D79/><U116/><E106/><V104/><F104/><W10/><G10/><T1/><D1/><U40/><E116/><V74/><F74/><W41/><G41/><T32/><REACH who="0" step="1"/><D18/><REACH who="0" ten="240,250,250,250" step="2"/><U12/><E2/><V82/><F16/><W34/><G119/><T110/><D110/><U7/><E7/><V57/><F36/><W93/><G72/><T47/><D47/><U69/><E5/><V85/><F37/><W134/><G134/><T45/><D45/><U52/><E6/><V44/><F44/><N who="3" m="28071" /><G76/><T100/><AGARI ba="0,1" hai="24,27,28,29,32,33,39,43,46,89,92,96,100,103" machi="100" ten="30,11700,0" yaku="1,1,0,1,9,1,52,1,53,0" doraHai="94" doraHaiUra="15" who="0" fromWho="0" sc="240,127,250,-39,250,-39,250,-39" /><INIT seed="0,1,0,4,4,16" ten="367,211,211,211" oya="0" hai0="109,88,34,4,7,59,20,75,14,85,49,86,117" hai1="30,112,18,125,73,57,74,15,111,71,118,132,33" hai2="52,53,35,22,115,11,83,66,96,122,84,68,65" hai3="69,9,106,64,44,12,26,114,76,123,77,31,5"/><T99/><D117/><U25/><E118/><V134/><F35/><W58/><G114/><T23/><D75/><U43/><E71/><V104/><F122/><W61/><G123/><T72/><D72/><U105/><E112/><V36/><F36/><W101/><G44/><T119/><D34/><U3/><E105/><V128/><F115/><W92/><G69/><T47/><D119/><U54/><E111/><V42/><F42/><W19/><G106/><T110/><D59/><U46/><E3/><V79/><F11/><W103/><G5/><N who="0" m="2123" /><D14/><U81/><E81/><V135/><F128/><W1/><G1/><T82/><D99/><U102/><E102/><V67/><F68/><W127/><G127/><T10/><D10/><U51/><E132/><N who="2" m="50731" /><F22/><N who="3" m="15831" /><G103/><AGARI ba="1,0" hai="52,53,65,66,67,79,83,84,96,103,104" m="50731" machi="103" ten="30,2000,0" yaku="20,1,54,1" doraHai="16" who="2" fromWho="3" sc="367,0,211,0,211,23,211,-23" /><INIT seed="1,0,0,3,3,83" ten="367,211,234,188" oya="1" hai0="86,25,109,104,101,102,106,49,72,110,21,22,112" hai1="40,59,96,87,82,13,5,133,18,120,88,33,79" hai2="89,130,74,125,66,9,16,65,64,14,23,51,56" hai3="53,34,71,95,54,127,26,69,63,100,99,114,44"/><U62/><E133/><V118/><F118/><W73/><G114/><T126/><D112/><U0/><E120/><V52/><F74/><W92/><G127/><T123/><D72/><U97/><E33/><V28/><F125/><W77/><G73/><T90/><D126/><U128/><E128/><V41/><F130/><W58/><G77/><T122/><D49/><U61/><E40/><V50/><F89/><W98/><G34/><T105/><D25/><U8/><E79/><V35/><F35/><W76/><G76/><T1/><D1/><U24/><E24/><N who="2" m="16415" /><F41/><W19/><G44/><T81/><D21/><U43/><E43/><V124/><F124/><W57/><G19/><T45/><D22/><U6/><E61/><AGARI ba="0,0" hai="9,14,16,50,51,52,56,61,64,65,66" m="16415" machi="61" ten="30,3900,0" yaku="8,1,54,2" doraHai="83" who="2" fromWho="1" sc="367,0,211,-39,234,39,188,0" /><INIT seed="2,0,0,5,3,75" ten="367,172,273,188" oya="2" hai0="14,129,115,83,79,90,77,109,48,4,10,37,87" hai1="55,100,111,72,106,82,105,6,71,97,121,34,44" hai2="53,116,65,30,64,131,78,74,19,66,17,133,94" hai3="40,101,126,124,123,12,128,81,88,21,18,70,119"/><V135/><F116/><W68/><G123/><T127/><D37/><U0/><E121/><V76/><F74/><W49/><G119/><T47/><D115/><U112/><E112/><V2/><F2/><W9/><G101/><T15/><D109/><U23/><E55/><V120/><F120/><W16/><G128/><T25/><D127/><N who="3" m="48681" /><G49/><T130/><D25/><U39/><E23/><V42/><F42/><W52/><G40/><T104/><D104/><N who="1" m="40043" /><E111/><V122/><F122/><W50/><G81/><T58/><D58/><U102/><E34/><V134/><F131/><N who="0" m="50186" /><D15/><U118/><E71/><V46/><F30/><W3/><G88/><T28/><D28/><U93/><E102/><V132/><N who="2" m="33792" /><DORA hai="38" /><V24/><F94/><W27/><G3/><T80/><D80/><U51/><E82/><V57/><F46/><AGARI ba="0,0" hai="9,12,16,18,21,27,46,50,52,68,70" m="48681" machi="46" ten="30,3900,0" yaku="18,1,54,2" doraHai="75,38" who="3" fromWho="2" sc="367,0,172,0,273,-39,188,39" /><INIT seed="3,0,0,4,0,87" ten="367,172,234,227" oya="3" hai0="42,132,80,38,65,93,127,4,118,17,46,91,21" hai1="13,1,113,104,16,115,51,106,94,98,36,7,75" hai2="22,66,35,105,107,71,109,70,83,14,6,29,129" hai3="12,15,48,43,34,88,116,47,114,100,130,111,10"/><W60/><G116/><T24/><D127/><U57/><E36/><V45/><F35/><W31/><G114/><T64/><D118/><U33/><E75/><V128/><F109/><W63/><G100/><T124/><D124/><U133/><E33/><V32/><F32/><W122/><G122/><T11/><D132/><U125/><E125/><V41/><F83/><W25/><G111/><T99/><D80/><U67/><E133/><V39/><F66/><W18/><G130/><N who="2" m="50281" /><F6/><W37/><G37/><T9/><D9/><U101/><E1/><AGARI ba="0,0" hai="1,4,11,17,21,24,38,42,46,64,65,91,93,99" machi="1" ten="30,2000,0" yaku="7,1,52,1" doraHai="87" who="0" fromWho="1" sc="367,20,172,-20,234,0,227,0" owari="387,48.7,152,-34.8,234,3.4,227,-17.3" /></mjloggm>