<mjloggm ver="2.3"><GO type="225" lobby="0"/><UN n0="%E5%B6%BA%E4%B8%8A%E5%92%B2" n1="%E6%98%93%E5%88%A9%E8%96%A9%E4%BC%AF" n2="%E3%81%A4%E3%81%A3%E3%81%B1%E3%82%8A%E3%83%9D%E3%83%BC%E3%83%AB" n3="%E3%83%B4%E3%83%A0%EF%BC%99%E3%81%A6" dan="16,17,17,16" rate="2110.60,2137.31,2113.71,2173.37" sx="F,F,M,M"/><TAIKYOKU oya="0"/><INIT seed="0,0,0,5,3,110" ten="250,250,250,250" oya="0" hai0="112,74,93,106,130,135,114,82,17,44,116,104,63" hai1="55,0,100,41,62,33,124,94,59,98,36,68,28" hai2="39,51,101,37,46,83,16,71,67,42,77,19,48" hai3="121,2,88,3,26,127,117,78,131,6,80,15,91"/><T65/><D116/><U111/><E111/><V38/><F101/><W81/><G117/><T47/><D130/><U107/><E124/><V133/><F133/><W128/><G127/><T23/><D135/><U60/><E0/><V35/><F35/><W119/><G119/><T96/><D47/><U13/><E36/><V87/><REACH who="2" step="1"/><F51/><REACH who="2" ten="250,250,240,250" step="2"/><W21/><G128/><T8/><D104/><U86/><E33/><V85/><F85/><W20/><G131/><T72/><D106/><U18/><E86/><V123/><F123/><W109/><G121/><T34/><D34/><U125/><E107/><V56/><F56/><W66/><G109/><T113/><D74/><U43/><E125/><V126/><F126/><W31/><G2/><T95/><D72/><U89/><E100/><V29/><F29/><W103/><G3/><T122/><D122/><U102/><E102/><V25/><F25/><W11/><G103/><T118/><D118/><U108/><E28/><V115/><F115/><W132/><G132/><T1/><D44/><U84/><E84/><V40/><F40/><W24/><G24/><T12/><D82/><U79/><E108/><V99/><F99/><W4/><G80/><T69/><REACH who="0" step="1"/><D96/><REACH who="0" ten="240,250,240,250" step="2"/><U73/><E73/><V50/><F50/><W120/><G120/><T97/><D97/><U9/><E98/><V70/><F70/><W45/><G81/><T134/><D134/><U32/><E68/><V92/><F92/><W61/><G45/><T5/><AGARI ba="0,2" hai="1,5,8,12,17,23,63,65,69,93,95,112,113,114" machi="5" ten="40,12000,1" yaku="1,1,0,1,52,3,53,0" doraHai="110" doraHaiUra="27" who="0" fromWho="0" sc="240,140,250,-40,240,-40,250,-40" /><INIT seed="0,1,0,5,2,0" ten="380,210,200,210" oya="0" hai0="60,68,128,13,82,27,49,6,115,21,102,63,88" hai1="80,84,64,112,19,2,4,24,53,15,119,109,69" hai2="31,12,56,122,116,83,124,104,33,36,48,9,40" hai3="30,52,45,75,67,74,55,77,37,5,41,131,132"/><T107/><D115/><U23/><E112/><V50/><F122/><W121/><G30/><T117/><D117/><U93/><E119/><V28/><F116/><W108/><G121/><T71/><D128/><U126/><E109/><V92/><F104/><W46/><G108/><T43/><D71/><U89/><E126/><V58/><F124/><W120/><G120/><T7/><D102/><U110/><E110/><V103/><F36/><W17/><G17/><N who="0" m="12719" /><D107/><U111/><E111/><V135/><F135/><W72/><G132/><T105/><D105/><U96/><E2/><V94/><F83/><N who="3" m="45479" /><G67/><T34/><D34/><U118/><E118/><V44/><F33/><W127/><G127/><T18/><D68/><U114/><E114/><V86/><F103/><W65/><G65/><T106/><D106/><U26/><E4/><N who="0" m="1577" /><D49/><U81/><E64/><V39/><F50/><W1/><G131/><T32/><D43/><U62/><E69/><V70/><F70/><W130/><G130/><T57/><D32/><U11/><E11/><V10/><F10/><N who="3" m="2351" /><G74/><T113/><D113/><U42/><E42/><V14/><F9/><W73/><G73/><T78/><D78/><U98/><E62/><N who="0" m="23593" /><D57/><U100/><E53/><N who="3" m="20554" /><G75/><T29/><D29/><N who="2" m="11338" /><F39/><W90/><G45/><T99/><D82/><U16/><E81/><V129/><F129/><W3/><G3/><T95/><D18/><U35/><E35/><V20/><F58/><W51/><G51/><T59/><D59/><U54/><E54/><V123/><F56/><W38/><G37/><T87/><D13/><N who="2" m="5226" /><F123/><W22/><G22/><T61/><D61/><RYUUKYOKU ba="1,0" sc="380,15,210,-15,200,-15,210,15" hai0="87,88,95,99" hai3="38,41,46,90" /><INIT seed="0,2,0,5,3,125" ten="395,195,185,225" oya="0" hai0="80,70,97,24,82,108,5,2,110,8,95,29,55" hai1="35,66,131,28,99,81,63,119,50,102,79,133,78" hai2="92,62,19,12,56,123,10,36,49,126,27,73,45" hai3="30,44,111,101,16,67,9,47,134,46,122,59,14"/><T41/><D70/><U75/><E119/><V93/><F123/><W104/><G122/><T39/><D55/><U43/><E133/><V48/><F126/><W34/><G134/><T72/><D82/><U6/><E6/><V100/><F73/><W11/><G111/><N who="0" m="42539" /><D97/><U17/><E79/><V21/><F36/><W115/><G115/><T1/><D95/><N who="2" m="36426" /><F100/><W20/><G67/><T58/><D58/><U106/><E17/><N who="2" m="12719" /><F45/><W88/><G88/><T130/><D130/><U128/><E50/><V37/><F37/><W13/><G59/><T94/><D94/><U85/><E85/><V4/><F4/><W114/><G114/><T84/><D84/><U121/><E43/><V103/><F103/><W40/><G40/><T51/><D51/><U15/><E15/><V53/><AGARI ba="2,0" hai="10,12,19,48,49,53,56,62" m="12719,36426" machi="53" ten="30,1100,0" yaku="8,1" doraHai="125" who="2" fromWho="2" sc="395,-7,195,-5,185,17,225,-5" /><INIT seed="1,0,0,5,2,44" ten="388,190,202,220" oya="1" hai0="20,38,105,40,68,135,16,13,90,123,48,29,102" hai1="58,32,89,94,31,49,106,81,80,35,131,9,87" hai2="119,69,116,30,107,39,15,26,3,25,42,78,5" hai3="37,41,72,103,132,96,88,57,14,117,46,43,4"/><U91/><E106/><V100/><F26/><W6/><G72/><T18/><D68/><U36/><E36/><V120/><F15/><W122/><G122/><T86/><D38/><U110/><E131/><V28/><F28/><W19/><G43/><T127/><D135/><U104/><E104/><V114/><F120/><W118/><G132/><T23/><D127/><U8/><E110/><V70/><F78/><W115/><G57/><T47/><D123/><U98/><E80/><V74/><F74/><W63/><G63/><T128/><D128/><U133/><E133/><V73/><F73/><W54/><G54/><T125/><D125/><U71/><E71/><N who="2" m="27147" /><F114/><W85/><G115/><T51/><D29/><U134/><E134/><V92/><F92/><N who="3" m="54287" /><G96/><T59/><D105/><U109/><E109/><V84/><F84/><W99/><G99/><T10/><D102/><U111/><E111/><V56/><F56/><W1/><G1/><T55/><D18/><U27/><REACH who="1" step="1"/><E35/><REACH who="1" ten="388,180,202,220" step="2"/><N who="2" m="20943" /><F107/><W24/><G37/><T2/><D2/><U65/><E65/><V33/><F33/><W34/><G34/><T62/><D62/><U53/><AGARI ba="0,1" hai="8,9,27,31,32,49,53,58,81,87,89,91,94,98" machi="53" ten="30,6000,0" yaku="1,1,0,1,52,1,53,0" doraHai="44" doraHaiUra="64" who="1" fromWho="1" sc="388,-20,180,70,202,-20,220,-20" /><INIT seed="1,1,0,2,5,100" ten="368,250,182,200" oya="1" hai0="71,19,8,49,33,131,48,69,1,38,16,14,35" hai1="27,76,32,58,102,44,132,91,56,2,96,70,117" hai2="107,67,79,116,11,98,77,95,53,34,128,126,63" hai3="23,13,65,114,133,39,17,87,85,52,88,74,109"/><U66/><E117/><V29/><F116/><W4/><G114/><T5/><D38/><U18/><E2/><V124/><F128/><W101/><G74/><T47/><D131/><U75/><E132/><V118/><F118/><W42/><G133/><T12/><D1/><U123/><E123/><V80/><F11/><W119/><G119/><T62/><D5/><U6/><E6/><V93/><F53/><W24/><G65/><T97/><D97/><U127/><E91/><V111/><F111/><W31/><G109/><T28/><D28/><N who="1" m="19487" /><E18/><V110/><F110/><W26/><G101/><T84/><D84/><U9/><E44/><V51/><F51/><W105/><G105/><T73/><D73/><U120/><E9/><V37/><F37/><W113/><G113/><T130/><D130/><U90/><E90/><V86/><F79/><W81/><G4/><T94/><D94/><U41/><E41/><V83/><F83/><N who="3" m="49215" /><G39/><T72/><D72/><U36/><E120/><V68/><F29/><W10/><G42/><T30/><D30/><U54/><E54/><V64/><F34/><W99/><G99/><T82/><D82/><N who="1" m="45343" /><E127/><N who="2" m="48683" /><F64/><W25/><G52/><T134/><D134/><U40/><E40/><V103/><AGARI ba="1,0" hai="63,67,68,77,80,86,93,95,98,103,107" m="48683" machi="103" ten="30,2000,0" yaku="18,1,52,1" doraHai="100" who="2" fromWho="2" sc="368,-6,250,-11,182,23,200,-6" /><INIT seed="2,0,0,4,5,13" ten="362,239,205,194" oya="2" hai0="114,6,49,32,36,100,27,95,24,3,81,117,30" hai1="64,47,68,71,69,42,109,59,8,78,18,11,52" hai2="92,106,98,2,28,22,61,77,110,46,66,56,122" hai3="79,129,26,0,89,51,82,111,39,128,107,9,65"/><V113/><F113/><W80/><G39/><T102/><D114/><U31/><E31/><V120/><F106/><W1/><G107/><T7/><D36/><N who="1" m="21959" /><E78/><V16/><F2/><W131/><G111/><T132/><D132/><U45/><E109/><V112/><F112/><W119/><G119/><T123/><D123/><U126/><E11/><V124/><F110/><W34/><G65/><T14/><D81/><U43/><E8/><V101/><F124/><W84/><G51/><T15/><D6/><U54/><E18/><V37/><F77/><W99/><G9/><T33/><D3/><U70/><E126/><V97/><F97/><W116/><G116/><T76/><D49/><N who="1" m="26815" /><E71/><V50/><F37/><W72/><REACH who="3" step="1"/><G99/><REACH who="3" ten="362,239,205,184" step="2"/><T12/><D117/><U57/><E64/><V40/><F28/><AGARI ba="0,1" hai="0,1,26,28,34,72,79,80,82,84,89,128,129,131" machi="28" ten="40,5200,0" yaku="1,1,2,1,19,1,53,0" doraHai="13" doraHaiUra="48" who="3" fromWho="2" sc="362,0,239,0,205,-52,184,62" /><INIT seed="3,0,0,2,0,10" ten="362,239,153,246" oya="3" hai0="64,24,124,127,68,59,129,49,84,63,1,88,29" hai1="103,128,5,61,19,51,87,83,123,113,110,27,93" hai2="54,15,118,44,74,17,114,22,130,11,75,53,117" hai3="26,9,109,50,108,20,3,106,97,0,112,52,28"/><W6/><G112/><T115/><D115/><U47/><E123/><V13/><F114/><W78/><G78/><T35/><D1/><U92/><E110/><N who="3" m="42602" /><G97/><T89/><D129/><U132/><E132/><V133/><F133/><W70/><G70/><T71/><D89/><U21/><E128/><V7/><F130/><W81/><G81/><N who="0" m="49167" /><D49/><U120/><E120/><V39/><F39/><W12/><G106/><T45/><D45/><AGARI ba="0,0" hai="0,3,6,9,12,20,26,28,45,50,52" m="42602" machi="45" ten="30,11600,0" yaku="14,1,10,1,52,1,54,1" doraHai="10" who="3" fromWho="0" sc="362,-116,239,0,153,0,246,116" owari="246,4.6,239,-16.1,153,-34.7,362,46.2" /></mjloggm>