<mjloggm ver="2.3"><GO type="225" lobby="0"/><UN n0="%E3%82%BC%E3%83%AB%E3%83%80%E3%81%AE%E4%BC%9D%E8%AA%AC" n1="%E3%81%8B%E3%82%8F%E3%81%A1%E3%82%83%E3%82%93%35%38" n2="%E7%99%BD%E5%80%89%E5%AF%9B%E4%B9%8B" n3="%E3%81%AF%E3%82%88%E3%81%8A%E3%81%98%E3%81%95%E3%82%93" dan="17,16,16,17" rate="2125.80,2192.45,2160.94,2204.33" sx="M,M,M,M"/><TAIKYOKU oya="0"/><INIT seed="0,0,0,2,2,98" ten="250,250,250,250" oya="0" hai0="9,74,21,35,114,117,13,95,108,134,11,133,68" hai1="64,126,24,116,115,118,43,102,2,36,84,40,27" hai2="80,130,32,44,41,59,69,79,12,19,26,60,86" hai3="103,75,85,107,15,31,94,129,48,17,10,124,92"/><T67/><D74/><U55/><E2/><V25/><F69/><W83/><G124/><T112/><D68/><U121/><E64/><V81/><F130/><W61/><G129/><T58/><D95/><U132/><E84/><V77/><F32/><W111/><G111/><T127/><D67/><U109/><E36/><V65/><F80/><W101/><G107/><T90/><D90/><U131/><E109/><V8/><REACH who="2" step="1"/><F79/><REACH who="2" ten="250,250,240,250" step="2"/><W29/><G83/><T123/><D35/><U97/><E131/><V3/><F3/><W57/><G31/><T39/><D108/><U18/><E126/><V63/><F63/><W52/><G29/><T56/><D127/><U50/><E118/><V53/><F53/><N who="3" m="33967" /><G75/><T42/><D117/><U73/><E116/><V34/><F34/><W128/><G128/><T62/><D62/><U38/><E73/><V119/><F119/><W120/><G120/><T49/><D123/><U1/><E1/><V110/><F110/><W23/><G23/><T82/><D82/><U37/><E121/><V88/><F88/><N who="3" m="53263" /><G94/><T0/><D0/><U47/><E115/><V46/><F46/><AGARI ba="0,1" hai="10,15,17,46,48,52,101,103" m="53263,33967" machi="46" ten="30,8000,1" yaku="8,1,52,2,54,2" doraHai="98" who="3" fromWho="2" sc="250,0,250,0,240,-80,250,90" /><INIT seed="1,0,0,0,2,24" ten="250,250,160,340" oya="1" hai0="55,70,9,15,97,4,41,53,65,8,120,122,40" hai1="69,116,93,48,33,23,83,58,84,67,50,73,103" hai2="47,25,105,94,60,17,32,128,56,10,54,85,38" hai3="108,132,37,92,86,27,44,61,2,13,72,76,12"/><U5/><E33/><V0/><F105/><W82/><G2/><T34/><D34/><U79/><E116/><V42/><F128/><W113/><G113/><T134/><D134/><U14/><E69/><V81/><F94/><W129/><G132/><T78/><D78/><U98/><E73/><V133/><F133/><W121/><G121/><N who="0" m="46699" /><D97/><U29/><E5/><V117/><F117/><W111/><G129/><T30/><D30/><U90/><E79/><V102/><F102/><W112/><G112/><T46/><D8/><U59/><E14/><V31/><F17/><W110/><G61/><N who="0" m="40239" /><D41/><U88/><E90/><V126/><F126/><W106/><G106/><T95/><D95/><U19/><E19/><V49/><F10/><W36/><G27/><T62/><D62/><N who="1" m="38359" /><E59/><V99/><F99/><W11/><G13/><T22/><D22/><U130/><E130/><V125/><F125/><W80/><G92/><T77/><D77/><U52/><E52/><V107/><F107/><W118/><G118/><T96/><D96/><U68/><E68/><V71/><F0/><W45/><G82/><T114/><D114/><U123/><E123/><V100/><F100/><W35/><G35/><T101/><D101/><U16/><E16/><V119/><F119/><W39/><G72/><T75/><D75/><U131/><E131/><V104/><F104/><W63/><G63/><T87/><D87/><U66/><E66/><N who="2" m="41415" /><F85/><W20/><G20/><T57/><D57/><U109/><E109/><V26/><F26/><AGARI ba="0,0" hai="23,26,29,48,50,83,84,88,93,98,103" m="38359" machi="26" ten="30,11600,0" yaku="25,1,8,1,52,1,54,1" doraHai="24" who="1" fromWho="2" sc="250,0,250,116,160,-116,340,0" /><INIT seed="1,1,0,4,5,54" ten="250,366,44,340" oya="1" hai0="44,32,119,62,8,0,7,50,114,82,43,115,130" hai1="46,123,14,60,61,23,17,59,109,22,76,106,67" hai2="30,94,120,78,72,24,12,38,10,28,36,66,86" hai3="21,90,49,25,118,107,13,110,97,19,11,35,45"/><U116/><E116/><V18/><F120/><W103/><G110/><T5/><D119/><U91/><E123/><V84/><F72/><W111/><G111/><T63/><D32/><U77/><E109/><V88/><F66/><W73/><G118/><T122/><D122/><U47/><E106/><V133/><F133/><W89/><G73/><T4/><D130/><U92/><E61/><V31/><F38/><W65/><G35/><T117/><D117/><U99/><REACH who="1" step="1"/><E23/><REACH who="1" ten="250,356,44,340" step="2"/><N who="2" m="15391" /><F36/><W93/><G107/><T27/><D63/><U64/><E64/><V55/><F55/><N who="3" m="30127" /><G65/><T56/><D62/><U134/><E134/><V1/><F1/><W15/><G15/><T40/><D0/><U83/><E83/><AGARI ba="1,1" hai="10,12,18,30,31,78,83,84,86,88,94" m="15391" machi="83" ten="30,2000,0" yaku="8,1,54,1" doraHai="54" who="2" fromWho="1" sc="250,0,356,-23,44,33,340,0" /><INIT seed="2,0,0,5,1,105" ten="250,333,77,340" oya="2" hai0="45,60,32,91,96,31,130,65,23,39,89,25,15" hai1="99,86,42,92,125,85,58,6,108,101,124,3,111" hai2="122,70,7,12,26,27,102,132,81,126,78,84,88" hai3="75,59,95,2,22,69,107,41,94,97,43,71,98"/><V90/><F70/><W50/><G107/><T68/><D130/><U133/><E42/><V4/><F122/><W57/><G2/><T77/><D77/><U47/><E47/><V35/><F126/><N who="1" m="48745" /><E133/><V127/><F132/><W116/><G22/><T103/><D39/><U52/><E6/><N who="2" m="2091" /><F35/><W82/><G50/><T119/><D45/><U74/><E74/><V29/><F127/><W110/><G82/><T40/><D40/><U9/><E9/><V46/><F102/><W13/><G13/><T118/><D15/><U17/><E17/><V67/><F67/><W129/><G110/><N who="1" m="42026" /><E3/><V80/><F29/><W24/><G24/><N who="2" m="9257" /><F80/><W73/><REACH who="3" step="1"/><G116/><REACH who="3" ten="250,333,77,330" step="2"/><N who="0" m="44587" /><D23/><U37/><E37/><V123/><F123/><W18/><G18/><T53/><D25/><U93/><E93/><V38/><F38/><W113/><G113/><T64/><D31/><U121/><E121/><V30/><F30/><W117/><G117/><T51/><D32/><U14/><E14/><V120/><F120/><W33/><G33/><T115/><D115/><U20/><E20/><V34/><F34/><W83/><G83/><T72/><D68/><U114/><E114/><V55/><F12/><W54/><G54/><T131/><D53/><U10/><E10/><V36/><F36/><W79/><G79/><T21/><D21/><U56/><E56/><V76/><F76/><W112/><G112/><T48/><D65/><U63/><AGARI ba="0,1" hai="52,58,63,85,86,92,99,101" m="42026,48745" machi="63" ten="30,4000,0" yaku="18,1,14,1,54,1" doraHai="105" who="1" fromWho="1" sc="250,-10,333,50,77,-20,330,-10" /><INIT seed="3,0,0,4,3,64" ten="240,383,57,320" oya="3" hai0="108,41,65,102,54,44,63,15,70,66,114,19,100" hai1="86,6,90,8,119,55,0,33,113,124,127,52,98" hai2="25,99,9,18,81,80,109,20,96,103,22,17,84" hai3="106,58,120,79,131,101,135,30,1,125,49,130,13"/><W10/><G120/><T122/><D122/><U73/><E73/><V107/><F109/><W4/><G125/><N who="1" m="48202" /><E113/><V68/><F9/><W12/><G135/><T110/><D100/><U87/><E33/><V51/><F51/><W71/><G30/><T35/><D102/><U67/><E67/><V91/><F103/><W115/><G79/><T2/><D2/><U7/><E7/><V89/><F107/><W48/><G115/><T111/><D35/><U93/><E119/><V16/><F18/><W112/><G112/><T59/><D114/><U46/><E46/><V47/><F47/><W74/><G74/><T72/><D72/><U14/><E14/><N who="3" m="5738" /><G58/><T40/><D66/><U76/><E76/><V37/><F37/><W121/><G121/><T83/><D83/><U29/><E29/><V82/><F82/><W34/><G34/><T5/><D5/><U60/><E60/><V28/><F28/><W133/><G133/><T105/><D105/><U78/><E78/><V31/><F31/><W77/><G77/><T62/><REACH who="0" step="1"/><D44/><REACH who="0" ten="230,383,57,320" step="2"/><U126/><E126/><V24/><REACH who="2" step="1"/><F68/><REACH who="2" ten="230,383,47,320" step="2"/><W53/><G71/><T23/><AGARI ba="0,2" hai="15,19,23,40,41,54,59,62,63,65,70,108,110,111" machi="23" ten="30,8000,1" yaku="1,1,2,1,0,1,14,1,52,1,53,0" doraHai="64" doraHaiUra="69" who="0" fromWho="0" sc="230,100,383,-20,47,-20,320,-40" owari="330,13.0,363,46.3,27,-47.3,280,-12.0" /></mjloggm>