<mjloggm ver="2.3"><GO type="225" lobby="0"/><UN n0="%E5%91%A8%E6%9D%B1" n1="%E3%83%81%E3%83%83%E3%82%BF%E3%82%BD%E3%83%BC" n2="%E3%81%8B%E3%82%8F%E3%81%A1%E3%82%83%E3%82%93%35%38" n3="%E4%B8%8B%E4%BA%95%E8%8D%89" dan="17,16,16,16" rate="2174.89,2099.57,2104.96,2147.56" sx="M,F,M,M"/><TAIKYOKU oya="0"/><INIT seed="0,0,0,1,4,56" ten="250,250,250,250" oya="0" hai0="45,52,29,79,40,50,42,36,85,7,17,93,131" hai1="68,95,80,30,12,19,76,69,99,106,84,124,103" hai2="78,86,132,90,5,118,23,15,94,8,57,14,46" hai3="51,108,6,102,3,135,27,110,33,34,22,111,10"/><T134/><D131/><U83/><E124/><V74/><F132/><W60/><G102/><T31/><D134/><U122/><E122/><V70/><F70/><W0/><G135/><T25/><D7/><U20/><E30/><V48/><F118/><W47/><G0/><T117/><D117/><U54/><E106/><V18/><F74/><W58/><G51/><T130/><D130/><U37/><E37/><V120/><F120/><W125/><G47/><T81/><D93/><U100/><E100/><V62/><F78/><W53/><REACH who="3" step="1"/><G125/><REACH who="3" ten="250,250,250,240" step="2"/><T35/><D36/><U21/><E103/><V67/><F48/><W13/><G13/><T75/><D75/><U104/><E12/><V38/><F38/><W123/><G123/><T116/><D116/><U59/><E104/><V39/><F39/><W92/><G92/><T72/><D72/><U49/><E95/><V41/><F41/><W101/><G101/><T112/><D112/><U98/><E49/><V32/><F32/><W119/><G119/><T96/><D40/><U121/><E121/><V115/><F115/><W2/><G2/><T105/><D42/><U133/><E133/><V61/><F46/><W77/><G77/><T82/><D79/><U1/><E76/><V127/><F127/><W113/><G113/><T73/><D73/><U97/><E1/><V114/><F114/><W109/><N who="3" m="27648" /><DORA hai="65" /><W55/><G55/><T63/><D52/><U126/><E54/><V11/><F62/><W71/><G71/><T28/><D63/><U89/><E126/><V64/><F11/><W91/><G91/><N who="0" m="51631" /><D50/><U128/><E69/><RYUUKYOKU ba="0,1" sc="250,-15,250,-15,250,15,240,15" hai2="5,8,14,15,18,23,57,61,64,67,86,90,94" hai3="3,6,10,22,27,33,34,53,58,60" /><INIT seed="1,1,1,1,1,63" ten="235,235,265,255" oya="1" hai0="53,110,103,120,8,92,135,96,30,94,83,98,105" hai1="47,90,32,41,86,60,37,21,100,5,19,55,28" hai2="95,26,128,4,77,93,114,97,130,36,34,125,88" hai3="16,109,131,46,17,45,25,91,132,42,65,52,73"/><U12/><E100/><V99/><F36/><W58/><G73/><T123/><D30/><U10/><E32/><V48/><F4/><W40/><G109/><T69/><D69/><U2/><E28/><N who="2" m="19735" /><F77/><W57/><G132/><T24/><D24/><U76/><E76/><V85/><F125/><W82/><G131/><N who="2" m="50217" /><F114/><W59/><G25/><T3/><D110/><U117/><E117/><V44/><F95/><W78/><G78/><T18/><D135/><U11/><E11/><V122/><F122/><N who="0" m="46634" /><D98/><U33/><E33/><V84/><F99/><W49/><G91/><T106/><D94/><U39/><E37/><V68/><F68/><W71/><G82/><T129/><D83/><U7/><E7/><V1/><F1/><W79/><G79/><T54/><D129/><U108/><E108/><V115/><F115/><W51/><G17/><T102/><D102/><U112/><E112/><V107/><F107/><N who="0" m="40970" /><D3/><U64/><E86/><V22/><F22/><W118/><G16/><T80/><D80/><U29/><E29/><V62/><F62/><N who="3" m="40375" /><G118/><T35/><D35/><U104/><E104/><V13/><F13/><AGARI ba="1,1" hai="8,13,18,53,54,92,96,103" m="40970,46634" machi="13" ten="30,1000,0" yaku="13,1" doraHai="63" who="0" fromWho="2" sc="235,23,235,0,265,-13,255,0" /><INIT seed="2,0,0,1,4,6" ten="258,235,252,255" oya="2" hai0="20,68,66,130,2,15,78,88,45,51,133,65,84" hai1="86,70,102,10,103,100,8,131,71,83,122,110,25" hai2="46,12,81,112,59,42,85,126,33,123,104,132,57" hai3="105,73,92,48,53,76,4,106,75,128,119,24,129"/><V127/><F112/><W47/><G119/><T61/><D133/><U17/><E110/><V98/><F33/><W69/><G69/><T114/><D130/><N who="3" m="50281" /><G92/><T16/><D114/><U91/><E131/><V7/><F123/><W115/><G115/><T30/><D66/><U56/><E122/><V101/><F132/><W40/><G24/><T63/><D2/><U18/><E70/><V135/><F135/><W3/><G53/><T89/><D63/><U0/><E71/><V55/><F12/><W96/><G96/><T36/><D36/><U5/><E25/><V52/><F7/><W109/><G109/><T32/><D30/><U19/><REACH who="1" step="1"/><E56/><REACH who="1" ten="258,225,252,255" step="2"/><V134/><F134/><W13/><G3/><T117/><D117/><U35/><E35/><V72/><F57/><W82/><G73/><T37/><D32/><U77/><E77/><V108/><F72/><W121/><G121/><T31/><D31/><U64/><E64/><V62/><F108/><W79/><G79/><T111/><D111/><U11/><AGARI ba="0,1" hai="0,5,8,10,11,17,18,19,83,86,91,100,102,103" machi="11" ten="40,8000,1" yaku="1,1,0,1,52,3,53,0" doraHai="6" doraHaiUra="107" who="1" fromWho="1" sc="258,-20,225,90,252,-40,255,-20" /><INIT seed="3,0,0,0,0,86" ten="238,315,212,235" oya="3" hai0="37,77,88,59,29,3,22,4,98,90,49,13,115" hai1="42,65,105,11,134,111,63,62,95,97,123,61,102" hai2="113,38,132,80,110,52,5,117,31,56,54,36,108" hai3="51,66,1,50,2,131,33,112,104,119,87,12,101"/><W32/><G112/><T25/><D37/><N who="2" m="14442" /><F113/><W82/><G119/><T122/><D122/><U16/><E111/><N who="2" m="42539" /><F117/><W92/><G131/><T69/><D69/><U57/><E134/><V10/><F132/><W127/><G104/><T72/><D115/><U18/><E123/><V15/><F31/><W30/><G127/><T125/><D125/><U126/><E126/><V48/><F54/><W93/><G12/><T106/><D3/><U19/><E42/><V24/><F80/><W45/><G66/><T99/><D106/><U60/><E105/><V55/><F55/><W53/><G30/><T20/><D72/><U14/><AGARI ba="0,0" hai="11,14,16,18,19,57,60,61,62,63,65,95,97,102" machi="14" ten="30,4000,0" yaku="0,1,8,1,54,1" doraHai="86" who="1" fromWho="1" sc="238,-10,315,40,212,-10,235,-20" owari="228,2.8,355,45.5,202,-29.8,215,-18.5" /></mjloggm>