<mjloggm ver="2.3"><GO type="225" lobby="0"/><UN n0="%E7%99%BD%E9%9B%AA%E4%B9%83%E6%84%9B" n1="%E3%83%96%E3%83%83%E3%83%91%E3%82%AA%E3%83%96%E3%83%81%E3%82%AD%E3%83%B3" n2="%E5%B8%86%E7%AB%8B%E5%A4%8F%E8%A1%A3" n3="%E9%A6%AC%E5%BC%95%E7%81%AB%33" dan="16,16,17,16" rate="2038.72,2178.22,2182.10,2129.97" sx="F,M,M,M"/><TAIKYOKU oya="0"/><INIT seed="0,0,0,5,1,121" ten="250,250,250,250" oya="0" hai0="17,53,96,120,135,33,55,7,61,122,51,92,31" hai1="30,11,127,59,40,52,6,8,48,13,104,83,36" hai2="66,22,98,23,68,56,57,112,99,131,132,46,35" hai3="113,14,18,116,118,24,109,70,81,82,88,5,108"/><T79/><D7/><U74/><E127/><V67/><F35/><W101/><G113/><T105/><D105/><U21/><E104/><V10/><F112/><W85/><G70/><T45/><D79/><U38/><E40/><V25/><F68/><W26/><G5/><T27/><D135/><U128/><E128/><V77/><F77/><W110/><G101/><T134/><D134/><U119/><E11/><V103/><F103/><W97/><G97/><T4/><D4/><U73/><E119/><N who="3" m="45610" /><G81/><T93/><D17/><U41/><E83/><V111/><F25/><W2/><G2/><T100/><REACH who="0" step="1"/><D92/><REACH who="0" ten="240,250,250,250" step="2"/><U47/><REACH who="1" step="1"/><E38/><REACH who="1" ten="240,240,250,250" step="2"/><V80/><F132/><W0/><G0/><T16/><D16/><U54/><E54/><V63/><F131/><W87/><G87/><T43/><D43/><U12/><E12/><V129/><F129/><W124/><G124/><T62/><D62/><U15/><E15/><V60/><F80/><W126/><G126/><T133/><D133/><U29/><E29/><V86/><F63/><W102/><G102/><T90/><D90/><U32/><E32/><V19/><F60/><W78/><G78/><T125/><D125/><U106/><E106/><V69/><F19/><W64/><G64/><T76/><D76/><U71/><E71/><V75/><F69/><W1/><G1/><T49/><D49/><U28/><E28/><V72/><F67/><W3/><G3/><T44/><D44/><U107/><E107/><V9/><F66/><W39/><G39/><T115/><D115/><U89/><E89/><V37/><F37/><W20/><AGARI ba="0,2" hai="14,18,20,24,26,82,85,88,108,109,110" m="45610" machi="20" ten="40,12000,2" yaku="5,1,14,1,52,3,54,1" doraHai="121" who="3" fromWho="3" sc="240,-60,240,-30,250,-30,250,140" /><INIT seed="1,0,0,0,4,59" ten="180,210,220,390" oya="1" hai0="34,32,128,76,100,103,24,65,48,98,53,50,29" hai1="4,134,113,123,2,106,73,45,102,9,77,47,115" hai2="132,0,119,63,35,67,129,20,92,56,78,10,89" hai3="49,79,57,12,36,72,112,83,7,82,85,28,41"/><U18/><E123/><V96/><F35/><W135/><G112/><T104/><D128/><U23/><E134/><V69/><F119/><W60/><G135/><T39/><D39/><U19/><E47/><V3/><F132/><W108/><G108/><T126/><D126/><U86/><E86/><V88/><F129/><W70/><G36/><T91/><D76/><U21/><E45/><V94/><F78/><W117/><G28/><T8/><D100/><U120/><E120/><V42/><F42/><W26/><G26/><T54/><D65/><U84/><E84/><V95/><F95/><W99/><G70/><T52/><D32/><U107/><E77/><V114/><F114/><W51/><G41/><T55/><N who="0" m="13312" /><DORA hai="116" /><T93/><REACH who="0" step="1"/><D8/><REACH who="0" ten="170,210,220,390" step="2"/><U25/><E73/><V40/><F10/><W1/><G79/><T127/><D127/><U44/><E44/><V11/><F11/><W110/><G72/><T121/><D121/><U133/><E133/><V62/><F40/><W124/><G124/><T61/><D61/><U33/><E33/><V101/><F101/><W90/><G60/><T64/><D64/><U27/><REACH who="1" step="1"/><E107/><REACH who="1" ten="170,200,220,390" step="2"/><V130/><F130/><W111/><G117/><T38/><D38/><U14/><E14/><V109/><F63/><W15/><G15/><T22/><D22/><U81/><E81/><V16/><F69/><W43/><G12/><T80/><D80/><U122/><E122/><V71/><F71/><W68/><G68/><T46/><D46/><U37/><E37/><V30/><F62/><W5/><G83/><T13/><D13/><U131/><E131/><RYUUKYOKU ba="0,2" sc="170,15,200,15,220,-15,390,-15" hai0="24,29,34,48,50,91,93,98,103,104" hai1="2,4,9,18,19,21,23,25,27,102,106,113,115" /><INIT seed="1,1,2,2,0,53" ten="185,215,205,375" oya="1" hai0="2,57,118,93,85,135,66,78,60,121,115,131,125" hai1="86,79,45,117,119,19,90,132,116,76,30,107,82" hai2="77,38,80,33,110,12,81,130,34,112,0,133,59" hai3="126,70,7,39,48,27,102,37,58,44,4,75,97"/><U51/><E107/><V11/><F0/><W69/><G75/><T28/><D115/><U17/><E132/><V84/><F38/><W26/><G58/><T124/><D118/><U36/><E36/><V29/><F112/><W98/><G48/><T46/><D2/><U13/><E30/><V122/><F122/><W14/><G14/><T114/><D114/><U105/><E105/><V109/><F130/><W61/><G61/><T35/><D135/><U134/><E134/><V104/><F104/><W120/><G102/><T88/><D131/><U128/><E128/><V71/><F71/><W89/><G89/><T3/><D3/><U42/><REACH who="1" step="1"/><E19/><REACH who="1" ten="185,205,205,375" step="2"/><V8/><F133/><W103/><G37/><T32/><D28/><U9/><AGARI ba="1,3" hai="9,13,17,42,45,51,76,79,82,86,90,116,117,119" machi="9" ten="30,6000,0" yaku="1,1,2,1,0,1,53,0" doraHai="53" doraHaiUra="23" who="1" fromWho="1" sc="185,-21,205,93,205,-21,375,-21" /><INIT seed="1,2,0,1,1,102" ten="164,298,184,354" oya="1" hai0="55,22,63,77,87,14,80,121,37,45,39,36,105" hai1="7,62,42,32,60,120,82,10,3,53,83,76,56" hai2="108,113,93,11,126,12,128,28,23,48,25,51,13" hai3="98,26,67,44,50,132,125,110,18,99,59,1,130"/><U79/><E120/><V91/><F108/><W31/><G110/><T21/><D121/><U97/><E32/><V33/><F126/><W104/><G1/><T57/><D105/><U124/><E124/><V117/><F128/><W68/><G68/><T85/><D45/><U58/><E42/><V66/><F117/><W109/><G109/><T92/><D92/><U29/><E29/><V69/><F113/><W49/><G125/><T119/><D119/><U64/><REACH who="1" step="1"/><E97/><REACH who="1" ten="164,288,184,354" step="2"/><V74/><F33/><W20/><G31/><T127/><D127/><U5/><E5/><V106/><F28/><W16/><G99/><T47/><D37/><U95/><E95/><V100/><F93/><W52/><G130/><T123/><D123/><U84/><E84/><V30/><F30/><W135/><G18/><N who="0" m="10455" /><D36/><U129/><E129/><V65/><F74/><W101/><REACH who="3" step="1"/><G67/><REACH who="3" ten="164,288,184,344" step="2"/><T78/><D39/><U19/><E19/><V46/><F66/><W131/><G131/><T107/><D107/><U86/><E86/><V41/><F65/><W134/><G134/><T122/><D122/><U75/><E75/><V38/><F106/><W35/><G35/><T61/><D87/><U116/><E116/><V103/><F38/><W133/><G133/><T111/><D111/><U112/><E112/><V17/><F17/><W115/><G115/><T114/><D114/><U15/><E15/><V0/><F13/><W34/><G34/><T4/><D4/><U73/><E73/><V9/><F12/><W54/><AGARI ba="2,2" hai="16,20,26,44,49,50,52,54,59,98,101,104,132,135" machi="54" ten="30,8000,1" yaku="1,1,0,1,52,1,54,2,53,0" doraHai="102" doraHaiUra="2" who="3" fromWho="3" sc="164,-22,288,-42,184,-22,344,106" /><INIT seed="2,0,0,5,5,68" ten="142,246,162,450" oya="2" hai0="75,29,41,66,123,78,135,50,128,9,55,16,112" hai1="33,19,63,20,122,92,120,114,48,93,134,21,59" hai2="27,45,111,36,24,12,38,51,104,6,17,25,56" hai3="129,115,118,15,37,132,85,31,82,26,40,13,130"/><V60/><F104/><W103/><G132/><T109/><D123/><N who="1" m="47147" /><E114/><V30/><F30/><W100/><G118/><T102/><D112/><U69/><E134/><V57/><F6/><W107/><G115/><T87/><D135/><U3/><E33/><V28/><F28/><W14/><G40/><T62/><D75/><U61/><E3/><V18/><F111/><W96/><G37/><T89/><D78/><U53/><E21/><V47/><F60/><N who="1" m="23113" /><E69/><V80/><F80/><W64/><G103/><T105/><D109/><U11/><E11/><V99/><F99/><W23/><G64/><T90/><D29/><U101/><E101/><V133/><F133/><W81/><G85/><T5/><D5/><U67/><E67/><V49/><REACH who="2" step="1"/><F27/><AGARI ba="0,0" hai="19,20,27,48,53,59,92,93" m="23113,47147" machi="27" ten="30,1000,0" yaku="13,1" doraHai="68" who="1" fromWho="2" sc="142,0,246,10,162,-10,450,0" /><INIT seed="3,0,0,4,5,43" ten="142,256,152,450" oya="3" hai0="118,58,33,104,27,116,114,128,97,63,60,20,120" hai1="34,3,23,74,81,19,49,57,72,87,35,55,78" hai2="54,119,52,17,30,130,83,126,77,122,75,68,13" hai3="110,11,42,135,31,45,62,47,16,112,29,134,103"/><W46/><G112/><T124/><D120/><U106/><E106/><V41/><F119/><W127/><G127/><T28/><D124/><U7/><E7/><V39/><F68/><W26/><G110/><T133/><D128/><U99/><E3/><V76/><F126/><W53/><G103/><T86/><D114/><U88/><E99/><V90/><F122/><W101/><G101/><T21/><D133/><N who="3" m="50697" /><G42/><T56/><D104/><U65/><E65/><V92/><F77/><W129/><G129/><T123/><D123/><U96/><E96/><V12/><F12/><N who="3" m="7199" /><G26/><T1/><D1/><U25/><E74/><V40/><F40/><W61/><G53/><T71/><D71/><U131/><E131/><V2/><F130/><W93/><G93/><AGARI ba="0,0" hai="19,23,25,34,35,49,55,57,72,78,81,87,88,93" machi="93" ten="30,2000,0" yaku="7,1,54,1" doraHai="43" who="1" fromWho="3" sc="142,0,256,20,152,0,450,-20" owari="142,-35.8,276,7.6,152,-24.8,430,53.0" /></mjloggm>