<mjloggm ver="2.3"><GO type="225" lobby="0"/><UN n0="%43%68%65" n1="%E3%81%90%E3%81%A1%E3%82%84%E3%81%BE" n2="%E3%83%81%E3%83%AF%E3%83%AF%E9%9A%8A%E9%95%B7" n3="%E3%80%90%E3%83%88%E3%83%AA%E3%83%A5%E3%83%95%E3%80%91" dan="16,16,16,16" rate="2119.99,2136.67,2096.49,2110.98" sx="M,M,M,M"/><TAIKYOKU oya="0"/><INIT seed="0,0,0,1,2,135" ten="250,250,250,250" oya="0" hai0="101,132,64,28,126,54,50,1,77,83,58,38,106" hai1="20,93,62,47,117,42,34,95,131,90,78,86,7" hai2="18,65,71,46,97,35,74,19,115,14,2,61,112" hai3="3,81,133,21,92,24,26,88,53,104,127,37,108"/><T118/><D118/><U89/><E34/><V125/><F2/><W76/><G133/><T124/><D132/><U130/><E117/><V12/><F74/><W25/><G104/><T121/><D121/><U67/><E78/><V99/><F35/><W8/><G37/><T56/><D1/><U27/><E7/><V72/><F72/><W110/><G53/><T40/><D28/><U85/><E20/><V129/><F129/><W10/><G127/><N who="0" m="48683" /><D38/><U98/><E27/><V33/><F125/><W55/><G55/><T51/><D40/><U87/><E42/><V84/><F33/><W80/><G21/><T15/><D15/><U5/><E47/><V52/><F12/><W82/><G76/><T123/><D123/><U73/><E73/><V23/><F14/><W102/><G3/><T16/><D16/><U119/><E5/><V6/><F18/><W29/><G29/><T75/><D64/><U63/><E119/><V39/><F6/><W113/><G113/><T100/><D106/><U41/><E41/><V107/><F39/><W43/><G43/><T0/><D0/><U9/><E9/><V13/><F107/><W111/><G102/><N who="0" m="39531" /><D54/><U134/><E134/><V70/><F115/><W68/><G68/><T44/><D44/><U22/><E22/><V109/><F71/><W36/><G36/><T128/><D128/><N who="1" m="49195" /><E67/><V94/><F112/><W60/><G60/><AGARI ba="0,0" hai="60,62,63,85,86,87,89,90,93,95,98" m="49195" machi="60" ten="30,1000,0" yaku="19,1" doraHai="135" who="1" fromWho="3" sc="250,0,250,10,250,0,250,-10" /><INIT seed="1,0,0,0,1,82" ten="250,260,250,240" oya="1" hai0="110,105,48,37,7,115,51,104,15,112,54,106,11" hai1="99,89,24,27,84,67,34,28,25,22,40,65,76" hai2="108,3,23,0,39,72,87,88,74,92,127,77,35" hai3="66,21,128,38,130,58,18,123,68,32,62,126,78"/><U47/><E76/><V13/><F35/><W118/><G123/><T1/><D37/><U70/><E99/><V16/><F39/><W5/><G32/><T117/><D117/><U114/><E114/><V30/><F108/><W26/><G38/><T75/><D75/><U80/><E70/><V56/><F127/><W116/><G5/><T55/><D110/><U6/><E6/><V98/><F30/><W90/><G78/><T102/><D102/><U42/><E27/><V95/><F56/><W120/><G120/><T122/><D1/><U125/><E125/><V119/><F119/><N who="3" m="45611" /><G126/><T59/><REACH who="0" step="1"/><D122/><REACH who="0" ten="240,260,250,240" step="2"/><U2/><E2/><V73/><REACH who="2" step="1"/><F77/><REACH who="2" ten="240,260,240,240" step="2"/><W129/><G90/><AGARI ba="0,2" hai="0,3,13,16,23,72,73,74,87,88,90,92,95,98" machi="90" ten="40,12000,2" yaku="1,1,2,1,52,1,54,2,53,1" doraHai="82" doraHaiUra="19" who="2" fromWho="3" sc="240,0,260,0,240,140,240,-120" /><INIT seed="2,0,0,5,2,71" ten="240,260,380,120" oya="2" hai0="39,116,30,119,57,95,79,10,22,52,131,122,59" hai1="42,70,17,105,87,125,13,25,3,16,46,12,34" hai2="56,92,62,44,114,74,64,129,51,26,61,91,78" hai3="93,86,88,107,89,96,23,5,115,100,84,110,14"/><V2/><F114/><W101/><G5/><T48/><D122/><U15/><E105/><V130/><F2/><W36/><G14/><N who="1" m="5738" /><E87/><V83/><F61/><W112/><G23/><T21/><D10/><N who="1" m="6263" /><E46/><V33/><F26/><W113/><G110/><T69/><D69/><U66/><E42/><V68/><F33/><W43/><G43/><T124/><D124/><U80/><BYE who="0" /><E80/><V108/><F108/><W50/><G50/><T120/><D120/><U109/><E66/><V76/><F76/><W128/><G101/><T11/><D11/><U117/><E70/><V41/><REACH who="2" step="1"/><F68/><REACH who="2" ten="240,260,370,120" step="2"/><W1/><G1/><T65/><D65/><U134/><E109/><V97/><AGARI ba="0,1" hai="41,44,51,56,62,64,74,78,83,91,92,97,129,130" machi="97" ten="30,11700,0" yaku="1,1,2,1,0,1,53,1" doraHai="71" doraHaiUra="75" who="2" fromWho="2" sc="240,-39,260,-39,370,127,120,-39" /><UN n0="%43%68%65" /><INIT seed="2,1,0,5,3,24" ten="201,221,497,81" oya="2" hai0="17,83,69,123,20,2,51,16,122,8,77,11,70" hai1="62,103,129,80,131,23,66,21,22,119,127,79,124" hai2="18,19,6,76,44,54,71,91,31,120,105,102,25" hai3="5,125,58,39,100,135,89,47,27,130,117,32,133"/><V63/><F120/><W33/><G117/><T36/><D36/><U3/><E103/><V50/><F76/><W95/><G100/><T52/><D123/><U48/><E48/><V108/><F108/><W116/><G116/><T109/><D109/><U42/><E42/><V38/><F6/><W41/><G5/><T65/><D122/><U26/><E3/><V92/><F38/><W78/><G78/><T60/><D70/><N who="1" m="42327" /><E26/><V74/><F74/><W45/><G45/><T61/><D61/><U67/><E67/><V64/><F102/><W134/><G130/><N who="1" m="49674" /><E119/><V106/><F106/><W126/><G58/><T57/><D2/><U99/><E99/><V68/><F105/><W15/><G15/><T121/><D121/><U132/><E132/><V107/><F107/><W34/><REACH who="3" step="1"/><G27/><REACH who="3" ten="201,221,497,71" step="2"/><T114/><D57/><U96/><E79/><V110/><F71/><W94/><G94/><T59/><D69/><U43/><E80/><V13/><F110/><W87/><AGARI ba="1,1" hai="32,33,34,39,41,47,87,89,95,125,126,133,134,135" machi="87" ten="40,5200,0" yaku="1,1,0,1,20,1,53,0" doraHai="24" doraHaiUra="35" who="3" fromWho="3" sc="201,-14,221,-14,497,-27,71,65" /><INIT seed="3,0,0,5,2,90" ten="187,207,470,136" oya="3" hai0="62,77,103,87,83,94,106,125,43,102,74,58,97" hai1="116,96,73,114,129,93,32,59,66,89,100,53,36" hai2="28,48,105,26,118,88,55,3,123,47,131,121,20" hai3="119,107,72,64,49,8,4,108,40,80,76,126,104"/><W34/><G119/><T69/><D69/><U39/><E114/><V124/><F118/><W24/><G126/><T51/><D51/><BYE who="0" /><U122/><E122/><N who="2" m="46603" /><F3/><W135/><G64/><T111/><D111/><U101/><E101/><V67/><F105/><W81/><G108/><T37/><D37/><U42/><E32/><V50/><F124/><W63/><G63/><T70/><D70/><U85/><E42/><V78/><F131/><W71/><G71/><T99/><D99/><U2/><E73/><V130/><F130/><W57/><G81/><T11/><D11/><U54/><E54/><UN n0="%43%68%65" /><V45/><F78/><W92/><G135/><T68/><D68/><U6/><E85/><V1/><F1/><W46/><G57/><T60/><D125/><U22/><E22/><V91/><F67/><W30/><REACH who="3" step="1"/><G92/><REACH who="3" ten="187,207,470,126" step="2"/><T132/><D132/><U109/><E93/><V35/><F35/><W10/><G10/><T5/><D58/><U127/><E66/><V65/><F65/><W38/><G38/><T112/><D62/><U61/><E61/><V23/><F23/><W21/><G21/><T56/><D56/><U115/><E116/><V86/><F86/><W110/><G110/><T29/><D60/><U15/><E109/><V133/><F133/><W98/><G98/><T14/><D97/><U128/><E127/><V52/><AGARI ba="0,1" hai="20,26,28,45,47,48,50,52,55,88,91" m="46603" machi="52" ten="30,4000,0" yaku="13,1,54,2" doraHai="90" who="2" fromWho="2" sc="187,-10,207,-10,470,50,126,-20" owari="177,-22.3,197,-0.3,520,62.0,106,-39.4" /></mjloggm>