<mjloggm ver="2.3"><GO type="225" lobby="0"/><UN n0="%E6%A1%9C%E8%8A%B1%E9%96%83%E3%80%85" n1="%72%69%6F%75%63%68%61%6E" n2="%E3%82%8F%E3%81%8B%E3%81%B0%2A%E3%82%AC%E3%83%BC%E3%83%AB" n3="%E3%81%8B%E3%82%8F%E3%81%A1%E3%82%83%E3%82%93%35%38" dan="17,16,16,16" rate="2200.45,2137.50,2072.66,2145.13" sx="M,M,M,M"/><TAIKYOKU oya="0"/><INIT seed="0,0,0,0,3,130" ten="250,250,250,250" oya="0" hai0="135,20,53,42,106,85,4,68,11,98,107,24,52" hai1="93,32,5,110,119,109,74,62,125,70,88,92,40" hai2="100,78,120,37,95,101,64,59,72,14,76,96,9" hai3="67,56,84,58,65,118,18,126,83,44,108,66,69"/><T34/><D34/><U48/><E125/><V86/><F120/><W105/><G105/><T38/><D68/><U121/><E119/><V31/><F72/><W12/><G118/><T13/><D85/><U81/><E121/><V7/><F37/><W79/><G69/><T22/><D22/><U82/><E32/><V57/><F101/><W63/><G108/><N who="1" m="41578" /><E5/><V128/><F128/><W103/><G126/><T51/><D38/><U23/><E23/><V117/><F117/><W33/><G33/><T27/><D135/><U60/><E93/><V111/><F111/><W35/><G35/><T46/><D27/><U91/><E74/><V97/><F31/><W122/><G122/><T80/><D80/><N who="1" m="30827" /><E70/><V131/><F131/><W112/><G112/><T41/><D107/><U133/><E133/><V30/><F30/><W134/><G134/><T1/><D1/><U55/><E40/><V73/><F73/><W129/><G129/><T15/><D15/><U29/><E29/><V0/><F0/><W36/><G103/><T124/><D124/><U2/><E2/><V127/><F127/><W94/><G94/><T87/><D42/><U47/><E91/><V3/><F3/><W113/><G113/><T90/><D106/><U132/><E132/><V10/><F100/><W71/><G71/><T61/><D87/><AGARI ba="0,0" hai="47,48,55,60,62,87,88,92" m="30827,41578" machi="87" ten="30,2000,0" yaku="14,1,54,1" doraHai="130" who="1" fromWho="0" sc="250,-20,250,20,250,0,250,0" /><INIT seed="1,0,0,4,3,128" ten="230,270,250,250" oya="1" hai0="115,35,44,109,26,83,132,81,95,12,24,23,125" hai1="20,30,51,105,129,75,88,86,65,99,114,58,71" hai2="52,103,13,117,8,72,48,1,123,64,36,10,76" hai3="17,101,27,98,82,34,79,85,63,2,56,102,121"/><U130/><BYE who="3" /><E114/><V92/><F117/><UN n3="%E3%81%8B%E3%82%8F%E3%81%A1%E3%82%83%E3%82%93%35%38" /><W37/><G121/><T38/><D115/><U18/><E75/><V97/><F123/><W19/><G37/><T47/><D109/><U6/><E30/><V7/><F36/><W89/><G2/><T96/><D125/><U66/><E6/><V120/><F120/><W14/><G34/><T118/><D118/><U78/><E78/><V116/><F116/><W54/><G27/><N who="0" m="10283" /><D35/><U46/><E71/><V70/><F64/><W94/><REACH who="3" step="1"/><G19/><REACH who="3" ten="230,270,250,240" step="2"/><N who="0" m="10727" /><D38/><U0/><E0/><V41/><F1/><W61/><G61/><T104/><D104/><U25/><E105/><V59/><F7/><W62/><G62/><T127/><D127/><U22/><E130/><V3/><F3/><W67/><G67/><T43/><D132/><U11/><E129/><V49/><F13/><W134/><G134/><T45/><D43/><N who="1" m="25055" /><E25/><V93/><F41/><W53/><G53/><T131/><D131/><U74/><E65/><V39/><F39/><W57/><G57/><T113/><D113/><U107/><E58/><V42/><F70/><W126/><G126/><T106/><D106/><U32/><E66/><V60/><F42/><W69/><G69/><T87/><D87/><U100/><E74/><V119/><F119/><W133/><G133/><T50/><D50/><U29/><E32/><V5/><F48/><W124/><G124/><T15/><D15/><N who="1" m="7551" /><E29/><V77/><F72/><W16/><G16/><T55/><D55/><U135/><E135/><V112/><F49/><W80/><G80/><N who="0" m="30795" /><D44/><U9/><E9/><AGARI ba="0,1" hai="9,14,17,54,56,63,79,82,85,89,94,98,101,102" machi="9" ten="30,7700,0" yaku="1,1,7,1,8,1,53,1" doraHai="128" doraHaiUra="4" who="3" fromWho="1" sc="230,0,270,-77,250,0,240,87" /><INIT seed="2,0,0,0,4,110" ten="230,193,250,327" oya="2" hai0="64,72,111,41,117,15,66,1,34,96,71,62,24" hai1="107,61,102,52,0,2,18,47,26,39,127,8,97" hai2="25,131,33,86,95,45,87,130,28,135,79,104,68" hai3="74,21,27,30,3,82,23,92,20,89,17,69,132"/><V57/><F68/><W105/><G69/><T119/><D1/><U99/><E127/><V67/><F104/><W43/><G3/><T36/><D111/><U90/><E39/><V108/><F108/><W56/><G105/><T16/><D72/><U22/><E8/><V4/><F135/><W118/><G118/><N who="0" m="45067" /><D66/><U75/><E75/><V134/><F134/><W112/><G132/><T38/><D96/><U80/><E80/><V81/><F4/><W31/><G43/><T70/><D70/><U11/><E11/><V9/><F9/><W14/><G112/><T94/><D94/><N who="1" m="56535" /><E47/><V113/><F45/><W126/><G126/><T10/><D41/><U63/><E63/><N who="2" m="38383" /><F87/><N who="3" m="50423" /><G74/><T125/><D125/><U83/><E83/><V128/><F95/><W121/><G121/><T76/><D76/><U19/><E18/><V35/><F35/><W7/><G7/><T85/><D85/><U12/><E12/><V49/><F49/><W44/><G44/><T5/><D5/><U120/><E120/><V101/><F101/><W84/><G56/><AGARI ba="0,0" hai="0,2,19,22,26,52,56,61,99,102,107" m="56535" machi="56" ten="30,2000,0" yaku="25,1,54,1" doraHai="110" who="1" fromWho="3" sc="230,0,193,20,250,0,327,-20" /><INIT seed="3,0,0,5,2,22" ten="230,213,250,307" oya="3" hai0="17,0,131,5,119,64,90,124,109,129,112,97,19" hai1="39,78,41,12,99,70,81,45,92,126,121,37,8" hai2="118,35,128,125,57,75,24,96,61,13,1,108,31" hai3="69,3,123,32,106,79,40,94,130,46,135,66,116"/><W51/><G106/><T33/><D119/><U25/><E126/><V117/><F1/><W42/><G3/><T113/><D64/><U89/><E121/><V63/><F108/><W21/><G32/><T65/><D65/><U127/><E127/><V132/><F125/><W44/><G123/><T6/><D124/><U84/><E70/><V36/><F36/><W9/><G116/><T85/><D97/><U93/><E25/><V62/><F75/><W115/><G115/><N who="0" m="44107" /><D33/><U111/><E111/><V76/><F76/><W20/><G79/><T58/><D58/><U114/><E114/><V38/><F38/><W68/><G66/><T59/><D59/><U15/><E37/><V11/><F128/><N who="0" m="49226" /><D109/><U30/><E30/><V122/><F122/><W103/><G69/><T100/><D100/><U134/><E134/><V91/><F132/><W50/><G68/><T80/><D0/><U2/><REACH who="1" step="1"/><E92/><REACH who="1" ten="230,203,250,307" step="2"/><V49/><F117/><W88/><G135/><T43/><D43/><U67/><E67/><V52/><F118/><W107/><G130/><T95/><D95/><U34/><E34/><V55/><F35/><W4/><G107/><T48/><D48/><U47/><E47/><V120/><F120/><W73/><G103/><T98/><D98/><U26/><E26/><V71/><F71/><W14/><G73/><T28/><D28/><U133/><E133/><V16/><F24/><W72/><G72/><T54/><D54/><U82/><E82/><V86/><F31/><W110/><G110/><T7/><AGARI ba="0,1" hai="5,6,7,17,19,80,85,90" m="49226,44107" machi="7" ten="40,2700,0" yaku="11,1,19,1" doraHai="22" who="0" fromWho="0" sc="230,37,203,-7,250,-7,307,-13" /><INIT seed="4,0,0,2,4,12" ten="267,196,243,294" oya="0" hai0="7,89,133,52,77,41,79,74,44,132,66,83,63" hai1="124,78,106,131,22,35,49,64,21,16,114,127,84" hai2="98,97,8,72,68,47,91,94,1,20,92,105,112" hai3="117,121,24,29,45,129,120,2,34,9,54,107,75"/><T31/><D31/><U135/><E35/><V48/><F68/><W10/><G117/><T23/><D7/><U58/><E106/><V55/><F112/><W0/><G75/><T50/><D79/><U67/><E114/><V90/><F72/><W111/><G107/><T17/><D89/><U18/><E131/><V80/><F105/><W128/><G111/><T70/><REACH who="0" step="1"/><D41/><REACH who="0" ten="257,196,243,294" step="2"/><U87/><E135/><V101/><F91/><W134/><G134/><T15/><AGARI ba="0,1" hai="15,17,23,44,50,52,63,66,70,74,77,83,132,133" machi="15" ten="30,18000,2" yaku="1,1,2,1,0,1,52,1,54,1,53,1" doraHai="12" doraHaiUra="76" who="0" fromWho="0" sc="257,190,196,-60,243,-60,294,-60" owari="447,54.7,136,-36.4,183,-21.7,234,3.4" /></mjloggm>