<mjloggm ver="2.3"><GO type="225" lobby="0"/><UN n0="%79%75%72%69%6D%6F%67" n1="%E3%81%A4%E3%81%A3%E3%81%B1%E3%82%8A%E3%83%9D%E3%83%BC%E3%83%AB" n2="%E3%81%8B%E3%82%8F%E3%81%A1%E3%82%83%E3%82%93%35%38" n3="%E3%82%A2%E3%83%9E%E3%83%9D%EF%BD%9E%EF%BD%9E%E3%83%A9" dan="16,17,16,17" rate="2137.24,2154.40,2106.78,2051.15" sx="F,M,M,M"/><TAIKYOKU oya="0"/><INIT seed="0,0,0,2,1,118" ten="250,250,250,250" oya="0" hai0="28,116,83,92,94,52,69,47,110,132,45,58,26" hai1="100,17,125,0,37,103,98,46,29,126,96,12,55" hai2="99,60,66,123,21,49,44,81,104,108,84,79,105" hai3="128,109,9,32,91,121,5,38,3,75,101,72,1"/><T64/><D116/><U115/><E0/><V120/><F108/><W86/><G109/><T39/><D132/><U20/><E115/><V68/><F21/><W129/><G101/><N who="1" m="38986" /><E29/><V36/><F36/><W111/><G111/><T62/><D110/><U106/><E106/><V78/><F99/><W135/><G32/><T114/><D114/><U119/><E119/><V85/><F104/><W35/><G35/><T8/><D8/><U31/><E31/><V102/><F102/><W82/><G135/><T54/><D83/><U56/><E46/><V80/><REACH who="2" step="1"/><F105/><REACH who="2" ten="250,250,240,250" step="2"/><W24/><G38/><T50/><D39/><U30/><E37/><V4/><F4/><W88/><G129/><T71/><D71/><U43/><E30/><V113/><F113/><W107/><G128/><T41/><D41/><AGARI ba="0,1" hai="41,44,49,60,66,68,78,79,80,81,84,85,120,123" machi="41" ten="30,8000,1" yaku="1,1,7,1,9,1,52,2,53,0" doraHai="118" doraHaiUra="19" who="2" fromWho="0" sc="250,-80,250,0,240,90,250,0" /><INIT seed="1,0,0,5,5,17" ten="170,250,330,250" oya="1" hai0="94,32,105,56,120,100,88,134,0,20,98,67,49" hai1="57,124,16,34,132,91,39,58,74,15,97,121,18" hai2="12,42,133,27,113,11,114,122,109,55,131,60,112" hai3="104,43,85,40,66,64,99,90,72,115,68,86,82"/><U62/><E121/><V128/><F42/><N who="3" m="15915" /><G72/><T31/><D134/><U6/><E39/><V13/><F122/><W25/><G104/><T65/><D0/><U50/><E34/><V24/><F133/><W77/><G68/><T118/><D32/><U92/><E74/><V33/><F109/><W76/><G115/><T29/><D118/><U107/><E132/><V22/><F60/><W116/><G116/><T26/><D31/><U1/><E1/><V110/><F55/><W46/><G46/><T47/><D56/><U21/><E124/><V117/><F117/><W89/><G99/><T93/><D105/><U73/><E73/><V79/><F79/><N who="3" m="30283" /><G25/><N who="2" m="9801" /><F33/><W14/><G14/><N who="2" m="5737" /><F110/><W78/><N who="3" m="30291" /><W83/><AGARI ba="0,0" hai="64,66,82,83,85,86,89,90" m="30291,15915" machi="83" ten="40,2700,0" yaku="4,1,8,1" doraHai="17" who="3" fromWho="3" sc="170,-7,250,-13,330,-7,250,27" /><INIT seed="2,0,0,4,5,46" ten="163,237,323,277" oya="2" hai0="83,87,40,99,112,22,80,61,126,60,111,116,36" hai1="3,118,107,109,42,55,45,82,17,98,57,35,51" hai2="43,110,21,85,53,79,76,134,96,92,114,127,26" hai3="91,133,89,19,105,9,30,24,68,67,119,101,54"/><V81/><F114/><W108/><G108/><T84/><D111/><U44/><E118/><V74/><F110/><W11/><G133/><T86/><D126/><U16/><E109/><V23/><F134/><W7/><G19/><T6/><D112/><U66/><E35/><V73/><F127/><W78/><G78/><T25/><D36/><U32/><E32/><V93/><F43/><W103/><G54/><T122/><D122/><U10/><E66/><V88/><F21/><W18/><G18/><T128/><D128/><U27/><E45/><V47/><F79/><W52/><G52/><T29/><D6/><U14/><E3/><V69/><F69/><W124/><G11/><T33/><D33/><U2/><E2/><V120/><F120/><W8/><G9/><T97/><D40/><U64/><E64/><V117/><F117/><W102/><G105/><T15/><D15/><U104/><E104/><V70/><F70/><W31/><G24/><T39/><D39/><U58/><E27/><V135/><F135/><W113/><G113/><T0/><D0/><U1/><E1/><V5/><F5/><W28/><G119/><T65/><D116/><U41/><E107/><V56/><F47/><W50/><G124/><T62/><REACH who="0" step="1"/><D65/><REACH who="0" ten="153,237,323,277" step="2"/><U37/><E14/><V63/><REACH who="2" step="1"/><F93/><REACH who="2" ten="153,237,313,277" step="2"/><W106/><G106/><T71/><D71/><U49/><E41/><V72/><F72/><W90/><G68/><T132/><D132/><U34/><E42/><V115/><F115/><W38/><G38/><T75/><D75/><U129/><E37/><V130/><F130/><W77/><G7/><RYUUKYOKU ba="0,2" sc="153,15,237,-15,313,15,277,-15" hai0="22,25,29,60,61,62,80,83,84,86,87,97,99" hai2="23,26,53,56,63,73,74,76,81,85,88,92,96" /><INIT seed="2,1,2,5,1,32" ten="168,222,328,262" oya="2" hai0="55,13,48,51,36,40,65,76,21,31,89,82,94" hai1="35,10,112,28,11,27,106,56,96,18,19,127,107" hai2="45,83,37,87,102,84,91,23,60,128,88,6,17" hai3="68,101,121,134,98,114,113,81,66,57,105,100,73"/><V69/><F128/><W5/><G121/><T46/><D65/><U33/><E112/><N who="3" m="43114" /><G134/><T125/><D125/><U42/><E42/><V26/><F102/><N who="3" m="62679" /><G68/><T80/><D36/><U29/><E56/><V97/><F97/><W3/><G5/><T14/><D76/><U54/><E96/><V126/><F126/><W129/><G3/><T74/><D74/><U117/><E127/><V120/><F120/><W34/><G34/><T93/><D93/><U49/><E117/><V25/><F6/><W118/><G129/><T62/><D62/><U50/><E27/><V39/><F45/><W1/><G1/><T0/><D14/><U59/><E59/><V58/><F69/><W133/><G133/><T77/><D77/><U16/><REACH who="1" step="1"/><E19/><REACH who="1" ten="168,212,328,262" step="2"/><V109/><F26/><W130/><G118/><T8/><D0/><U12/><E12/><V30/><F17/><W135/><G135/><T103/><D103/><U115/><E115/><V119/><F119/><W95/><G130/><T41/><D41/><U70/><E70/><V110/><F39/><W67/><G57/><N who="0" m="32999" /><D31/><U124/><E124/><V20/><F37/><W86/><G101/><T79/><D79/><U116/><E116/><V38/><F38/><W15/><G15/><T61/><D61/><U53/><AGARI ba="1,3" hai="10,11,16,18,28,29,33,35,49,50,53,54,106,107" machi="53" ten="25,8000,1" yaku="1,1,0,1,22,2,54,1,53,0" doraHai="32" doraHaiUra="123" who="1" fromWho="1" sc="168,-21,212,113,328,-41,262,-21" /><INIT seed="3,0,0,5,0,16" ten="147,325,287,241" oya="3" hai0="33,101,20,76,96,7,118,28,104,61,30,125,131" hai1="74,4,82,48,37,92,29,13,34,106,132,99,19" hai2="62,71,38,35,59,115,39,109,12,17,8,70,26" hai3="123,69,64,95,110,49,11,97,0,41,36,25,44"/><W86/><G123/><T87/><D131/><U135/><E37/><V31/><F115/><W78/><G110/><T129/><D125/><U93/><E4/><V133/><F109/><W10/><G36/><T100/><D118/><U1/><E1/><V46/><F133/><N who="1" m="51273" /><E48/><V2/><F39/><W88/><G0/><T111/><D129/><U57/><E57/><V63/><F63/><W55/><G69/><T9/><D33/><U121/><E121/><V65/><F38/><W77/><G64/><T94/><D111/><U21/><E106/><V32/><F46/><W98/><G41/><T107/><D61/><U119/><E119/><V75/><F75/><W27/><G98/><T15/><D104/><U52/><E52/><V80/><F35/><W42/><G42/><T67/><D67/><U103/><E93/><V83/><F83/><N who="3" m="47471" /><G78/><T120/><D120/><U128/><E128/><V122/><F122/><W66/><G66/><T68/><D68/><U23/><E82/><V3/><F3/><W89/><G89/><T56/><D56/><U14/><E74/><V102/><F102/><W43/><G43/><T45/><D45/><U53/><E53/><V6/><REACH who="2" step="1"/><F80/><REACH who="2" ten="147,325,277,241" step="2"/><W114/><G114/><T73/><D101/><U58/><E34/><V90/><F90/><W51/><G51/><T105/><D73/><U72/><E72/><V126/><F126/><W134/><G134/><T127/><D127/><U91/><E91/><V79/><F79/><W60/><G60/><T40/><D76/><U50/><E103/><V81/><F81/><W113/><G113/><T54/><D100/><RYUUKYOKU ba="0,1" sc="147,-15,325,-15,277,15,241,15" hai2="2,6,8,12,17,26,31,32,59,62,65,70,71" hai3="10,11,25,27,44,49,55,88,95,97" /><INIT seed="3,1,1,2,3,69" ten="132,310,292,256" oya="3" hai0="128,84,78,96,70,83,15,135,4,101,102,73,3" hai1="80,97,64,65,75,9,111,94,72,19,121,91,127" hai2="60,88,79,110,10,12,44,13,77,71,54,29,52" hai3="86,68,117,122,81,7,25,17,43,41,6,125,48"/><W39/><G117/><T92/><D70/><U133/><E121/><V118/><F118/><W123/><G68/><T8/><D128/><U87/><E111/><V18/><F110/><W45/><G125/><T113/><D135/><U99/><E127/><V55/><F29/><W32/><G123/><T106/><D113/><U33/><E33/><V0/><F0/><W5/><G122/><T50/><D102/><U109/><E109/><V124/><F124/><W116/><G116/><T103/><D103/><N who="1" m="60855" /><E133/><V98/><F44/><W114/><G114/><T34/><D34/><U30/><E75/><V93/><REACH who="2" step="1"/><F13/><REACH who="2" ten="132,310,282,256" step="2"/><W22/><G32/><T95/><D3/><U59/><E30/><V112/><F112/><W104/><G104/><T1/><D1/><U126/><E126/><V31/><F31/><W2/><G2/><T40/><REACH who="0" step="1"/><D73/><REACH who="0" ten="122,310,282,256" step="2"/><U46/><E72/><V74/><F74/><W119/><G119/><T28/><D28/><U21/><E19/><V115/><F115/><W49/><REACH who="3" step="1"/><G41/><REACH who="3" ten="122,310,282,246" step="2"/><T38/><D38/><U57/><E57/><V100/><F100/><W67/><G67/><AGARI ba="1,4" hai="10,12,18,52,54,55,60,67,71,77,79,88,93,98" machi="67" ten="40,5200,0" yaku="1,1,54,2,53,0" doraHai="69" doraHaiUra="26" who="2" fromWho="3" sc="122,0,310,0,282,95,246,-55" owari="122,-37.8,310,11.0,377,47.7,191,-20.9" /></mjloggm>