<mjloggm ver="2.3"><GO type="225" lobby="0"/><UN n0="%E8%81%B7%E6%A5%AD%E3%80%81%E9%A2%A8%32" n1="%E3%83%96%E3%83%83%E3%83%91%E3%82%AA%E3%83%96%E3%83%81%E3%82%AD%E3%83%B3" n2="%E3%81%93%E3%81%9F%E3%82%8D%E3%81%86%E3%81%8F%E3%82%93" n3="%E3%81%A4%E3%81%A3%E3%81%B1%E3%82%8A%E3%83%9D%E3%83%BC%E3%83%AB" dan="16,16,16,17" rate="2162.52,2136.07,2062.44,2228.46" sx="M,M,M,M"/><TAIKYOKU oya="0"/><INIT seed="0,0,0,3,3,89" ten="250,250,250,250" oya="0" hai0="95,86,116,109,51,127,15,3,5,48,63,31,49" hai1="96,30,129,4,131,1,29,61,122,132,94,84,13" hai2="83,80,72,42,60,53,100,65,62,76,111,115,12" hai3="17,23,33,46,120,8,128,75,113,77,108,54,68"/><T20/><D116/><U79/><E122/><V74/><F115/><W106/><G54/><T7/><D127/><U18/><E132/><V104/><F42/><W55/><G55/><T28/><D3/><U27/><E61/><V24/><F111/><W36/><G46/><T32/><D32/><U112/><E112/><V134/><F134/><W124/><G77/><T90/><D109/><U19/><E84/><V114/><F114/><W78/><G78/><T110/><D110/><U58/><E58/><V26/><F12/><W35/><G23/><T133/><D63/><U107/><E107/><V37/><F53/><W0/><G17/><N who="0" m="10303" /><D133/><U92/><E79/><V14/><F14/><W70/><G8/><T41/><D41/><U10/><E19/><V88/><F76/><W2/><G2/><T91/><D91/><U9/><E30/><AGARI ba="0,0" hai="5,7,28,30,31,48,49,51,86,90,95" m="10303" machi="30" ten="30,2900,0" yaku="8,1,52,1" doraHai="89" who="0" fromWho="1" sc="250,29,250,-29,250,0,250,0" /><INIT seed="0,1,0,2,3,43" ten="279,221,250,250" oya="0" hai0="61,96,19,3,70,50,54,13,64,105,42,80,4" hai1="98,23,24,88,0,123,117,55,60,46,93,101,34" hai2="113,125,38,130,47,10,41,28,17,111,122,18,12" hai3="109,83,16,56,114,85,30,62,45,73,129,89,26"/><T53/><D42/><U63/><E117/><V95/><F111/><W76/><G114/><T1/><D53/><U25/><E123/><V14/><F125/><W66/><G109/><T49/><D49/><N who="1" m="29111" /><E0/><V92/><F130/><W108/><G108/><T121/><D121/><U126/><E34/><V32/><F113/><W48/><G129/><T8/><D4/><U2/><E2/><V59/><F59/><W6/><G6/><T119/><D119/><U78/><E126/><V79/><F79/><W71/><G71/><T37/><D37/><U116/><E116/><V107/><F107/><W131/><G131/><T110/><D110/><U115/><E115/><V100/><F100/><W128/><G128/><T39/><D39/><U102/><E78/><V91/><F91/><W36/><G36/><T72/><D72/><U120/><E120/><V57/><F57/><W97/><G73/><T21/><D1/><U69/><E69/><V40/><F40/><W35/><G16/><T44/><D3/><U65/><E25/><N who="2" m="18447" /><F122/><W106/><G106/><T134/><D105/><U5/><E5/><V27/><F27/><W11/><G97/><T133/><D96/><U31/><E65/><V22/><F38/><W112/><G112/><T135/><REACH who="0" step="1"/><D80/><REACH who="0" ten="269,221,250,250" step="2"/><U29/><E29/><V7/><F7/><W90/><G83/><T94/><D94/><N who="1" m="58583" /><E102/><V104/><F104/><W82/><G82/><T84/><D84/><AGARI ba="1,1" hai="23,24,31,60,63,84,88,93" m="58583,29111" machi="84" ten="30,3900,0" yaku="8,1,52,1,54,1" doraHai="43" who="1" fromWho="0" sc="269,-42,221,52,250,0,250,0" /><INIT seed="1,0,0,3,1,75" ten="227,273,250,250" oya="1" hai0="48,18,131,103,71,86,50,64,89,100,121,20,108" hai1="74,134,63,39,116,56,34,10,38,57,82,99,104" hai2="61,130,93,96,84,54,106,51,118,58,31,132,35" hai3="107,19,8,24,21,135,28,4,15,12,49,45,53"/><U102/><E116/><V97/><F118/><W123/><G135/><T46/><D108/><U11/><E34/><V0/><F132/><W110/><G110/><T1/><D1/><U41/><E134/><V109/><F0/><W95/><G107/><T76/><D131/><U125/><E125/><V65/><F109/><W13/><G123/><T32/><D32/><U16/><E57/><V80/><F130/><W129/><G129/><T112/><D112/><U79/><E41/><V37/><F37/><W9/><REACH who="3" step="1"/><G95/><REACH who="3" ten="227,273,250,240" step="2"/><T55/><D121/><U88/><E104/><V33/><F106/><W78/><G78/><T22/><D76/><U36/><E79/><V62/><F93/><W40/><G40/><N who="0" m="24647" /><D71/><U14/><E38/><V17/><F35/><W111/><G111/><T115/><D115/><U126/><E39/><V68/><F33/><W2/><AGARI ba="0,1" hai="2,4,8,9,12,13,15,19,21,24,28,45,49,53" machi="2" ten="20,2700,0" yaku="1,1,0,1,7,1,53,0" doraHai="75" doraHaiUra="67" who="3" fromWho="3" sc="227,-7,273,-13,250,-7,240,37" /><INIT seed="2,0,0,1,0,133" ten="220,260,243,277" oya="2" hai0="52,99,36,59,92,102,46,131,1,114,48,44,88" hai1="119,80,53,103,87,109,110,20,111,60,39,106,67" hai2="38,26,16,14,100,47,45,0,120,2,4,37,24" hai3="135,28,56,96,91,61,108,32,121,130,33,3,25"/><V101/><F120/><W19/><G121/><T22/><D114/><U132/><E119/><V9/><F4/><W77/><G3/><T49/><D1/><U41/><E132/><V127/><F14/><W105/><G135/><T115/><D115/><U57/><E20/><V54/><F54/><W17/><G77/><T5/><D131/><U79/><E106/><V118/><F118/><W68/><G32/><T50/><D5/><U116/><E103/><V72/><F72/><W107/><G130/><T81/><D36/><U30/><E116/><V90/><F90/><W66/><G108/><T11/><D11/><U83/><E30/><V129/><F129/><W31/><G31/><T35/><D35/><U27/><E27/><V98/><F98/><W70/><G107/><T29/><D81/><N who="1" m="47551" /><E53/><V124/><F9/><W10/><G10/><T112/><D102/><U21/><E21/><V64/><F64/><W15/><G15/><T6/><D6/><U18/><E18/><AGARI ba="0,0" hai="0,2,16,18,24,26,37,38,45,47,100,101,124,127" machi="18" ten="25,12000,1" yaku="22,2,52,2,54,1" doraHai="133" who="2" fromWho="1" sc="220,0,260,-120,243,120,277,0" /><INIT seed="2,1,0,4,5,2" ten="220,140,363,277" oya="2" hai0="79,124,99,118,107,85,19,134,86,133,75,50,82" hai1="4,25,96,128,93,97,105,63,17,32,117,127,103" hai2="56,112,30,114,122,12,132,92,109,23,36,21,55" hai3="113,100,45,27,83,110,123,65,10,20,16,3,66"/><V61/><F122/><W104/><G123/><T42/><D19/><U94/><E117/><V28/><F36/><W72/><G110/><T0/><D0/><U102/><E128/><V108/><F132/><N who="0" m="50794" /><D50/><U11/><E127/><V48/><F92/><W98/><G113/><N who="2" m="43625" /><F48/><W64/><G45/><T90/><D42/><U5/><E105/><V135/><F135/><W53/><G53/><T126/><D118/><U119/><E119/><V59/><F59/><W24/><G24/><T41/><D41/><U43/><E43/><V51/><F51/><W70/><G10/><T89/><D107/><U58/><E32/><V57/><F57/><W47/><G3/><T15/><D15/><U87/><E87/><N who="0" m="33289" /><D99/><U116/><E116/><V35/><F12/><W101/><G47/><T106/><D106/><U1/><E1/><V121/><F121/><W37/><G37/><T44/><D44/><U60/><E11/><V49/><F49/><W26/><G26/><T69/><D69/><U9/><E9/><V84/><F84/><W31/><G70/><T52/><D52/><N who="1" m="33863" /><E63/><V38/><F38/><W73/><G104/><T88/><AGARI ba="1,0" hai="75,79,82,88,89,90,124,126" m="33289,50794" machi="88" ten="40,8000,1" yaku="20,1,34,2,54,1" doraHai="2" who="0" fromWho="0" sc="220,83,140,-21,363,-41,277,-21" /><INIT seed="3,0,0,3,3,134" ten="303,119,322,256" oya="3" hai0="5,109,89,44,124,115,83,6,46,29,65,111,60" hai1="104,0,119,110,68,78,125,52,32,121,82,113,80" hai2="12,11,16,87,81,54,101,112,38,9,18,72,67" hai3="76,8,39,15,105,75,129,40,41,2,33,98,3"/><W1/><G129/><T117/><D115/><U86/><E82/><V25/><F112/><W84/><G33/><T93/><D117/><U30/><E86/><V51/><F38/><W26/><G26/><T130/><D29/><U69/><E80/><V132/><F72/><W90/><G39/><T135/><D135/><U127/><E78/><N who="2" m="46519" /><F132/><W106/><G76/><T14/><D83/><U131/><E30/><V4/><F67/><W22/><G22/><T53/><D53/><U49/><E49/><V118/><F118/><W122/><G75/><T31/><D31/><U7/><E52/><V59/><F101/><W97/><G122/><T20/><D130/><U55/><E55/><V70/><F70/><W45/><G84/><N who="0" m="52391" /><D20/><U103/><E7/><N who="0" m="2569" /><D14/><U100/><E100/><V123/><F123/><W50/><G41/><T107/><D107/><U77/><E103/><V24/><F9/><W95/><REACH who="3" step="1"/><G98/><REACH who="3" ten="303,119,322,246" step="2"/><T37/><D37/><U74/><E77/><V56/><F24/><W13/><G13/><T43/><D43/><U57/><E57/><V42/><F25/><W133/><G133/><T73/><D73/><U58/><E58/><V64/><F42/><W102/><G102/><T61/><D111/><U114/><E69/><V120/><F120/><W47/><G47/><T62/><D109/><U48/><E68/><V34/><F34/><W85/><G85/><T17/><D44/><U91/><E74/><V99/><F99/><W63/><G63/><AGARI ba="0,1" hai="4,11,12,16,18,51,54,56,59,63,64" m="46519" machi="63" ten="30,2000,0" yaku="8,1,54,1" doraHai="134" who="2" fromWho="3" sc="303,0,119,0,322,30,246,-20" owari="303,10.3,119,-38.1,352,45.2,226,-17.4" /></mjloggm>