<mjloggm ver="2.3"><GO type="225" lobby="0"/><UN n0="%70%68%65%6E%6F%6D%65" n1="%E9%A6%AC%E5%BC%95%E7%81%AB%33" n2="%E3%83%81%E3%83%83%E3%82%BF%E3%82%BD%E3%83%BC" n3="%E5%91%A8%E6%9D%B1" dan="16,16,16,16" rate="2145.38,2096.46,2212.29,2228.34" sx="M,M,F,M"/><TAIKYOKU oya="0"/><INIT seed="0,0,0,2,4,113" ten="250,250,250,250" oya="0" hai0="93,39,131,67,40,50,98,36,91,115,124,47,114" hai1="41,103,2,129,90,100,133,18,57,21,56,99,33" hai2="15,58,60,109,102,75,22,24,1,107,122,128,74" hai3="12,6,121,76,8,30,54,38,3,118,117,11,42"/><T89/><D124/><U29/><E2/><V17/><F122/><W65/><G121/><T64/><D131/><U104/><E129/><V69/><F109/><W25/><G65/><T35/><D35/><U53/><E133/><V13/><F69/><W5/><G54/><T125/><D125/><U46/><E103/><V14/><F1/><W78/><G42/><T95/><D64/><U127/><E127/><V37/><F37/><W68/><G38/><T43/><D67/><U62/><E57/><V126/><F126/><W49/><G49/><T87/><REACH who="0" step="1"/><D50/><REACH who="0" ten="240,250,250,250" step="2"/><U134/><E134/><V81/><F128/><W92/><G68/><T61/><D61/><U96/><E33/><V20/><F60/><W19/><G5/><T52/><D52/><U111/><E111/><V112/><F112/><W4/><G4/><T110/><D110/><U9/><E62/><V34/><F34/><W88/><G78/><T105/><D105/><U97/><E104/><V59/><F107/><W63/><G76/><T66/><D66/><U70/><E53/><V51/><F51/><W80/><G63/><T7/><D7/><U10/><E70/><V120/><F120/><W116/><G116/><T31/><D31/><U16/><E29/><V123/><F123/><W83/><G118/><T45/><AGARI ba="0,1" hai="36,39,40,43,45,47,87,89,91,93,95,98,114,115" machi="45" ten="30,6000,0" yaku="1,1,0,1,9,1,53,0" doraHai="113" doraHaiUra="79" who="0" fromWho="0" sc="240,70,250,-20,250,-20,250,-20" /><INIT seed="0,1,0,1,0,3" ten="310,230,230,230" oya="0" hai0="25,10,17,66,107,7,123,127,122,92,101,83,69" hai1="119,114,105,85,89,75,95,91,11,109,80,0,2" hai2="120,103,31,22,26,15,129,49,14,121,38,67,53" hai3="44,62,19,77,99,81,133,61,112,76,71,52,113"/><T27/><D127/><U86/><E119/><V8/><F38/><W84/><G133/><T90/><D107/><U64/><E105/><V88/><F129/><W50/><G77/><T115/><D115/><U96/><E109/><V70/><F103/><W111/><G111/><T47/><D101/><U13/><E75/><V39/><F39/><W45/><G99/><T135/><D135/><U106/><E114/><V108/><F108/><W1/><G1/><T100/><D100/><U68/><E106/><V6/><F15/><W46/><G113/><T43/><D83/><U65/><E68/><V55/><F55/><W30/><G30/><T130/><D69/><U28/><E28/><V124/><F124/><W125/><G125/><T87/><D66/><U74/><E74/><V118/><F118/><W51/><G112/><T102/><D102/><N who="1" m="60703" /><E0/><V131/><F131/><W82/><G82/><T79/><D79/><U33/><E2/><V5/><F70/><W32/><G32/><T110/><D130/><U35/><E35/><V24/><F67/><W48/><G71/><T42/><D42/><U63/><E33/><V36/><F36/><W23/><REACH who="3" step="1"/><G52/><REACH who="3" ten="310,230,230,220" step="2"/><T4/><D110/><U134/><E134/><V128/><F128/><W60/><G60/><T78/><D78/><U18/><E63/><V94/><F120/><W56/><G56/><T41/><D122/><U98/><E98/><N who="2" m="57671" /><F121/><W104/><G104/><T54/><D123/><U29/><E29/><V93/><F31/><W37/><G37/><N who="0" m="21935" /><D54/><U57/><E57/><N who="2" m="32943" /><F93/><AGARI ba="1,1" hai="11,13,18,64,65,80,85,86,89,91,93" m="60703" machi="93" ten="30,1000,0" yaku="8,1" doraHai="3" who="1" fromWho="2" sc="310,0,230,23,230,-13,220,0" /><INIT seed="1,0,0,4,5,122" ten="310,253,217,220" oya="1" hai0="102,21,10,65,11,52,82,72,111,4,108,93,14" hai1="19,51,18,29,81,62,80,33,86,133,13,68,40" hai2="66,54,69,121,22,5,45,2,123,98,119,56,79" hai3="42,132,75,87,59,100,126,61,84,71,112,57,116"/><U31/><E133/><V83/><F119/><W127/><G75/><T115/><D115/><U96/><E33/><V118/><F118/><W24/><G116/><T9/><D65/><U39/><E39/><V50/><F69/><W109/><G112/><T105/><D105/><U17/><E68/><V103/><F22/><W41/><G132/><T0/><D21/><U110/><E62/><V25/><F25/><W125/><G100/><T38/><D38/><U134/><E96/><V135/><F135/><W27/><G71/><T97/><D52/><U92/><E92/><V30/><F30/><W55/><G59/><T35/><D35/><U89/><E13/><V77/><F5/><W46/><G109/><N who="0" m="42059" /><D14/><U47/><E134/><V58/><F2/><W20/><G27/><T113/><D113/><U88/><E110/><V60/><F45/><W16/><REACH who="3" step="1"/><G41/><REACH who="3" ten="310,253,217,210" step="2"/><T1/><D0/><U85/><AGARI ba="0,1" hai="17,18,19,29,31,40,47,51,80,81,85,86,88,89" machi="85" ten="30,11700,0" yaku="0,1,9,1,8,1,54,1" doraHai="122" who="1" fromWho="1" sc="310,-39,253,127,217,-39,210,-39" /><INIT seed="1,1,0,2,3,29" ten="271,380,178,171" oya="1" hai0="4,120,50,107,91,67,49,5,28,16,52,68,84" hai1="57,48,90,60,33,7,116,129,104,74,46,34,96" hai2="112,58,24,97,62,45,100,47,82,105,71,83,42" hai3="123,72,134,121,130,78,12,17,92,36,38,95,108"/><U133/><E116/><V20/><F112/><W25/><G108/><T94/><D120/><U79/><E7/><V1/><F1/><W87/><G72/><T13/><D107/><U53/><E129/><V61/><F71/><W115/><G115/><T124/><D124/><U59/><E133/><V41/><F45/><W103/><G130/><T11/><D28/><U64/><E59/><V70/><F70/><W3/><G3/><T43/><D68/><U93/><REACH who="1" step="1"/><E104/><REACH who="1" ten="271,370,178,171" step="2"/><V131/><F131/><W102/><G134/><T6/><D67/><U117/><E117/><V69/><F69/><W76/><G123/><T109/><D109/><U75/><E75/><V98/><F58/><W2/><G121/><T113/><D113/><U30/><E30/><V37/><F105/><W89/><G2/><T86/><D5/><U128/><E128/><V77/><F47/><W35/><G17/><T119/><D119/><U40/><E40/><V26/><F41/><W55/><G55/><T122/><D122/><U54/><E54/><V125/><F125/><W111/><G111/><T135/><D135/><U39/><E39/><V73/><F37/><W15/><G36/><T8/><D43/><U27/><E27/><V0/><F42/><W81/><G38/><T18/><D50/><U9/><E9/><V101/><F26/><W114/><G25/><T65/><D65/><U32/><E32/><V56/><F24/><W19/><G35/><T80/><D11/><U10/><E10/><V88/><F73/><W85/><G114/><T44/><D18/><U99/><E99/><V66/><F98/><RYUUKYOKU ba="1,1" sc="271,15,370,15,178,-15,171,-15" hai0="4,6,8,13,16,44,49,52,80,84,86,91,94" hai1="33,34,46,48,53,57,60,64,74,79,90,93,96" /><INIT seed="1,2,1,3,0,82" ten="286,385,163,156" oya="1" hai0="135,75,58,103,45,51,13,27,70,49,50,86,48" hai1="108,101,113,57,17,115,11,78,14,69,71,44,39" hai2="25,34,99,79,95,114,119,9,68,10,30,22,104" hai3="54,111,28,41,55,85,87,67,53,56,66,133,100"/><U12/><E78/><V24/><F104/><W15/><G111/><T105/><D70/><U94/><E57/><V33/><F119/><W59/><G133/><T46/><D75/><U1/><E1/><V117/><F117/><W134/><G134/><T16/><D135/><U63/><E39/><V96/><F68/><W43/><G100/><T102/><D27/><U74/><E74/><V120/><F120/><W126/><G28/><T77/><D58/><N who="3" m="22057" /><G15/><T98/><D103/><U4/><E108/><V93/><F79/><W64/><G126/><T92/><N who="0" m="12288" /><DORA hai="84" /><T118/><D118/><U125/><E125/><V52/><F52/><W32/><G32/><T132/><D132/><U0/><E0/><V123/><F123/><W72/><G72/><T40/><D40/><AGARI ba="2,1" hai="40,41,43,53,54,55,64,66,67,85,87" m="22057" machi="40" ten="40,8000,1" yaku="28,2,8,1,52,2" doraHai="82,84" who="3" fromWho="0" sc="286,-86,385,0,163,0,156,96" /><INIT seed="2,0,0,3,4,8" ten="200,385,163,252" oya="2" hai0="62,67,69,88,38,117,106,127,122,46,18,108,104" hai1="96,14,135,63,19,29,121,105,94,124,76,49,30" hai2="42,91,26,56,39,68,35,116,22,11,44,84,45" hai3="13,131,66,65,57,27,83,113,32,125,132,92,40"/><V99/><F116/><W70/><G70/><T109/><D122/><U31/><E105/><V90/><F68/><W61/><G131/><T93/><D117/><U1/><E1/><V53/><F35/><W97/><G132/><T59/><D127/><U72/><E135/><V81/><F44/><W100/><G125/><T133/><D133/><U24/><E124/><V37/><F11/><W80/><G113/><T34/><D34/><U36/><E36/><V130/><F130/><W103/><G103/><T128/><D128/><U119/><E72/><V126/><F126/><W60/><G40/><N who="0" m="22807" /><D18/><U64/><E76/><V4/><F4/><W86/><G86/><N who="0" m="52375" /><D59/><U89/><E49/><V50/><F99/><W47/><G47/><T28/><D28/><U79/><E79/><V95/><F37/><W52/><G66/><T120/><D120/><U110/><E119/><V123/><F123/><W115/><G115/><T73/><D73/><U16/><E110/><AGARI ba="0,0" hai="62,67,69,104,106,108,109,110" m="52375,22807" machi="110" ten="30,2000,0" yaku="14,1,54,1" doraHai="8" who="0" fromWho="1" sc="200,20,385,-20,163,0,252,0" /><INIT seed="3,0,0,1,5,102" ten="220,365,163,252" oya="3" hai0="79,5,70,54,103,59,90,23,88,29,22,4,110" hai1="94,75,78,113,24,56,44,28,98,48,39,42,47" hai2="134,2,95,77,40,27,124,80,123,116,92,51,20" hai3="17,31,32,76,64,7,71,86,46,65,121,43,35"/><W68/><G121/><T114/><D70/><U19/><E113/><V61/><F116/><W36/><G7/><N who="0" m="2635" /><D110/><U9/><E56/><V8/><F123/><W12/><G65/><T82/><D103/><U105/><E105/><V63/><F124/><W129/><G129/><T73/><D73/><U135/><E135/><V89/><F134/><W111/><G111/><T15/><D114/><U14/><E78/><V101/><F101/><W58/><G58/><T126/><D126/><U69/><E75/><V38/><F51/><W26/><G64/><T117/><D117/><U93/><E98/><V85/><F95/><W25/><G76/><T122/><D122/><U6/><E69/><V45/><F8/><W106/><G86/><N who="0" m="48479" /><D29/><U104/><E104/><V34/><F2/><W115/><G106/><T13/><D15/><U109/><E6/><V120/><F34/><W67/><G115/><T30/><D30/><U53/><E109/><V118/><F118/><W107/><G107/><T133/><D133/><U81/><E81/><V21/><F120/><W16/><G35/><AGARI ba="0,0" hai="9,14,19,24,28,35,39,42,44,47,48,53,93,94" machi="35" ten="30,1000,0" yaku="7,1" doraHai="102" who="1" fromWho="3" sc="220,0,365,10,163,0,252,-10" owari="220,-18.0,375,47.5,163,-33.7,242,4.2" /></mjloggm>