<mjloggm ver="2.3"><GO type="225" lobby="0"/><UN n0="%E3%81%BE%E3%81%A8%E3%81%9F" n1="%E9%A6%AC%E5%BC%95%E7%81%AB%33" n2="%E3%83%96%E3%83%83%E3%83%91%E3%82%AA%E3%83%96%E3%83%81%E3%82%AD%E3%83%B3" n3="%E5%91%A8%E6%9D%B1" dan="16,17,16,16" rate="2094.27,2170.96,2189.56,2164.01" sx="M,M,M,M"/><TAIKYOKU oya="0"/><INIT seed="0,0,0,3,4,31" ten="250,250,250,250" oya="0" hai0="92,34,5,86,63,80,78,120,77,125,29,24,40" hai1="28,26,42,114,123,131,49,83,71,98,66,88,82" hai2="67,126,128,130,104,111,81,129,2,84,54,121,110" hai3="133,117,96,73,115,11,62,61,116,91,4,127,44"/><T45/><D125/><U33/><E123/><V30/><F2/><W53/><G115/><T0/><D120/><U134/><E114/><V107/><F121/><W38/><G127/><T55/><D92/><U132/><E131/><V47/><F67/><W113/><G73/><T41/><D77/><U39/><E39/><V6/><F6/><W93/><G113/><T17/><D17/><U13/><E13/><V51/><F30/><W85/><G133/><N who="1" m="51306" /><E49/><V46/><F126/><W23/><G38/><T56/><REACH who="0" step="1"/><D45/><REACH who="0" ten="240,250,250,250" step="2"/><U79/><E79/><N who="2" m="46143" /><F46/><W25/><G44/><T15/><D15/><U20/><E42/><V64/><F64/><W59/><G96/><T124/><D124/><U36/><E36/><V65/><F65/><W100/><G117/><T87/><D87/><N who="1" m="50295" /><E98/><V95/><F95/><W75/><G116/><T118/><D118/><U32/><E83/><V109/><AGARI ba="0,1" hai="47,51,54,104,107,109,110,111,128,129,130" m="46143" machi="109" ten="40,2700,0" yaku="14,1,19,1" doraHai="31" who="2" fromWho="2" sc="240,-13,250,-7,250,37,250,-7" /><INIT seed="1,0,0,5,1,55" ten="227,243,287,243" oya="1" hai0="38,1,33,94,122,127,41,37,91,40,82,110,131" hai1="90,89,27,99,9,98,65,20,106,54,51,132,47" hai2="6,49,10,114,57,64,100,74,36,75,3,34,60" hai3="104,128,117,105,23,123,32,50,46,71,93,44,92"/><U70/><E132/><V16/><F36/><W86/><G32/><T30/><D1/><U76/><E76/><V107/><F114/><W95/><G71/><T62/><D131/><U67/><E9/><V2/><F34/><W31/><G123/><T130/><D130/><U135/><E135/><V28/><F28/><W121/><G121/><T84/><D110/><U73/><E73/><V108/><F108/><W43/><G128/><T83/><D122/><U66/><E70/><V5/><F5/><W61/><G117/><T29/><D94/><U85/><E106/><V88/><F2/><W97/><G97/><N who="1" m="36874" /><E85/><V19/><F100/><W45/><G86/><T109/><D33/><U52/><E54/><V111/><F107/><W125/><G125/><T14/><D84/><U59/><E47/><V134/><F134/><W58/><G105/><T11/><D11/><U113/><E113/><V103/><F103/><W21/><G104/><T13/><D109/><U129/><E129/><V79/><F111/><W22/><REACH who="3" step="1"/><G31/><AGARI ba="0,0" hai="20,27,31,51,52,59,65,66,67,89,90" m="36874" machi="31" ten="30,5800,0" yaku="8,1,52,1,54,1" doraHai="55" who="1" fromWho="3" sc="227,0,243,58,287,0,243,-58" /><INIT seed="1,1,0,5,1,103" ten="227,301,287,185" oya="1" hai0="128,52,118,57,63,1,28,66,79,94,20,15,32" hai1="120,113,3,89,81,44,46,54,7,4,22,106,107" hai2="110,45,95,53,108,11,121,101,19,16,29,124,60" hai3="61,135,134,75,92,86,111,51,73,88,69,80,74"/><U62/><E113/><V9/><F121/><W91/><G51/><T127/><D1/><U12/><E3/><V70/><F29/><W78/><G61/><T133/><D118/><U30/><E120/><V55/><F124/><W72/><G69/><T97/><D127/><U65/><E89/><V126/><F126/><W23/><G23/><T35/><D133/><N who="3" m="50697" /><G111/><N who="2" m="42537" /><F101/><W49/><G49/><T71/><D79/><U34/><E81/><V17/><F95/><N who="3" m="54679" /><G74/><T48/><D128/><U102/><E102/><V96/><F45/><W109/><G109/><T25/><REACH who="0" step="1"/><D15/><REACH who="0" ten="217,301,287,185" step="2"/><U31/><E12/><V131/><F131/><W114/><G114/><T42/><D42/><U33/><E33/><V47/><F47/><W104/><G104/><T122/><D122/><U117/><E107/><V76/><F55/><W2/><G2/><T83/><D83/><U100/><E106/><V87/><F53/><W5/><G5/><T112/><D112/><U119/><E34/><V26/><F19/><W130/><G130/><T98/><D98/><AGARI ba="1,1" hai="72,73,75,78,80,91,92,98" m="54679,50697" machi="98" ten="30,7700,0" yaku="20,1,34,2,54,1" doraHai="103" who="3" fromWho="0" sc="217,-80,301,0,287,0,185,90" /><INIT seed="2,0,0,5,5,0" ten="137,301,287,275" oya="2" hai0="113,29,72,121,5,107,81,35,10,60,130,79,4" hai1="51,23,1,120,92,108,22,39,11,97,16,104,38" hai2="17,105,18,6,109,88,8,50,44,67,90,125,75" hai3="114,118,54,41,69,87,124,106,100,21,85,123,15"/><V46/><F105/><W9/><G123/><T57/><D121/><U61/><E104/><V43/><F75/><W33/><G33/><T122/><D122/><U111/><E120/><V102/><F125/><W76/><G118/><T66/><D113/><U68/><E51/><V56/><F102/><W101/><G69/><T74/><D130/><U45/><E11/><V117/><F117/><W48/><G124/><T20/><D35/><U42/><E1/><V99/><F46/><W26/><G41/><T119/><D119/><U31/><E31/><V115/><F115/><W14/><G14/><T86/><D107/><U7/><E7/><V55/><F67/><W27/><G27/><T91/><D72/><U89/><E38/><V128/><F109/><N who="1" m="42057" /><E16/><N who="2" m="6251" /><F99/><W58/><G106/><T98/><D10/><U134/><E134/><V47/><F128/><W13/><G114/><T36/><D36/><U24/><E24/><V94/><F94/><W83/><G15/><T112/><D112/><U12/><E12/><N who="2" m="5143" /><F47/><W28/><G13/><T62/><D62/><AGARI ba="0,0" hai="43,44,50,55,56,62,88,90" m="5143,6251" machi="62" ten="30,11600,0" yaku="8,1,52,1,54,2" doraHai="0" who="2" fromWho="0" sc="137,-116,301,0,287,116,275,0" /><INIT seed="2,1,0,2,2,107" ten="21,301,403,275" oya="2" hai0="38,44,115,90,30,70,6,125,130,12,69,5,127" hai1="61,52,84,8,19,96,55,111,87,122,72,79,105" hai2="68,98,134,7,123,16,112,60,59,51,74,9,66" hai3="121,34,100,29,43,76,119,106,99,63,53,11,25"/><V32/><F112/><W133/><G133/><T102/><D102/><U48/><E111/><V47/><F134/><W39/><G121/><T126/><D90/><U124/><E122/><V73/><F123/><W103/><G119/><T78/><D12/><U54/><E124/><V65/><F32/><W35/><G103/><T101/><D101/><U67/><E48/><V17/><F98/><W128/><G128/><T20/><D130/><U94/><E105/><V21/><F66/><W110/><G110/><T88/><D20/><U81/><E19/><V109/><F68/><W104/><G104/><T0/><D30/><U116/><E8/><V36/><F36/><W132/><G132/><T95/><D115/><U129/><E116/><V92/><F92/><W18/><G39/><T31/><D31/><U93/><E93/><V37/><F37/><W40/><G35/><T62/><D78/><U114/><E114/><V2/><F109/><W33/><G33/><T26/><D26/><U49/><E49/><V91/><F91/><W57/><G76/><T4/><D0/><U45/><E45/><V22/><F22/><W97/><G97/><T131/><D131/><U135/><E135/><V120/><F17/><W46/><G46/><T86/><REACH who="0" step="1"/><D62/><REACH who="0" ten="11,301,403,275" step="2"/><U14/><E14/><V10/><F120/><W108/><G108/><T64/><D64/><U77/><E77/><V27/><F10/><W28/><G29/><T13/><D13/><U24/><E24/><V117/><F117/><W3/><G3/><T71/><D71/><N who="1" m="42479" /><E129/><V58/><F2/><W75/><G28/><T80/><D80/><RYUUKYOKU ba="1,1" sc="11,15,301,15,403,-15,275,-15" hai0="4,5,6,38,44,69,70,86,88,95,125,126,127" hai1="52,54,55,72,79,81,84,87,94,96" /><INIT seed="3,2,1,3,1,89" ten="26,316,388,260" oya="3" hai0="74,118,67,72,70,35,46,15,81,130,111,5,64" hai1="110,48,18,39,104,49,98,96,129,123,25,68,132" hai2="105,82,103,80,112,6,51,93,99,36,22,97,69" hai3="58,14,1,43,83,11,50,29,60,2,21,134,28"/><W121/><G121/><T108/><D35/><U126/><E39/><V40/><F36/><W16/><G134/><T101/><D15/><U107/><E68/><V47/><F69/><W26/><G29/><T84/><D5/><U61/><E61/><V56/><F112/><W57/><G83/><T54/><D70/><U75/><E75/><V77/><F6/><W131/><G131/><T127/><D46/><U17/><E123/><V3/><F3/><W13/><G13/><T66/><D54/><U88/><E132/><V124/><F124/><W71/><G71/><T33/><D33/><U85/><E85/><V9/><F9/><W27/><G27/><T44/><D44/><U10/><E10/><V87/><F56/><W73/><G73/><T91/><D127/><U120/><E120/><V135/><F135/><W115/><G115/><T133/><D133/><U86/><E86/><V125/><F125/><W102/><G102/><T52/><D118/><U78/><E78/><V65/><F65/><W59/><REACH who="3" step="1"/><G60/><REACH who="3" ten="26,316,388,250" step="2"/><T92/><D130/><U122/><E122/><V106/><F82/><W31/><G31/><T7/><D7/><U53/><E126/><V63/><F63/><W62/><G62/><T0/><D0/><U12/><E25/><V109/><F103/><W37/><G37/><T19/><D19/><U23/><E12/><V24/><F80/><W76/><G76/><T114/><D114/><U79/><E79/><V45/><F77/><W34/><G34/><T30/><D30/><U41/><E129/><V32/><F32/><W8/><G8/><T95/><D74/><RYUUKYOKU ba="2,2" sc="26,-10,316,-10,388,-10,250,30" hai3="1,2,11,14,16,21,26,28,43,50,57,58,59" /><INIT seed="3,3,2,3,4,1" ten="16,306,378,280" oya="3" hai0="11,125,80,117,72,91,78,68,43,32,6,79,111" hai1="8,7,107,120,134,71,88,73,90,76,53,118,46" hai2="47,36,45,130,21,100,121,54,108,77,55,83,114" hai3="69,27,16,85,12,128,18,28,131,89,25,75,62"/><W133/><G75/><T5/><D117/><U14/><E120/><V112/><F100/><W22/><G133/><T97/><D111/><U60/><E107/><V26/><F108/><W38/><G38/><T92/><D125/><U30/><E134/><V37/><F121/><W24/><G69/><T19/><D68/><U82/><E118/><V66/><F130/><N who="3" m="49707" /><G62/><T40/><D32/><U48/><REACH who="1" step="1"/><E30/><REACH who="1" ten="16,296,378,280" step="2"/><V65/><F114/><W64/><G64/><AGARI ba="3,3" hai="7,8,14,46,48,53,60,64,71,73,76,82,88,90" machi="64" ten="40,8000,1" yaku="1,1,2,1,52,1,54,1,53,1" doraHai="1" doraHaiUra="2" who="1" fromWho="3" sc="16,0,296,119,378,0,280,-89" owari="16,-48.4,415,51.5,378,17.8,191,-20.9" /></mjloggm>