<mjloggm ver="2.3"><GO type="225" lobby="0"/><UN n0="%72%61%6B%33" n1="%E6%A1%9C%E8%8A%B1%E9%96%83%E3%80%85" n2="%E5%B0%8F%E9%B3%A5%E9%81%8A%E7%B7%B4%E7%84%A1%32%31%E6%AD%B3" n3="%E5%84%AA%40%41%42%43" dan="16,16,17,16" rate="2099.49,2210.57,2193.56,2125.95" sx="M,M,F,M"/><TAIKYOKU oya="0"/><INIT seed="0,0,0,3,1,70" ten="250,250,250,250" oya="0" hai0="71,120,82,11,135,106,119,39,114,49,86,60,2" hai1="42,58,77,36,95,118,38,0,47,100,76,16,107" hai2="105,3,99,85,123,75,69,43,20,90,9,113,133" hai3="116,55,57,72,127,32,73,24,131,48,132,25,54"/><T41/><D114/><U15/><E118/><V83/><F113/><W5/><G116/><T117/><D120/><U44/><E0/><V110/><F69/><W88/><G5/><T134/><D106/><U98/><E58/><V122/><F133/><N who="0" m="50698" /><D2/><U125/><E125/><V1/><F110/><W89/><G132/><T31/><D31/><U130/><E130/><V19/><F75/><W51/><G57/><T40/><D11/><U128/><E107/><V64/><F64/><W10/><G10/><T45/><D86/><U103/><E103/><V80/><F80/><W92/><G92/><T46/><D82/><U8/><E128/><V34/><F34/><W33/><REACH who="3" step="1"/><G131/><REACH who="3" ten="250,250,250,240" step="2"/><T101/><D101/><U14/><E14/><V94/><F123/><W108/><G108/><T6/><D6/><U28/><E28/><V97/><F122/><W13/><G13/><T68/><D68/><U79/><REACH who="1" step="1"/><E47/><REACH who="1" ten="250,240,250,240" step="2"/><V18/><F105/><W30/><G30/><T67/><AGARI ba="0,2" hai="39,40,41,45,46,49,60,67,71,117,119" m="50698" machi="67" ten="30,11700,0" yaku="20,1,34,2,52,1" doraHai="70" who="0" fromWho="0" sc="250,137,240,-39,250,-39,240,-39" /><INIT seed="0,1,0,2,1,34" ten="387,201,211,201" oya="0" hai0="56,70,123,18,1,85,83,125,117,31,101,81,91" hai1="112,20,133,21,107,84,9,68,96,55,63,108,48" hai2="97,44,88,93,36,95,10,57,29,17,66,65,82" hai3="25,4,77,71,52,124,40,6,132,51,2,13,92"/><T8/><D117/><U109/><E133/><V128/><F128/><W39/><G71/><T135/><D123/><U37/><E37/><V53/><F29/><W111/><G111/><N who="1" m="42570" /><E112/><V32/><F32/><W5/><G124/><T58/><D70/><U49/><E84/><N who="2" m="50199" /><F36/><W16/><G132/><T122/><D122/><U120/><E120/><V67/><F93/><W22/><G77/><T98/><D125/><U45/><E9/><V54/><F57/><N who="3" m="32927" /><G2/><T46/><D31/><U118/><E118/><V59/><F59/><W15/><G39/><T64/><D135/><U62/><E49/><N who="2" m="28839" /><F54/><W105/><G105/><T130/><D130/><U134/><E134/><V126/><F126/><W11/><G40/><T33/><D33/><U3/><E3/><V7/><F7/><N who="3" m="3327" /><G92/><T80/><D46/><U12/><E68/><V60/><F60/><N who="1" m="23081" /><E12/><AGARI ba="1,0" hai="4,5,6,12,15,16,22,25" m="3327,32927" machi="12" ten="30,3900,0" yaku="8,1,54,2" doraHai="34" who="3" fromWho="1" sc="387,0,201,-42,211,0,201,42" /><INIT seed="1,0,0,1,0,106" ten="387,159,211,243" oya="1" hai0="34,82,28,110,73,65,83,45,95,32,50,40,71" hai1="27,36,61,104,13,90,79,96,48,67,3,134,57" hai2="92,74,38,128,4,1,113,84,58,115,91,51,49" hai3="39,31,80,100,5,107,126,98,114,12,53,46,109"/><U62/><E3/><V72/><F38/><W18/><G114/><N who="2" m="43529" /><F128/><W54/><G109/><T77/><D110/><U30/><E36/><V35/><F35/><W86/><G126/><T76/><D95/><U63/><E134/><V10/><F58/><W9/><G31/><T105/><D105/><U122/><E122/><V116/><F116/><W47/><G47/><T25/><D65/><U135/><E135/><V112/><N who="2" m="43537" /><V85/><DORA hai="101" /><F85/><W14/><G46/><T0/><D0/><U21/><E79/><V120/><F120/><W125/><G39/><T41/><D71/><U56/><E13/><V99/><F84/><W37/><G37/><T129/><D129/><U16/><E30/><V22/><F22/><W94/><G107/><T11/><D11/><U24/><E24/><V6/><F6/><W88/><G125/><T132/><D132/><U66/><E62/><V60/><F60/><W133/><G133/><T52/><D32/><U103/><E90/><V75/><AGARI ba="0,0" hai="1,4,10,49,51,72,74,75,91,92,99" m="43537" machi="75" ten="50,8000,1" yaku="11,1,52,3" doraHai="106,101" who="2" fromWho="2" sc="387,-20,159,-40,211,80,243,-20" /><INIT seed="2,0,0,2,4,46" ten="367,119,291,223" oya="2" hai0="131,113,108,90,4,52,119,24,72,1,57,125,67" hai1="22,97,84,6,133,13,115,9,73,0,130,50,42" hai2="37,43,75,71,132,105,29,23,78,87,86,112,117" hai3="62,7,30,95,94,129,116,16,121,5,80,31,83"/><V118/><F112/><W18/><G121/><T8/><D113/><U33/><E115/><V64/><F105/><W17/><G116/><T96/><D119/><U89/><E130/><V74/><F132/><W127/><G62/><T66/><D72/><U32/><E133/><V81/><F87/><W104/><G104/><T12/><D131/><U70/><E70/><V20/><F29/><N who="3" m="10763" /><G127/><T19/><D125/><U107/><E73/><V128/><F128/><W106/><G106/><T61/><D108/><U100/><E22/><V28/><F28/><W51/><G51/><T68/><D24/><U110/><E0/><V102/><F74/><W35/><G35/><T124/><D124/><U135/><E110/><V26/><F75/><W98/><G98/><T99/><D90/><U41/><E41/><V21/><F26/><W39/><G39/><T109/><D67/><U76/><E135/><V77/><F77/><W79/><G79/><T69/><D69/><U27/><E27/><V3/><F3/><W36/><G36/><T92/><D109/><U15/><E15/><V10/><F117/><W58/><G58/><T85/><D66/><U48/><E76/><V91/><F78/><W134/><G134/><T65/><D65/><U25/><E42/><V34/><F43/><W63/><G63/><T122/><D68/><U60/><E60/><V126/><F37/><W88/><G129/><T47/><D122/><U45/><E25/><V53/><F126/><W120/><G120/><T38/><D38/><U2/><E2/><V93/><F118/><W123/><G123/><T55/><D1/><RYUUKYOKU ba="0,0" sc="367,0,119,0,291,0,223,0" /><INIT seed="3,1,0,4,3,109" ten="367,119,291,223" oya="3" hai0="113,119,6,98,27,30,99,24,51,102,28,73,111" hai1="130,43,13,134,121,77,18,123,106,36,55,93,0" hai2="66,7,41,11,35,124,131,89,107,26,65,71,58" hai3="31,75,81,110,94,63,133,116,9,52,39,57,100"/><W127/><G116/><T88/><D111/><U45/><E106/><V67/><F107/><W22/><G110/><T112/><D119/><U83/><E130/><V76/><F131/><W108/><G108/><T42/><D73/><U128/><E128/><V135/><F71/><W126/><G39/><T37/><D37/><U87/><E134/><V85/><F135/><W68/><G133/><T62/><D6/><U104/><E104/><V70/><F41/><W53/><G68/><T1/><D1/><U103/><E0/><V12/><F70/><W4/><G75/><T5/><D5/><U90/><E103/><V86/><F124/><N who="3" m="47659" /><G81/><T114/><D62/><U132/><E132/><V118/><F76/><W91/><G100/><T15/><D15/><U40/><E40/><V10/><F118/><W33/><G33/><T61/><D61/><U72/><E55/><V117/><F35/><W48/><G22/><N who="0" m="15383" /><D88/><U82/><E82/><V38/><F89/><W3/><G31/><T69/><D69/><U122/><E122/><V46/><F38/><W95/><G91/><T78/><D78/><U105/><E105/><V49/><F117/><W97/><G97/><T23/><D102/><U54/><E54/><V14/><F67/><W96/><G96/><T84/><D84/><U47/><E47/><AGARI ba="1,0" hai="3,4,9,47,48,52,53,57,63,94,95" m="47659" machi="47" ten="30,2900,0" yaku="18,1,54,1" doraHai="109" who="3" fromWho="1" sc="367,0,119,-32,291,0,223,32" /><AGARI ba="1,0" hai="23,27,30,42,47,51,98,99,112,113,114" m="15383" machi="47" ten="30,7700,0" yaku="11,1,52,3" doraHai="109" who="0" fromWho="1" sc="367,77,87,-77,291,0,255,0" /><INIT seed="3,2,0,2,0,110" ten="444,10,291,255" oya="3" hai0="120,93,127,61,100,117,131,64,84,10,18,126,2" hai1="53,34,94,11,49,60,78,114,16,56,29,103,118" hai2="52,71,77,97,119,90,79,46,24,81,26,76,20" hai3="106,67,107,37,104,134,135,25,111,89,62,65,33"/><W82/><BYE who="1" /><G89/><T115/><D117/><U68/><E68/><V129/><F71/><N who="3" m="42423" /><G82/><T21/><D120/><U63/><E63/><V58/><F129/><W133/><G67/><T42/><D131/><U55/><E55/><V54/><F119/><W101/><G111/><T80/><D42/><U9/><E9/><V128/><F128/><W121/><G121/><T91/><D2/><U47/><E47/><V38/><F38/><W122/><G122/><T102/><D10/><U31/><E31/><V96/><F46/><W22/><G37/><T41/><D41/><U105/><E105/><V48/><F54/><W109/><G109/><T70/><D80/><U13/><E13/><V125/><F125/><N who="0" m="47626" /><D115/><U130/><E130/><V88/><F26/><AGARI ba="2,0" hai="18,21,26,61,64,70,84,91,93,100,102" m="47626" machi="26" ten="30,1000,0" yaku="18,1" doraHai="110" who="0" fromWho="2" sc="444,16,10,0,291,-16,255,0" owari="460,56.0,10,-49.0,275,7.5,255,-14.5" /></mjloggm>