<mjloggm ver="2.3"><GO type="225" lobby="0"/><UN n0="%E6%98%93%E5%88%A9%E8%96%A9%E4%BC%AF" n1="%E5%B0%8F%E9%B3%A5%E9%81%8A%E7%B7%B4%E7%84%A1%32%31%E6%AD%B3" n2="%E4%BB%A5%E5%A5%B3%E7%A5%9E%E4%B9%8B%E5%90%8D%E8%A8%B1%E9%A1%98" n3="%E3%81%A4%E3%81%A3%E3%81%B1%E3%82%8A%E3%83%9D%E3%83%BC%E3%83%AB" dan="17,16,16,17" rate="2164.75,2178.64,2041.11,2175.27" sx="F,F,M,M"/><TAIKYOKU oya="0"/><INIT seed="0,0,0,2,3,90" ten="250,250,250,250" oya="0" hai0="124,91,4,111,75,40,43,70,97,62,53,66,83" hai1="37,29,14,21,61,74,39,64,120,41,8,117,7" hai2="20,28,86,94,9,126,76,85,36,44,42,80,69" hai3="13,127,130,84,129,82,32,125,103,87,81,49,15"/><T17/><D124/><N who="3" m="47689" /><G32/><T22/><D111/><U134/><E74/><V107/><F69/><W131/><G49/><T133/><D133/><U100/><E134/><V12/><F107/><W63/><G63/><T71/><D71/><U93/><E120/><V3/><F126/><W0/><G0/><T132/><D4/><U135/><E41/><V102/><F3/><W38/><G38/><T19/><D132/><U24/><E135/><V11/><F12/><N who="3" m="4683" /><G103/><T119/><D119/><U123/><E117/><V54/><F54/><W52/><G52/><T45/><D53/><U10/><E10/><V57/><F57/><W118/><G118/><T16/><D22/><U26/><E26/><V6/><F6/><W98/><G98/><T59/><D70/><U128/><E123/><V50/><F36/><W105/><G105/><T35/><D35/><U60/><E61/><V122/><F122/><W92/><G92/><T34/><D34/><U99/><REACH who="1" step="1"/><E128/><REACH who="1" ten="250,240,250,250" step="2"/><V31/><F42/><W88/><G131/><T48/><D43/><U79/><E79/><AGARI ba="0,1" hai="79,81,82,84,87,88,129,130" m="4683,47689" machi="79" ten="30,2000,0" yaku="18,1,54,1" doraHai="90" who="3" fromWho="1" sc="250,0,240,-20,250,0,250,30" /><INIT seed="1,0,0,1,1,114" ten="250,220,250,280" oya="1" hai0="21,110,135,90,132,54,131,70,125,85,77,120,66" hai1="34,127,33,97,47,51,92,113,112,95,89,106,123" hai2="57,16,133,107,5,61,119,38,39,35,23,30,42" hai3="25,108,3,11,102,117,129,4,36,124,128,105,99"/><U44/><E123/><V84/><F107/><W109/><G36/><T64/><D120/><U46/><E127/><V72/><F72/><W126/><G25/><T32/><D32/><U0/><E0/><V56/><F133/><N who="0" m="51274" /><D110/><N who="3" m="42601" /><G117/><T1/><D1/><U69/><E106/><V58/><F119/><W80/><G80/><T93/><D70/><U65/><E51/><V79/><F5/><W86/><G86/><T41/><D41/><U40/><E40/><V81/><F42/><W37/><G37/><T67/><D131/><AGARI ba="0,0" hai="3,4,11,99,102,105,124,126,128,129,131" m="42601" machi="131" ten="30,3900,0" yaku="19,1,14,1,23,1" doraHai="114" who="3" fromWho="0" sc="250,-39,220,0,250,0,280,39" /><INIT seed="2,0,0,1,3,81" ten="211,220,250,319" oya="2" hai0="4,90,121,135,110,29,115,95,30,76,47,112,43" hai1="133,26,126,79,120,66,52,62,49,38,123,96,60" hai2="113,6,74,130,84,39,92,67,57,97,23,117,124" hai3="51,33,56,118,3,119,80,50,36,16,86,19,132"/><V82/><F117/><W131/><G36/><T85/><D121/><N who="1" m="46667" /><E133/><V40/><F113/><W34/><G3/><T114/><D135/><U100/><E38/><V111/><F124/><W12/><G132/><T20/><D110/><U28/><E79/><V46/><F130/><W59/><G80/><T0/><D20/><N who="1" m="15431" /><E66/><V72/><F111/><W61/><G12/><T55/><D55/><U70/><E70/><V64/><F6/><W93/><G61/><T7/><D76/><U91/><E91/><V129/><F129/><W109/><G131/><T71/><D71/><U10/><E10/><V58/><F23/><W31/><G109/><T9/><REACH who="0" step="1"/><D7/><REACH who="0" ten="201,220,250,319" step="2"/><U127/><E127/><V107/><F74/><W101/><G119/><T65/><D65/><U69/><E69/><V37/><F72/><W14/><G118/><T5/><D5/><U32/><E126/><V27/><F67/><W94/><G33/><T98/><D98/><U99/><E32/><V41/><F64/><W105/><G34/><T108/><D108/><U11/><E11/><V83/><F97/><N who="1" m="37449" /><E100/><V102/><F102/><W24/><G101/><T53/><D53/><U128/><E128/><V125/><F125/><W116/><G116/><T54/><D54/><U75/><E75/><V35/><F35/><W73/><G73/><T8/><D8/><U21/><E21/><V77/><F77/><W122/><G122/><T89/><D89/><U88/><E88/><N who="2" m="53255" /><F107/><W134/><G105/><T103/><D103/><U22/><E22/><V18/><F41/><W1/><G134/><T48/><AGARI ba="0,1" hai="0,4,9,29,30,43,47,48,85,90,95,112,114,115" machi="48" ten="30,7900,0" yaku="1,1,0,1,52,1,53,1" doraHai="81" doraHaiUra="42" who="0" fromWho="0" sc="201,89,220,-20,250,-39,319,-20" /><INIT seed="3,0,0,2,0,27" ten="290,200,211,299" oya="3" hai0="7,55,50,117,58,1,118,30,39,122,42,115,97" hai1="5,87,105,79,132,28,23,100,9,98,31,123,82" hai2="19,112,59,2,72,11,91,26,15,78,6,37,33" hai3="70,49,126,64,10,77,66,93,14,99,21,127,32"/><W65/><G32/><T68/><D122/><U84/><E123/><V43/><F112/><W125/><G77/><T22/><D97/><U53/><E132/><V48/><F72/><W120/><G120/><T62/><D22/><U63/><E23/><V85/><F78/><W0/><G0/><T96/><D96/><U133/><E133/><V107/><F107/><W108/><G108/><T41/><D30/><U92/><E105/><V75/><F75/><W114/><G114/><T40/><D7/><U111/><E111/><V12/><F37/><W129/><G129/><T74/><D1/><U17/><E87/><V45/><F59/><W101/><G49/><T134/><D74/><U61/><E17/><V18/><F2/><W71/><G21/><T24/><D115/><U46/><E46/><V44/><F44/><W56/><G56/><T94/><D68/><U3/><REACH who="1" step="1"/><E53/><REACH who="1" ten="290,190,211,299" step="2"/><V88/><F85/><W20/><G20/><T103/><D55/><U38/><E38/><V54/><F54/><W73/><G73/><T102/><D134/><U47/><E47/><V110/><F33/><W119/><G119/><T81/><D117/><U106/><E106/><V69/><F110/><W89/><G127/><T25/><D118/><U76/><E76/><V16/><F18/><N who="3" m="8535" /><G126/><T116/><D116/><U113/><E113/><V4/><F19/><W124/><G124/><T130/><D39/><U29/><AGARI ba="0,1" hai="3,5,9,28,29,31,61,63,79,82,84,92,98,100" machi="29" ten="30,12000,2" yaku="1,1,0,1,52,3,53,1" doraHai="27" doraHaiUra="80" who="1" fromWho="1" sc="290,-30,190,130,211,-30,299,-60" owari="260,6.0,320,42.0,181,-31.9,239,-16.1" /></mjloggm>