<mjloggm ver="2.3"><GO type="225" lobby="0"/><UN n0="%E4%BF%BA%E3%81%A8%E5%A6%96%E5%A4%A2" n1="%E3%83%B4%E3%83%A0%EF%BC%99%E3%81%A6" n2="%E7%9A%AE%E3%80%85" n3="%E3%83%96%E3%83%83%E3%83%91%E3%82%AA%E3%83%96%E3%83%81%E3%82%AD%E3%83%B3" dan="16,16,16,16" rate="2095.54,2184.87,2161.14,2177.21" sx="F,M,F,M"/><TAIKYOKU oya="0"/><INIT seed="0,0,0,4,5,29" ten="250,250,250,250" oya="0" hai0="18,101,41,83,120,110,130,63,106,76,34,123,46" hai1="82,10,19,32,85,33,78,16,12,122,59,13,22" hai2="129,72,36,77,75,80,64,53,91,81,79,103,114" hai3="89,15,94,115,131,104,51,39,121,66,25,28,102"/><T90/><D130/><U60/><REACH who="1" step="1"/><E122/><REACH who="1" ten="250,240,250,250" step="2"/><V62/><F129/><W96/><G121/><T6/><D123/><U105/><E105/><V17/><F114/><W14/><G131/><T87/><D120/><U67/><AGARI ba="0,1" hai="10,12,13,16,19,22,32,33,59,60,67,78,82,85" machi="67" ten="20,12000,2" yaku="21,2,0,1,7,1,52,2,54,1,53,0" doraHai="29" doraHaiUra="113" who="1" fromWho="1" sc="250,-60,240,130,250,-30,250,-30" /><INIT seed="1,0,0,3,3,87" ten="190,370,220,220" oya="1" hai0="98,94,27,69,133,15,4,103,114,74,9,40,76" hai1="83,126,51,6,135,102,70,79,63,5,99,84,42" hai2="115,18,43,33,50,60,2,57,127,31,95,59,106" hai3="66,56,41,34,80,134,37,124,113,132,72,110,104"/><U117/><E117/><V46/><F106/><W48/><G34/><T8/><D114/><U17/><E126/><V112/><F127/><W29/><G29/><T125/><D125/><U45/><E135/><N who="3" m="51754" /><G124/><T121/><D133/><U11/><E70/><V32/><F2/><W97/><G113/><N who="2" m="43593" /><F18/><W1/><G110/><T7/><D69/><U100/><E63/><V24/><F33/><W82/><G1/><T101/><D121/><U93/><E100/><V111/><F111/><W67/><G37/><T3/><D40/><U14/><AGARI ba="0,0" hai="5,6,11,14,17,42,45,51,79,83,84,93,99,102" machi="14" ten="30,3000,0" yaku="0,1,8,1" doraHai="87" who="1" fromWho="1" sc="190,-10,370,30,220,-10,220,-10" /><INIT seed="1,1,0,0,5,1" ten="180,400,210,210" oya="1" hai0="35,113,25,88,109,104,9,20,54,80,68,112,131" hai1="11,105,110,126,56,29,74,100,124,52,58,17,70" hai2="76,51,24,118,37,8,69,60,84,45,87,122,71" hai3="117,38,132,82,75,34,6,63,40,4,48,115,133"/><U55/><E70/><V129/><F118/><W59/><G115/><T77/><D35/><U18/><E74/><V33/><F122/><W107/><G34/><T23/><D104/><U125/><E29/><V119/><F119/><W135/><G107/><T32/><D32/><U97/><E110/><V73/><F129/><W81/><G38/><T79/><D68/><U108/><E108/><V49/><F37/><W94/><G117/><T86/><D109/><U44/><E44/><V101/><F73/><W98/><G48/><T28/><D131/><U7/><E58/><V128/><F128/><W93/><G40/><T121/><D121/><U102/><E102/><V41/><F101/><N who="3" m="60623" /><G94/><T78/><D54/><N who="1" m="20523" /><E56/><V103/><F103/><W27/><G27/><T3/><REACH who="0" step="1"/><D23/><REACH who="0" ten="170,400,210,210" step="2"/><U111/><E111/><V61/><F69/><W83/><G75/><T21/><D21/><U39/><E39/><V106/><F71/><W99/><G99/><T62/><D62/><U67/><E67/><AGARI ba="1,1" hai="4,6,59,63,67,81,82,83,132,133,135" m="60623" machi="67" ten="40,5200,0" yaku="20,1,52,2" doraHai="1" who="3" fromWho="1" sc="170,0,400,-55,210,0,210,65" /><INIT seed="2,0,0,4,3,78" ten="170,345,210,275" oya="2" hai0="25,56,18,100,40,8,112,54,38,98,119,73,55" hai1="51,5,90,19,115,16,107,86,89,0,99,116,9" hai2="70,17,52,113,125,2,67,48,32,127,12,80,97" hai3="92,85,41,117,58,129,101,83,50,20,77,27,79"/><V66/><F2/><W11/><G117/><T68/><D112/><U36/><E116/><V46/><F113/><W133/><G133/><T96/><D119/><U34/><E36/><V74/><F32/><W29/><G129/><T126/><D68/><U1/><E34/><V14/><F97/><W132/><G132/><T94/><D73/><U30/><E115/><V72/><F12/><W69/><G69/><T33/><D126/><N who="2" m="48138" /><F70/><W61/><G11/><T124/><D124/><U123/><E30/><V103/><F103/><W104/><G104/><T128/><D128/><U121/><E0/><V109/><F109/><W71/><G71/><T45/><D33/><U108/><E108/><V76/><F72/><W21/><G21/><AGARI ba="0,0" hai="14,17,21,46,48,52,66,67,74,76,80" m="48138" machi="21" ten="30,5800,0" yaku="18,1,52,1,54,1" doraHai="78" who="2" fromWho="3" sc="170,0,345,0,210,58,275,-58" /><INIT seed="2,1,0,3,1,100" ten="170,345,268,217" oya="2" hai0="47,36,110,89,95,60,30,77,4,101,34,2,122" hai1="10,5,112,20,52,25,80,65,14,15,99,58,71" hai2="73,39,130,46,123,26,117,69,116,37,61,40,23" hai3="102,55,124,0,76,111,97,134,54,106,79,133,18"/><V113/><F73/><W114/><G111/><T108/><D122/><U74/><E112/><V68/><F123/><W19/><G0/><T131/><D77/><N who="3" m="29769" /><G114/><T59/><D4/><U6/><E74/><V104/><F113/><W83/><G83/><T13/><D2/><U32/><E32/><V129/><F61/><W90/><G90/><T44/><D13/><U70/><E80/><V56/><F56/><W22/><G124/><T75/><D75/><U45/><E45/><V28/><F39/><W8/><G8/><T21/><D34/><U126/><E65/><V120/><F120/><W41/><G41/><T86/><D101/><U48/><E99/><V51/><F51/><W98/><G98/><T11/><D11/><U62/><E62/><V29/><F29/><W96/><G18/><T128/><D108/><U132/><E126/><V43/><F43/><W118/><G97/><T12/><D110/><U94/><E94/><V64/><F64/><W82/><G82/><T53/><D36/><U109/><E109/><V33/><F23/><W50/><G118/><N who="2" m="45673" /><F104/><W3/><G3/><T103/><D103/><U49/><E49/><V16/><F16/><W67/><G67/><T87/><D87/><U72/><E72/><V84/><F84/><W9/><G9/><T24/><REACH who="0" step="1"/><D12/><REACH who="0" ten="160,345,268,217" step="2"/><U105/><E14/><V7/><F7/><W135/><G50/><T31/><D31/><U93/><E5/><V57/><F57/><W42/><G42/><T119/><D119/><U35/><E6/><V66/><F66/><W121/><G121/><T27/><D27/><AGARI ba="1,1" hai="19,22,27,54,55,96,102,106,133,134,135" m="29769" machi="27" ten="30,2000,0" yaku="20,1,52,1" doraHai="100" who="3" fromWho="0" sc="160,-23,345,0,268,0,217,33" /><INIT seed="3,0,0,4,1,60" ten="137,345,268,250" oya="3" hai0="121,19,113,92,59,58,68,131,129,108,116,83,15" hai1="112,43,57,100,133,89,123,78,1,74,6,25,18" hai2="73,93,37,54,0,65,55,9,135,52,86,8,10" hai3="44,76,130,48,47,12,27,49,2,41,28,77,23"/><W39/><G2/><T132/><D116/><U104/><E112/><V53/><F73/><W110/><G130/><T107/><D107/><U122/><E57/><V40/><N who="2" m="13312" /><DORA hai="125" /><V3/><F135/><W22/><G110/><T101/><D121/><U98/><E133/><V72/><F72/><W56/><G56/><T24/><D132/><U88/><E18/><V67/><F37/><W14/><G39/><T80/><D68/><U29/><E43/><V64/><F40/><N who="3" m="24583" /><G14/><T5/><D108/><U119/><E119/><V124/><F124/><W99/><G99/><T114/><D59/><U63/><E63/><V126/><F126/><W26/><G12/><T103/><D58/><U109/><E109/><V32/><F32/><W4/><G4/><T94/><D5/><U21/><E123/><V51/><F51/><W81/><G81/><T45/><D15/><U128/><E128/><N who="0" m="49225" /><D45/><U97/><E122/><V42/><F42/><W118/><G118/><T20/><D83/><U84/><E6/><V115/><F115/><N who="0" m="44042" /><D80/><U111/><E111/><V36/><F36/><W69/><G69/><T71/><D71/><U85/><E104/><V7/><F7/><W95/><G95/><AGARI ba="0,0" hai="19,20,24,92,94,95,101,103" m="44042,49225" machi="95" ten="30,8000,1" yaku="19,1,11,1,52,3" doraHai="60,125" who="0" fromWho="3" sc="137,80,345,0,268,0,250,-80" owari="217,-18.3,345,44.5,268,6.8,170,-33.0" /></mjloggm>