<mjloggm ver="2.3"><GO type="225" lobby="0"/><UN n0="%E5%8D%A0%E3%81%84%E5%B8%AB%E8%A3%8F%E3%81%AA%E3%81%84%E3%81%97" n1="%E3%83%81%E3%83%83%E3%82%BF%E3%82%BD%E3%83%BC" n2="%6B%75%72%69%73%75" n3="%41%6F%54" dan="17,16,16,16" rate="2209.02,2159.37,2029.02,2084.65" sx="M,F,F,M"/><TAIKYOKU oya="0"/><INIT seed="0,0,0,2,1,81" ten="250,250,250,250" oya="0" hai0="13,73,53,120,95,74,93,24,33,50,98,97,58" hai1="122,52,118,124,56,45,115,123,105,19,65,126,103" hai2="99,1,92,8,132,128,71,102,78,135,51,86,3" hai3="104,23,40,63,72,130,114,113,125,133,111,85,91"/><T0/><D0/><U87/><E118/><V32/><F32/><W61/><G72/><T129/><D120/><U43/><E115/><V20/><F71/><W10/><G104/><T66/><D129/><U2/><E2/><V49/><F128/><W90/><G130/><T127/><D127/><N who="1" m="48683" /><E65/><V47/><F51/><W88/><G125/><T26/><D66/><U55/><E103/><V16/><F8/><W59/><G111/><T107/><D107/><U34/><E105/><V57/><F57/><W35/><G35/><T64/><D64/><U96/><E96/><V84/><F78/><W36/><G133/><N who="2" m="51273" /><F1/><W28/><G10/><T60/><D33/><U30/><E19/><V83/><F83/><W108/><G108/><T62/><D50/><N who="1" m="26943" /><E30/><V70/><F70/><W82/><G113/><T9/><D9/><U39/><E34/><V106/><F3/><W131/><G114/><T77/><D13/><U119/><E39/><V14/><F106/><W112/><G112/><T134/><D134/><U80/><E119/><V94/><F94/><W17/><G28/><T11/><D11/><U38/><E38/><V101/><F101/><W22/><G131/><T7/><D77/><N who="1" m="46479" /><E55/><AGARI ba="0,0" hai="14,16,20,47,49,55,84,86,92,99,102" m="51273" machi="55" ten="30,7700,0" yaku="20,1,52,2,54,1" doraHai="81" who="2" fromWho="1" sc="250,0,250,-77,250,77,250,0" /><INIT seed="1,0,0,3,4,106" ten="250,173,327,250" oya="1" hai0="17,117,96,74,121,128,20,81,42,39,13,116,107" hai1="131,93,98,124,123,21,76,30,66,43,133,0,69" hai2="34,101,46,62,86,129,23,75,127,89,45,135,83" hai3="109,82,100,112,3,35,118,78,48,80,10,113,110"/><U5/><E123/><V15/><F34/><W94/><G35/><T49/><D121/><U58/><E124/><V88/><F75/><N who="3" m="43103" /><G48/><T8/><D128/><U40/><E69/><V24/><F135/><W51/><G51/><T84/><D39/><U105/><E105/><V54/><F129/><W26/><G26/><T36/><D36/><U99/><E131/><V57/><F101/><W132/><G10/><T38/><D38/><U47/><E133/><V68/><F68/><W25/><G25/><T122/><D122/><U108/><E108/><N who="3" m="41578" /><G3/><T60/><D60/><N who="1" m="38167" /><E0/><V77/><F15/><W37/><G37/><T1/><D74/><U7/><E76/><V104/><F104/><W64/><G64/><T111/><D107/><U91/><E99/><V22/><F22/><W59/><G59/><T9/><D96/><U52/><E30/><N who="2" m="17695" /><F127/><W29/><G29/><T134/><D134/><U115/><E115/><V11/><F11/><N who="0" m="4170" /><D1/><U27/><E27/><V114/><F114/><W6/><G132/><T119/><D111/><U70/><E21/><V92/><F77/><W12/><G113/><T53/><D119/><U16/><E70/><V63/><F63/><W90/><G118/><T65/><D117/><U19/><E7/><V125/><F125/><W33/><G33/><T61/><D116/><U71/><E71/><V73/><F73/><W4/><G112/><T130/><D130/><U50/><E5/><V32/><F32/><W14/><G6/><T56/><D65/><U44/><E44/><V2/><F2/><W72/><G4/><T79/><D61/><U87/><E98/><AGARI ba="0,0" hai="45,46,54,57,62,83,86,88,89,92,98" m="17695" machi="98" ten="30,3900,0" yaku="6,1,8,1,54,1" doraHai="106" who="2" fromWho="1" sc="250,0,173,-39,327,39,250,0" /><INIT seed="2,0,0,3,1,70" ten="250,134,366,250" oya="2" hai0="99,110,107,62,4,36,83,29,127,52,85,104,8" hai1="28,1,87,25,53,132,47,123,40,130,23,67,114" hai2="7,51,81,73,9,50,38,10,124,12,88,78,122" hai3="45,68,113,94,31,46,116,42,117,86,95,41,27"/><V102/><F38/><W90/><G68/><T106/><D110/><U26/><E114/><V89/><F122/><W44/><G113/><T131/><D36/><U103/><E132/><V34/><F34/><W115/><G115/><T5/><D131/><U43/><E130/><V6/><F102/><W92/><G116/><T63/><D127/><U126/><E126/><V11/><F124/><W98/><G117/><T64/><D29/><U93/><E123/><V97/><F97/><W109/><G109/><T20/><D20/><U129/><E1/><V119/><F11/><W57/><G57/><T17/><D99/><U76/><E129/><V135/><F135/><W14/><G14/><T60/><D64/><U111/><E111/><V21/><F21/><W35/><REACH who="3" step="1"/><G95/><REACH who="3" ten="250,134,366,240" step="2"/><T75/><D106/><U118/><E118/><V58/><F119/><W96/><G96/><T108/><D107/><U79/><E25/><V69/><F69/><W59/><G59/><T65/><D104/><U2/><E2/><V48/><F58/><W71/><G71/><T125/><D125/><U128/><E128/><V19/><F6/><W0/><G0/><T30/><D4/><U13/><E13/><V100/><F12/><W82/><G82/><T74/><D5/><U56/><E67/><V55/><F81/><W133/><G133/><T3/><D65/><U105/><E105/><V15/><F15/><W54/><G54/><T32/><D3/><U37/><E40/><V39/><F55/><W66/><G66/><T112/><D108/><U49/><E87/><V101/><F7/><W120/><G120/><RYUUKYOKU ba="0,1" sc="250,-15,134,15,366,-15,240,15" hai1="23,26,28,37,43,47,49,53,56,76,79,93,103" hai3="27,31,35,41,42,44,45,46,86,90,92,94,98" /><INIT seed="3,1,1,4,3,41" ten="235,149,351,255" oya="3" hai0="23,16,121,0,93,127,57,58,135,38,1,45,51" hai1="17,33,125,85,42,29,56,104,75,120,46,52,131" hai2="60,49,124,71,13,118,44,25,119,82,39,106,109" hai3="128,20,53,4,86,114,54,9,73,62,89,97,74"/><W67/><G114/><T28/><D121/><U78/><E120/><V72/><F13/><W36/><G36/><T43/><D127/><U7/><E75/><V47/><F124/><W99/><G128/><T117/><D117/><U68/><E131/><V21/><F106/><W100/><G97/><T50/><D135/><U79/><E125/><V111/><F39/><W18/><G73/><T12/><D38/><U22/><E68/><V64/><F72/><W130/><G130/><T103/><D28/><U15/><E104/><V14/><F14/><W116/><G116/><N who="2" m="44585" /><F82/><W77/><G77/><T19/><D57/><U61/><E7/><V129/><F49/><W88/><G99/><T126/><D126/><U115/><E115/><V6/><F6/><W81/><G89/><T8/><D103/><U107/><E107/><V59/><F71/><W96/><G74/><T105/><D93/><U40/><E40/><V37/><F37/><W11/><G4/><T134/><D134/><U122/><E122/><V27/><F27/><W101/><G9/><T30/><D30/><U55/><E55/><V3/><F3/><W66/><G11/><T110/><D110/><N who="2" m="41994" /><F129/><W31/><G54/><N who="0" m="32087" /><D105/><U87/><E79/><V10/><F10/><W35/><G53/><T98/><D98/><U48/><REACH who="1" step="1"/><E78/><REACH who="1" ten="235,139,351,255" step="2"/><V32/><F64/><W63/><G66/><T94/><D0/><U84/><E84/><V90/><F60/><W112/><G112/><T113/><D1/><U34/><E34/><V95/><F32/><W2/><G35/><T133/><D113/><U108/><E108/><V65/><F65/><RYUUKYOKU ba="1,2" sc="235,-10,139,30,351,-10,255,-10" hai1="15,17,22,29,33,42,46,48,52,56,61,85,87" owari="225,-17.5,169,-33.1,361,46.1,245,4.5" /></mjloggm>