<mjloggm ver="2.3"><GO type="225" lobby="0"/><UN n0="%E6%81%A5%E6%99%92%E3%81%97" n1="%E3%83%A9%E3%83%BC%E3%83%A1%E3%83%B3%E4%BA%94%E9%83%8E" n2="%E3%82%A2%E3%83%9E%E3%83%9D%EF%BD%9E%EF%BD%9E%E3%83%A9" n3="%72%61%6B%33" dan="16,16,17,16" rate="2092.06,2081.05,2078.07,2079.68" sx="M,M,M,M"/><TAIKYOKU oya="0"/><INIT seed="0,0,0,4,3,8" ten="250,250,250,250" oya="0" hai0="123,19,94,50,14,16,133,101,42,56,93,95,122" hai1="61,47,57,83,130,25,77,28,116,26,1,115,102" hai2="119,55,124,129,127,59,85,135,3,92,78,90,23" hai3="2,31,98,134,15,128,108,74,51,99,38,39,71"/><T46/><D133/><U20/><E116/><V73/><F129/><W67/><G2/><T88/><D101/><U100/><E1/><V9/><F135/><W5/><G74/><T0/><D0/><U63/><E130/><V75/><F119/><W125/><G128/><T81/><D19/><U105/><E115/><V107/><F107/><W89/><G134/><T79/><D56/><U117/><E117/><V7/><F23/><W118/><G118/><T68/><D68/><U64/><E105/><V45/><F45/><W80/><G31/><T24/><D24/><U132/><E132/><V97/><F97/><W104/><G99/><T110/><D110/><U103/><E47/><V43/><F43/><W13/><G98/><T87/><REACH who="0" step="1"/><D79/><REACH who="0" ten="240,250,250,250" step="2"/><U106/><E106/><V113/><F113/><W11/><G71/><T69/><D69/><U66/><E26/><V112/><F112/><W82/><G108/><T37/><D37/><U84/><E102/><V30/><F78/><W72/><G38/><T44/><D44/><U33/><E33/><V109/><F109/><W12/><G39/><T131/><D131/><U27/><E27/><V54/><F30/><W32/><G32/><T53/><D53/><N who="2" m="19978" /><F59/><AGARI ba="0,1" hai="20,25,28,57,59,61,63,64,66,77,83,84,100,103" machi="59" ten="30,3900,0" yaku="7,1,9,1,8,1" doraHai="8" who="1" fromWho="2" sc="240,0,250,49,250,-39,250,0" /><INIT seed="1,0,0,0,4,81" ten="240,299,211,250" oya="1" hai0="83,128,11,38,62,51,49,48,40,68,60,88,47" hai1="98,91,0,77,116,72,108,59,16,18,126,14,85" hai2="104,52,17,102,120,31,111,105,103,119,110,55,89" hai3="78,112,115,90,100,21,117,87,24,74,70,113,61"/><U107/><E116/><V96/><F120/><W29/><G117/><T37/><D128/><U94/><E0/><V28/><F17/><W86/><G100/><N who="2" m="38441" /><F89/><W118/><G118/><T36/><D11/><U97/><E107/><N who="2" m="41035" /><F96/><N who="1" m="36969" /><E72/><V63/><F63/><W95/><G74/><T5/><D5/><U121/><E121/><V114/><F114/><W133/><G133/><T127/><D127/><U82/><E126/><V93/><F93/><W42/><G42/><T132/><D132/><U69/><E69/><V39/><F39/><W12/><G12/><T58/><D68/><U99/><E108/><N who="2" m="41515" /><F119/><W54/><G70/><T43/><D62/><U131/><E131/><V75/><F75/><W33/><G21/><T125/><D125/><U20/><E18/><V124/><F124/><W41/><G41/><T27/><D43/><U122/><E122/><V6/><F6/><W123/><G123/><T135/><D135/><U130/><E130/><V26/><F26/><W34/><G34/><T66/><REACH who="0" step="1"/><D27/><REACH who="0" ten="230,299,211,250" step="2"/><U129/><E129/><V109/><F109/><W13/><G61/><T84/><AGARI ba="0,1" hai="36,37,38,40,47,48,49,51,58,60,66,83,84,88" machi="84" ten="40,8000,1" yaku="1,1,2,1,0,1,52,1,54,1,53,0" doraHai="81" doraHaiUra="92" who="0" fromWho="0" sc="230,90,299,-40,211,-20,250,-20" /><INIT seed="2,0,0,5,0,93" ten="320,259,191,230" oya="2" hai0="2,3,99,89,91,84,39,74,62,57,67,21,63" hai1="34,29,70,81,48,95,121,61,40,100,42,131,19" hai2="114,38,68,135,32,52,88,75,111,119,56,105,16" hai3="107,83,33,79,123,122,41,5,24,64,127,28,6"/><V14/><RYUUKYOKU type="yao9" ba="0,0" sc="320,0,259,0,191,0,230,0" hai2="14,16,32,38,52,56,68,75,88,105,111,114,119,135" /><INIT seed="2,1,0,4,3,21" ten="320,259,191,230" oya="2" hai0="118,2,23,31,7,26,113,66,114,62,8,100,88" hai1="96,132,129,28,12,103,69,6,97,50,123,105,19" hai2="85,20,135,16,112,89,98,74,111,46,80,4,94" hai3="39,22,9,18,37,83,81,38,10,99,24,127,131"/><V59/><F112/><W36/><G127/><T82/><D118/><U104/><E69/><V63/><F135/><W73/><G131/><T126/><D126/><U67/><E132/><V15/><F111/><W34/><G34/><T25/><D100/><U125/><E125/><V134/><F134/><W122/><G122/><T55/><D55/><U133/><E133/><V120/><F120/><W79/><N who="3" m="9216" /><DORA hai="92" /><W57/><G83/><T107/><D107/><U91/><E129/><V109/><F109/><W41/><G41/><T56/><REACH who="0" step="1"/><D26/><REACH who="0" ten="310,259,191,230" step="2"/><U61/><E105/><V32/><F32/><W40/><G40/><T49/><D49/><U45/><E103/><N who="2" m="60887" /><F74/><W44/><G44/><T84/><AGARI ba="1,1" hai="2,7,8,23,25,31,56,62,66,82,84,88,113,114" machi="84" ten="30,7900,0" yaku="1,1,0,1,52,1,54,1,53,0" doraHai="21,92" doraHaiUra="71,13" who="0" fromWho="0" sc="310,92,259,-21,191,-40,230,-21" /><INIT seed="3,0,0,5,5,94" ten="402,238,151,209" oya="3" hai0="78,71,46,77,8,129,55,1,97,28,133,62,29" hai1="74,84,37,105,122,60,98,4,108,14,19,11,72" hai2="16,24,100,34,54,130,61,17,75,33,40,86,41" hai3="2,101,38,21,128,27,79,110,44,87,99,63,120"/><W39/><G120/><T85/><D78/><U51/><E37/><V103/><F75/><W134/><G2/><T127/><D29/><U83/><E122/><V76/><F130/><W25/><G128/><T135/><D97/><U35/><E35/><V66/><F54/><W95/><G134/><T68/><D127/><U58/><E108/><V36/><F36/><W31/><G110/><T50/><D28/><U93/><E105/><V0/><F0/><W123/><G123/><T42/><D129/><U7/><E51/><V49/><F76/><W132/><G132/><N who="0" m="50763" /><D85/><U52/><E74/><V69/><F86/><W115/><G115/><T117/><D77/><N who="1" m="46191" /><E72/><V81/><F81/><W121/><G121/><T82/><D82/><U116/><E116/><V92/><F103/><AGARI ba="0,0" hai="4,7,11,14,19,52,58,60,93,98,103" m="46191" machi="103" ten="30,3900,0" yaku="8,1,52,1,54,1" doraHai="94" who="1" fromWho="2" sc="402,0,238,39,151,-39,209,0" owari="402,50.2,277,7.7,112,-38.8,209,-19.1" /></mjloggm>