<mjloggm ver="2.3"><GO type="225" lobby="0"/><UN n0="%E3%83%81%E3%83%83%E3%82%BF%E3%82%BD%E3%83%BC" n1="%E7%8D%85%E5%AD%90%E5%BA%A7%E3%81%8B%E3%81%A3%E3%81%B4%E3%83%BC" n2="%E3%83%96%E3%83%83%E3%83%91%E3%82%AA%E3%83%96%E3%83%81%E3%82%AD%E3%83%B3" n3="%72%61%6B%33" dan="16,16,17,16" rate="2192.91,2129.44,2211.23,2136.28" sx="F,M,M,M"/><TAIKYOKU oya="0"/><INIT seed="0,0,0,2,1,45" ten="250,250,250,250" oya="0" hai0="90,86,88,42,87,4,78,99,83,107,54,81,55" hai1="106,19,116,76,130,129,7,0,131,63,101,133,111" hai2="33,23,113,21,38,59,79,46,35,96,57,117,70" hai3="120,13,5,41,135,32,51,128,112,92,3,62,91"/><T97/><D42/><U74/><E116/><V67/><F113/><W103/><G112/><T119/><D4/><U75/><E111/><V89/><F117/><W98/><G32/><T84/><D119/><U30/><E133/><V11/><F79/><W37/><G135/><T115/><D115/><U60/><E30/><V65/><F70/><W114/><G128/><T17/><D17/><U80/><E74/><V28/><F11/><N who="3" m="4335" /><G37/><T22/><D22/><U77/><E76/><V12/><F96/><W14/><G3/><T20/><D20/><U10/><E19/><V118/><F118/><W123/><G114/><T100/><REACH who="0" step="1"/><D97/><AGARI ba="0,0" hai="0,7,10,60,63,75,77,80,97,101,106,129,130,131" machi="97" ten="40,1300,0" yaku="19,1" doraHai="45" who="1" fromWho="0" sc="250,-13,250,13,250,0,250,0" /><INIT seed="1,0,0,1,1,100" ten="237,263,250,250" oya="1" hai0="10,66,117,4,61,2,0,29,40,135,76,90,125" hai1="78,86,85,47,46,53,77,123,75,88,133,128,115" hai2="30,15,34,19,134,109,69,58,73,65,72,91,84" hai3="96,43,83,106,3,87,16,67,22,41,93,81,71"/><U98/><E123/><V119/><F119/><W105/><G3/><T74/><D117/><U28/><E115/><V25/><F69/><W120/><G120/><T132/><D29/><U116/><E116/><V110/><F134/><N who="0" m="51242" /><D125/><U60/><E133/><V111/><F58/><W129/><G129/><T1/><D40/><U18/><E128/><V79/><F79/><N who="1" m="30217" /><E28/><V33/><F65/><W122/><G122/><T14/><D90/><U112/><E75/><V104/><F34/><W89/><G43/><T94/><D94/><N who="1" m="56647" /><E112/><V92/><REACH who="2" step="1"/><F104/><REACH who="2" ten="237,263,240,250" step="2"/><W21/><G71/><N who="0" m="42447" /><D76/><U44/><E18/><V80/><F80/><W62/><G83/><T6/><D74/><U24/><E24/><V57/><F57/><AGARI ba="0,1" hai="44,46,47,53,57,60,85,86" m="56647,30217" machi="57" ten="30,2900,0" yaku="8,1,54,1" doraHai="100" who="1" fromWho="2" sc="237,0,263,39,240,-29,250,0" /><INIT seed="1,1,0,4,5,37" ten="237,302,211,250" oya="1" hai0="57,33,86,129,0,56,51,22,100,107,67,88,3" hai1="91,125,71,74,1,72,123,102,95,36,39,8,50" hai2="18,11,58,133,126,131,42,53,89,21,66,19,115" hai3="27,65,78,92,124,62,40,82,97,31,104,69,132"/><U87/><E123/><V117/><F117/><W45/><G124/><T38/><D38/><U23/><E125/><V114/><F126/><W94/><G132/><T26/><D33/><U111/><E71/><V109/><F133/><W118/><G118/><T128/><D100/><U13/><E111/><V61/><F109/><W73/><G104/><T99/><D99/><U34/><E34/><V55/><F131/><N who="0" m="50250" /><D107/><U84/><E36/><V5/><F42/><W43/><G45/><T12/><D12/><U110/><E39/><V75/><F75/><W105/><G105/><T60/><D51/><U85/><E110/><V90/><F5/><W81/><G81/><N who="0" m="49231" /><D56/><U113/><E113/><N who="2" m="43019" /><F11/><W112/><G112/><T127/><D127/><U98/><E1/><V25/><F18/><AGARI ba="1,0" hai="0,3,18,22,26,57,60,67" m="49231,50250" machi="18" ten="30,2000,0" yaku="19,1,54,1" doraHai="37" who="0" fromWho="2" sc="237,23,302,0,211,-23,250,0" /><INIT seed="2,0,0,4,1,83" ten="260,302,188,250" oya="2" hai0="7,0,43,92,58,26,87,16,53,32,102,52,38" hai1="5,15,76,103,116,86,50,88,47,21,55,36,82" hai2="45,91,131,48,99,10,12,56,133,39,17,3,135" hai3="89,134,100,22,81,90,77,93,73,107,62,95,34"/><V80/><F131/><W113/><G34/><T123/><D123/><U66/><E116/><V13/><F3/><W104/><G22/><N who="0" m="13639" /><D32/><U2/><E2/><V94/><F39/><W46/><G46/><T41/><D38/><U31/><E36/><V35/><F35/><W108/><G62/><N who="0" m="36167" /><D0/><U125/><E125/><V61/><F80/><W71/><G71/><T121/><D7/><U29/><E103/><V1/><F1/><W30/><G30/><N who="1" m="11274" /><E66/><V126/><F126/><W98/><G108/><T68/><D68/><U60/><E60/><V85/><F99/><N who="3" m="57775" /><G134/><T128/><D128/><U122/><E122/><V24/><F24/><W63/><G63/><T49/><D121/><U112/><E112/><V130/><F130/><W25/><G25/><T37/><D37/><U20/><E76/><V8/><F61/><W67/><G67/><T69/><D69/><U64/><E64/><V120/><F120/><W118/><G118/><T33/><D33/><U106/><E106/><N who="3" m="40490" /><G113/><T96/><D87/><U65/><E65/><V124/><F124/><W18/><G18/><T109/><D109/><U110/><E110/><V70/><F70/><W27/><G27/><T101/><D102/><AGARI ba="0,0" hai="73,77,81,90,95,98,100,102" m="40490,57775" machi="102" ten="30,8000,1" yaku="35,5" doraHai="83" who="3" fromWho="0" sc="260,-80,302,0,188,0,250,80" /><INIT seed="3,0,0,4,4,38" ten="180,302,188,330" oya="3" hai0="32,64,35,123,131,132,2,55,87,58,90,96,29" hai1="39,13,65,10,46,88,115,109,60,113,84,130,41" hai2="40,114,125,110,5,95,126,134,77,93,6,54,52" hai3="104,26,11,119,83,127,79,69,122,62,30,31,103"/><W61/><G119/><T111/><D2/><U24/><E130/><V22/><F114/><W4/><G122/><T128/><D123/><U14/><E24/><V3/><F110/><W42/><G31/><T45/><D111/><U74/><E74/><V16/><F77/><W76/><G76/><T100/><D132/><U81/><E14/><N who="2" m="9495" /><F134/><W78/><G78/><T8/><D64/><U85/><E85/><V68/><F68/><W12/><G69/><T133/><D8/><U97/><E97/><V51/><F3/><W1/><G127/><N who="2" m="48649" /><F40/><W72/><G42/><T43/><D133/><U18/><E109/><V57/><F54/><W71/><G71/><AGARI ba="0,0" hai="10,13,18,39,41,46,60,65,71,81,84,88,113,115" machi="71" ten="30,3900,0" yaku="7,1,52,1,54,1" doraHai="38" who="1" fromWho="3" sc="180,0,302,39,188,0,330,-39" owari="180,-32.0,341,44.1,188,-21.2,291,9.1" /></mjloggm>