<mjloggm ver="2.3"><GO type="225" lobby="0"/><UN n0="%E3%82%A2%E3%83%9E%E3%83%9D%EF%BD%9E%EF%BD%9E%E3%83%A9" n1="%E8%81%B7%E6%A5%AD%E3%80%81%E9%A2%A8%32" n2="%E6%9C%88%E5%B3%B6%E5%9F%BA" n3="%E3%83%B4%E3%82%A3%E3%83%AF%E3%82%B3%E3%82%B0%E3%83%8B" dan="17,16,16,17" rate="2059.27,2157.51,2155.24,2202.22" sx="M,M,M,M"/><TAIKYOKU oya="0"/><INIT seed="0,0,0,3,0,54" ten="250,250,250,250" oya="0" hai0="50,33,60,39,1,103,127,19,133,72,88,86,37" hai1="4,12,123,65,47,89,111,96,112,25,69,100,122" hai2="5,36,40,98,55,62,66,85,106,73,116,104,26" hai3="61,24,107,51,58,110,87,44,83,18,114,105,0"/><T63/><D72/><U15/><E111/><V28/><F73/><W129/><G110/><T118/><D118/><U38/><E112/><V108/><F108/><W35/><G114/><T128/><D127/><U56/><E69/><V77/><F116/><W10/><G129/><T8/><D33/><U2/><E2/><V91/><F77/><W74/><G74/><T117/><D128/><U14/><E4/><V52/><F5/><W11/><G0/><T95/><D133/><U27/><E89/><V13/><F13/><W131/><G131/><T125/><D125/><U3/><E3/><V101/><F104/><W49/><G35/><T124/><D124/><U99/><E47/><V130/><F40/><W79/><G49/><T70/><D117/><U45/><E45/><V59/><F36/><W134/><G105/><T31/><D70/><U29/><E38/><V53/><F130/><W68/><G107/><T16/><D39/><U6/><E6/><V46/><F46/><W126/><G68/><T94/><D31/><U102/><E15/><V76/><F76/><W135/><G126/><T42/><D37/><U121/><E121/><V113/><F113/><W109/><G109/><T17/><D1/><U78/><E78/><V82/><REACH who="2" step="1"/><F66/><REACH who="2" ten="250,250,240,250" step="2"/><N who="3" m="39223" /><G135/><T64/><D64/><U67/><REACH who="1" step="1"/><E29/><REACH who="1" ten="250,240,240,250" step="2"/><V93/><F93/><W34/><G134/><T20/><D95/><U9/><E9/><V120/><F120/><W80/><G79/><T22/><D94/><U30/><E30/><V92/><F92/><W115/><G115/><T43/><D8/><U90/><E90/><V41/><F41/><RYUUKYOKU ba="0,2" sc="250,-15,240,15,240,15,250,-15" hai1="12,14,25,27,56,65,67,96,99,100,102,122,123" hai2="26,28,52,53,55,59,62,82,85,91,98,101,106" /><INIT seed="1,1,2,5,5,127" ten="235,255,255,235" oya="1" hai0="50,100,47,14,122,0,116,93,25,87,135,74,129" hai1="115,37,113,48,64,61,9,3,124,41,6,26,32" hai2="27,125,17,42,5,85,110,68,10,15,55,94,40" hai3="19,58,65,62,71,28,11,80,76,8,67,53,131"/><U78/><E124/><V90/><F68/><W108/><G108/><T4/><D74/><U101/><E48/><V56/><F110/><W104/><G104/><T119/><D0/><U121/><E121/><V60/><F125/><W105/><G105/><T96/><D135/><U44/><E101/><V89/><F89/><W81/><G131/><T34/><D122/><U21/><E78/><V130/><F130/><W77/><G28/><T126/><D126/><U59/><REACH who="1" step="1"/><E32/><REACH who="1" ten="235,245,255,235" step="2"/><V49/><F49/><W134/><G134/><T114/><D34/><U99/><E99/><V36/><F36/><W30/><G77/><T66/><D96/><U7/><E7/><V117/><F117/><W132/><G76/><T118/><D100/><U72/><E72/><V123/><F123/><W88/><G132/><T33/><D4/><U2/><E2/><V95/><F95/><W86/><G81/><T16/><D93/><U24/><E24/><V106/><F106/><W91/><G80/><T57/><D25/><U120/><E120/><V97/><F85/><W43/><G86/><T29/><D87/><U46/><E46/><V73/><F73/><W31/><G91/><T45/><D118/><U83/><E83/><V22/><AGARI ba="1,3" hai="5,10,15,17,22,27,40,42,55,56,60,90,94,97" machi="22" ten="30,7900,0" yaku="0,1,25,2,8,1" doraHai="127" who="2" fromWho="2" sc="235,-21,245,-40,255,112,235,-21" /><INIT seed="2,0,0,1,4,86" ten="214,205,367,214" oya="2" hai0="46,28,124,1,68,49,47,5,122,95,35,81,13" hai1="61,134,112,43,109,26,92,87,131,39,37,54,129" hai2="67,97,83,74,118,103,30,135,133,79,98,90,45" hai3="127,121,94,125,62,117,128,15,85,101,19,123,73"/><V114/><F118/><W20/><G73/><T14/><D122/><U8/><E112/><V119/><F119/><W42/><G117/><T93/><D68/><U110/><E134/><N who="2" m="51211" /><F114/><W89/><G128/><N who="1" m="49226" /><E8/><V130/><F130/><W33/><G33/><T58/><D1/><U132/><E132/><V24/><F67/><W82/><G42/><T44/><D35/><U10/><E10/><V32/><F45/><W17/><G62/><T9/><D124/><N who="3" m="47689" /><G17/><T115/><D115/><U65/><E26/><V107/><F98/><AGARI ba="0,0" hai="15,19,20,82,85,89,94,98,101,121,123" m="47689" machi="98" ten="30,2000,0" yaku="18,1,52,1" doraHai="86" who="3" fromWho="2" sc="214,0,205,0,367,-20,214,20" /><INIT seed="3,0,0,2,5,33" ten="214,205,347,234" oya="3" hai0="3,131,18,96,28,16,54,77,21,121,120,124,23" hai1="39,84,133,98,70,10,49,76,6,110,95,8,42" hai2="79,97,1,55,57,130,109,64,62,105,71,115,7" hai3="99,45,29,94,91,80,65,31,90,67,4,112,107"/><W15/><G107/><T132/><D77/><U101/><E70/><V66/><F115/><W37/><G112/><T9/><D96/><U78/><E110/><V88/><F109/><W48/><G37/><T111/><D111/><U72/><E133/><V82/><F130/><W52/><G4/><N who="0" m="1183" /><D54/><U11/><E72/><V117/><F117/><W126/><G126/><T58/><D58/><U35/><E35/><V134/><F134/><W46/><G15/><N who="0" m="9375" /><D132/><U113/><E113/><V38/><F38/><W108/><G108/><T44/><D44/><N who="1" m="25751" /><E39/><V92/><F71/><W43/><G46/><T27/><D131/><U5/><E78/><V26/><F79/><W86/><G43/><T59/><D59/><U129/><E129/><V122/><F82/><AGARI ba="0,0" hai="5,6,8,10,11,76,82,84,95,98,101" m="25751" machi="82" ten="30,1000,0" yaku="8,1" doraHai="33" who="1" fromWho="2" sc="214,0,205,10,347,-10,234,0" owari="214,-28.6,215,-18.5,337,43.7,234,3.4" /></mjloggm>