<mjloggm ver="2.3"><GO type="225" lobby="0"/><UN n0="%70%68%65%6E%6F%6D%65" n1="%E7%89%B9%E6%9D%B1%E3%81%AF%E4%B8%96%E7%95%8C%E3%82%92%E6%95%91%E3%81%86" n2="%E3%83%A9%E3%83%96%E3%83%AC%E3%83%BC" n3="%E7%99%BD%E5%80%89%E5%AF%9B%E4%B9%8B" dan="16,16,16,16" rate="2133.72,2229.31,2146.94,2155.13" sx="M,M,M,M"/><TAIKYOKU oya="0"/><INIT seed="0,0,0,4,0,5" ten="250,250,250,250" oya="0" hai0="75,77,63,7,83,66,50,10,73,100,85,90,38" hai1="130,76,39,110,44,43,37,108,74,65,40,41,58" hai2="48,94,124,47,95,92,69,67,131,46,51,29,35" hai3="55,109,82,117,61,62,79,33,72,81,24,129,52"/><T3/><D38/><N who="1" m="14347" /><E76/><V26/><F124/><W122/><G117/><T114/><D114/><U98/><E74/><V132/><F131/><W89/><G129/><T87/><D100/><U15/><E15/><V119/><F119/><W45/><G109/><N who="1" m="42090" /><E98/><V12/><F132/><W31/><G122/><T93/><REACH who="0" step="1"/><D50/><REACH who="0" ten="240,250,250,250" step="2"/><N who="1" m="26887" /><E130/><V59/><F51/><W32/><G61/><AGARI ba="0,1" hai="41,43,58,61,65" m="26887,42090,14347" machi="61" ten="30,3900,0" yaku="14,1,34,2" doraHai="5" who="1" fromWho="3" sc="240,0,250,49,250,0,250,-39" /><INIT seed="1,0,0,0,2,36" ten="240,299,250,211" oya="1" hai0="46,66,10,58,5,131,63,87,72,25,130,35,60" hai1="37,23,103,118,108,129,62,64,81,112,43,125,135" hai2="127,115,109,44,84,122,113,0,80,75,126,12,96" hai3="17,24,120,45,102,76,14,1,61,70,116,56,86"/><U21/><E112/><N who="2" m="43083" /><F0/><W30/><G1/><T101/><D72/><U79/><E118/><V18/><F122/><W49/><G120/><T3/><D101/><U71/><E129/><V132/><F109/><W121/><G121/><T7/><D7/><U38/><E108/><V82/><F75/><W89/><G70/><T59/><D87/><U92/><E135/><V111/><F111/><W67/><G102/><T55/><REACH who="0" step="1"/><D46/><REACH who="0" ten="230,299,250,211" step="2"/><U106/><E103/><V39/><F132/><W29/><G116/><T134/><D134/><U77/><E106/><V42/><F96/><W53/><G76/><T117/><D117/><U16/><E77/><N who="2" m="46095" /><F82/><N who="3" m="49367" /><G24/><T73/><D73/><U8/><E81/><V2/><F2/><W78/><G78/><T15/><D15/><U104/><E79/><V9/><AGARI ba="0,1" hai="9,12,18,39,42,44,126,127" m="46095,43083" machi="9" ten="30,2000,0" yaku="11,1,52,1" doraHai="36" who="2" fromWho="2" sc="230,-5,299,-10,250,30,211,-5" /><INIT seed="2,0,0,0,0,97" ten="225,289,280,206" oya="2" hai0="78,107,79,21,44,75,69,58,135,31,1,57,23" hai1="109,28,81,96,17,89,124,110,127,93,112,34,45" hai2="42,99,88,36,8,55,12,52,113,83,91,66,6" hai3="120,62,94,19,70,114,98,63,65,64,87,27,80"/><V11/><F113/><W13/><G120/><T82/><D69/><U117/><E112/><V9/><F36/><W39/><G39/><T118/><D135/><U24/><E117/><V134/><F134/><W92/><G114/><T73/><D118/><U61/><E45/><V32/><F32/><W115/><G115/><T102/><D1/><U56/><E17/><V106/><F42/><W67/><G27/><T60/><D44/><U125/><REACH who="1" step="1"/><E81/><REACH who="1" ten="225,279,280,206" step="2"/><V4/><F4/><W25/><G25/><T133/><D133/><U108/><E108/><V48/><F83/><W10/><G70/><T130/><D82/><U3/><E3/><V54/><F6/><W116/><G116/><T15/><D15/><U0/><E0/><V132/><F12/><W131/><G131/><T2/><D2/><U84/><E84/><V40/><F132/><W76/><REACH who="3" step="1"/><G94/><REACH who="3" ten="225,279,280,196" step="2"/><T49/><D130/><U46/><E46/><N who="2" m="27671" /><F40/><W123/><G123/><T30/><D107/><U29/><E29/><V14/><F106/><W103/><AGARI ba="0,2" hai="10,13,19,62,63,64,65,67,76,80,87,92,98,103" machi="103" ten="30,8000,1" yaku="1,1,0,1,8,1,52,1,53,1" doraHai="97" doraHaiUra="7" who="3" fromWho="3" sc="225,-20,279,-20,280,-40,196,100" /><INIT seed="3,0,0,5,2,88" ten="205,259,240,296" oya="3" hai0="109,115,71,21,41,7,74,130,46,34,108,69,23" hai1="70,33,32,100,85,75,44,96,129,135,80,2,89" hai2="79,14,123,102,28,52,81,53,25,61,6,67,10" hai3="86,72,4,16,63,106,127,126,107,54,78,47,59"/><W12/><G72/><T122/><D34/><U43/><E70/><N who="0" m="26633" /><D74/><U111/><E2/><V116/><F123/><W64/><G4/><T0/><D122/><U93/><E111/><N who="0" m="42569" /><D130/><U58/><E129/><V30/><F116/><W51/><G78/><T20/><D115/><U90/><E135/><V103/><F67/><W97/><G86/><T118/><D118/><U131/><E131/><V83/><F61/><W11/><REACH who="3" step="1"/><G97/><REACH who="3" ten="205,259,240,286" step="2"/><T124/><D124/><AGARI ba="0,1" hai="11,12,16,47,51,54,59,63,64,106,107,124,126,127" machi="124" ten="40,12000,1" yaku="1,1,2,1,18,1,54,1,53,1" doraHai="88" doraHaiUra="57" who="3" fromWho="0" sc="205,-120,259,0,240,0,286,130" owari="85,-41.5,259,5.9,240,-16.0,416,51.6" /></mjloggm>