<mjloggm ver="2.3"><GO type="225" lobby="0"/><UN n0="%E9%B3%B3%E6%9D%B1%E3%81%AE%E3%81%BF%E3%81%91%E3%81%AB%E3%82%83%E3%82%93" n1="%E6%B7%91%E5%A5%B3%E3%81%AE%E5%97%9C%E3%81%BF" n2="%E3%83%B4%E3%83%A0%EF%BC%99%E3%81%A6" n3="%E4%BF%BA%E3%81%A8%E5%A6%96%E5%A4%A2" dan="16,16,16,16" rate="2127.35,2114.67,2169.66,2227.59" sx="F,M,M,F"/><TAIKYOKU oya="0"/><INIT seed="0,0,0,1,1,114" ten="250,250,250,250" oya="0" hai0="63,32,33,87,7,59,69,101,102,91,48,134,39" hai1="42,2,49,3,112,65,84,86,51,8,130,80,106" hai2="36,43,131,68,117,10,113,9,92,107,56,90,110" hai3="40,17,118,61,70,121,22,81,120,37,98,103,88"/><T132/><D39/><U72/><E106/><V108/><F113/><W46/><G70/><T125/><D125/><U55/><E65/><V26/><F68/><W73/><G61/><T31/><D7/><U27/><E130/><V128/><F107/><W135/><G135/><N who="0" m="51755" /><D48/><U24/><E42/><V71/><F71/><W109/><G109/><N who="2" m="42089" /><F26/><W5/><G5/><T14/><D14/><U58/><E3/><V75/><F75/><W96/><G96/><T64/><D69/><U126/><E2/><V19/><F56/><W25/><G118/><T116/><D116/><U60/><E58/><V85/><F117/><W29/><G17/><T47/><D47/><U15/><E126/><V1/><F1/><W76/><REACH who="3" step="1"/><G88/><REACH who="3" ten="250,250,250,240" step="2"/><T21/><D102/><U12/><E112/><V133/><F133/><W74/><G74/><T54/><D101/><U124/><E72/><V66/><F19/><W119/><G119/><T123/><D64/><U52/><E60/><V97/><F66/><W41/><G41/><T89/><D89/><U78/><E124/><V4/><F4/><W34/><G34/><T82/><D33/><U16/><E16/><V93/><F97/><W94/><AGARI ba="0,1" hai="22,25,29,37,40,46,73,76,81,94,98,103,120,121" machi="94" ten="30,4000,0" yaku="1,1,0,1,53,1" doraHai="114" doraHaiUra="38" who="3" fromWho="3" sc="250,-20,250,-10,250,-10,240,50" /><INIT seed="1,0,0,2,2,90" ten="230,240,240,290" oya="1" hai0="53,5,82,2,124,49,70,114,50,57,34,108,17" hai1="77,61,36,54,112,40,56,33,59,55,60,29,75" hai2="47,72,122,48,128,3,46,39,19,115,132,71,135" hai3="118,37,126,27,84,99,41,117,1,116,67,127,32"/><U35/><E112/><V105/><RYUUKYOKU type="yao9" ba="0,0" sc="230,0,240,0,240,0,290,0" hai2="3,19,39,46,47,48,71,72,105,115,122,128,132,135" /><INIT seed="1,1,0,5,1,12" ten="230,240,240,290" oya="1" hai0="127,87,91,109,5,65,1,58,2,42,56,71,55" hai1="29,92,28,90,112,86,113,60,122,115,89,13,47" hai2="124,131,81,19,39,104,18,116,53,96,63,78,52" hai3="72,67,123,70,0,102,101,57,22,24,98,33,36"/><U80/><E122/><V76/><F116/><W10/><G123/><T68/><D109/><U14/><E60/><V77/><F39/><W100/><G36/><T93/><D127/><U8/><E14/><V6/><F124/><W7/><G72/><T69/><D42/><U31/><E47/><V111/><F111/><W117/><G117/><T119/><D119/><U35/><E35/><V59/><F131/><W134/><G134/><T130/><D130/><U126/><E126/><V37/><F37/><W94/><G70/><T79/><D79/><U45/><E45/><V46/><F81/><W84/><G84/><T132/><D132/><U11/><REACH who="1" step="1"/><E13/><REACH who="1" ten="230,230,240,290" step="2"/><V106/><F106/><W129/><G33/><T74/><D1/><U61/><E61/><V133/><F133/><W120/><G120/><T128/><D128/><U9/><E9/><V16/><F6/><W110/><G129/><T103/><D5/><U34/><E34/><V17/><N who="2" m="4096" /><DORA hai="15" /><V21/><F21/><W107/><G110/><T99/><D2/><U23/><E23/><V27/><F27/><W114/><G22/><T121/><D121/><U44/><E44/><V105/><REACH who="2" step="1"/><F96/><AGARI ba="1,1" hai="8,11,28,29,31,80,86,89,90,92,96,112,113,115" machi="96" ten="50,9600,0" yaku="1,1,53,2" doraHai="12,15" doraHaiUra="4,43" who="1" fromWho="2" sc="230,0,230,109,240,-99,290,0" /><INIT seed="1,2,0,4,3,98" ten="230,339,141,290" oya="1" hai0="46,19,85,88,67,69,97,61,90,51,47,20,77" hai1="53,17,103,39,2,57,7,70,92,6,14,41,127" hai2="113,18,64,99,37,54,32,78,38,13,104,80,95" hai3="56,60,1,45,34,100,42,76,108,116,43,102,128"/><U120/><E120/><V71/><F113/><W135/><G34/><T73/><D73/><U26/><E2/><V40/><F104/><W36/><G1/><T10/><D10/><U122/><E127/><V16/><F32/><W118/><G108/><T109/><D109/><U33/><E70/><V25/><F54/><W123/><G123/><T9/><D9/><U96/><E122/><V72/><F25/><W94/><G135/><T112/><D112/><U28/><E41/><V83/><F83/><W58/><G128/><T52/><D47/><U21/><REACH who="1" step="1"/><E39/><REACH who="1" ten="230,329,141,290" step="2"/><V49/><F38/><W125/><G125/><T129/><D129/><U74/><E74/><V59/><F37/><W30/><G42/><T89/><D97/><U62/><AGARI ba="2,1" hai="6,7,14,17,21,26,28,33,53,57,62,92,96,103" machi="62" ten="20,12000,1" yaku="1,1,0,1,7,1,52,1,53,1" doraHai="98" doraHaiUra="50" who="1" fromWho="1" sc="230,-42,329,136,141,-42,290,-42" /><INIT seed="1,3,0,3,5,68" ten="188,465,99,248" oya="1" hai0="5,118,48,23,98,92,134,44,126,115,16,47,31" hai1="114,24,83,81,121,33,129,36,67,93,116,135,46" hai2="9,55,54,66,111,62,91,65,112,42,10,87,26" hai3="7,107,21,88,15,20,84,27,22,14,128,34,57"/><U82/><E114/><V105/><F111/><W71/><G71/><T77/><D118/><U13/><E116/><V72/><F72/><W86/><G107/><T60/><D115/><U39/><E121/><V38/><F105/><W101/><G101/><T102/><D134/><U94/><E135/><V113/><F26/><W125/><G125/><T97/><D126/><U131/><E67/><V8/><F113/><W25/><G128/><N who="1" m="49226" /><E13/><N who="3" m="4618" /><G34/><T124/><D5/><U75/><E75/><V12/><F12/><W28/><G7/><T61/><D31/><N who="1" m="19687" /><E46/><V29/><F29/><N who="3" m="17575" /><G27/><N who="0" m="14823" /><D124/><U76/><E76/><V108/><F112/><W59/><G84/><T70/><D70/><U11/><E11/><V3/><F9/><W99/><G99/><N who="0" m="59751" /><D77/><U64/><E64/><V85/><F65/><W6/><G6/><T78/><D78/><U52/><E52/><V49/><F85/><W122/><G122/><T69/><D69/><U63/><E63/><N who="0" m="24137" /><D44/><U73/><E73/><V30/><F66/><W19/><G28/><T103/><D103/><U120/><E120/><V18/><F30/><W35/><G35/><T110/><D110/><U37/><AGARI ba="3,0" hai="36,37,39,81,82,83,93,94" m="19687,49226" machi="37" ten="40,12000,1" yaku="19,1,52,3" doraHai="68" who="1" fromWho="1" sc="188,-43,465,129,99,-43,248,-43" /><INIT seed="1,4,0,5,0,63" ten="145,594,56,205" oya="1" hai0="41,55,24,102,80,48,117,135,124,29,13,101,65" hai1="52,103,115,60,100,54,38,79,33,109,96,30,69" hai2="85,35,118,47,9,10,64,0,28,20,119,22,107" hai3="51,17,37,125,74,32,98,127,49,106,71,94,87"/><U133/><E115/><V68/><F107/><W3/><G37/><T91/><D117/><U26/><E38/><V39/><F39/><W40/><G74/><T53/><D135/><U116/><E116/><V5/><F47/><W25/><G3/><T77/><D124/><N who="3" m="47689" /><G71/><T7/><D41/><U78/><E133/><V128/><F128/><W123/><G123/><T114/><D114/><U73/><E109/><V46/><F46/><W122/><G122/><T21/><D91/><U76/><E73/><V6/><F35/><W44/><G51/><T82/><D65/><N who="1" m="41127" /><E103/><V84/><F118/><W8/><G106/><AGARI ba="4,0" hai="26,30,33,52,54,76,78,79,96,100,106" m="41127" machi="106" ten="30,5800,0" yaku="25,1,52,1,54,1" doraHai="63" who="1" fromWho="3" sc="145,0,594,70,56,0,205,-70" /><INIT seed="1,5,0,0,1,60" ten="145,664,56,135" oya="1" hai0="131,4,54,128,19,105,106,119,118,39,12,27,3" hai1="69,72,59,50,65,129,0,123,73,38,36,62,98" hai2="13,68,89,93,81,88,116,35,6,134,46,37,108" hai3="61,71,41,85,74,100,26,51,5,80,125,21,101"/><U15/><E0/><V103/><F116/><N who="0" m="44586" /><D54/><N who="1" m="32215" /><E98/><V133/><F35/><W67/><G74/><T7/><D39/><N who="1" m="14891" /><E15/><V87/><F68/><W56/><G125/><T31/><D105/><U99/><E99/><V8/><F108/><W109/><G109/><T111/><D106/><U121/><E73/><V9/><F103/><W58/><G71/><T83/><D83/><U78/><E78/><V112/><F112/><W57/><G57/><T92/><D92/><U11/><E11/><V49/><F37/><W17/><G5/><N who="0" m="2123" /><D3/><U33/><E33/><V124/><F9/><W114/><G114/><T45/><D45/><U18/><E18/><V40/><REACH who="2" step="1"/><F124/><REACH who="2" ten="145,664,46,135" step="2"/><W104/><G100/><T1/><D111/><U135/><E135/><V22/><F22/><W20/><G21/><N who="0" m="11495" /><D1/><U32/><E32/><AGARI ba="5,1" hai="27,31,32,128,131" m="11495,2123,44586" machi="32" ten="30,2000,0" yaku="34,2" doraHai="60" who="0" fromWho="1" sc="145,45,664,-35,46,0,135,0" /><INIT seed="2,0,0,1,1,7" ten="190,629,46,135" oya="2" hai0="134,0,82,113,87,61,41,14,34,106,54,101,114" hai1="110,10,35,1,55,100,83,24,6,32,135,125,93" hai2="33,115,47,20,25,9,40,121,2,127,130,132,50" hai3="88,95,103,48,76,133,8,99,74,59,44,12,128"/><V26/><F115/><W66/><G133/><T80/><D0/><U39/><E39/><V98/><F132/><W62/><G128/><T45/><D34/><U27/><E135/><V19/><F130/><W86/><G74/><T118/><D134/><U122/><E110/><V37/><F121/><W57/><G76/><T102/><D82/><U58/><E125/><V65/><F127/><W84/><G59/><T31/><D31/><U85/><E122/><V5/><F65/><W69/><G69/><T94/><D94/><U120/><E35/><V36/><REACH who="2" step="1"/><F98/><REACH who="2" ten="190,629,36,135" step="2"/><W68/><G68/><T116/><D113/><U89/><E120/><V97/><F97/><W22/><G103/><T23/><D114/><U79/><E100/><V30/><AGARI ba="0,1" hai="2,5,9,19,20,25,26,30,33,36,37,40,47,50" machi="30" ten="30,6000,0" yaku="1,1,0,1,52,1,53,0" doraHai="7" doraHaiUra="107" who="2" fromWho="2" sc="190,-20,629,-20,36,70,135,-20" /><INIT seed="2,1,0,1,3,31" ten="170,609,106,115" oya="2" hai0="77,10,54,126,83,0,81,112,41,7,79,93,101" hai1="109,44,64,96,45,128,13,107,99,110,105,37,123" hai2="89,120,40,87,24,91,47,1,86,26,74,125,15" hai3="6,19,63,134,88,95,39,58,97,76,2,72,49"/><V3/><F120/><W69/><G39/><T27/><D112/><U57/><E128/><V111/><F74/><W23/><G69/><T132/><D132/><U53/><E123/><V18/><F125/><W56/><G134/><T133/><D133/><U124/><E124/><V104/><F104/><N who="1" m="40009" /><E64/><V22/><F111/><N who="1" m="42505" /><E13/><V119/><F119/><W55/><G6/><T65/><D27/><U38/><E38/><V82/><F1/><W51/><G2/><T67/><D54/><U61/><E44/><V48/><REACH who="2" step="1"/><F3/><REACH who="2" ten="170,609,96,115" step="2"/><W50/><G72/><T42/><D126/><U14/><E14/><V70/><F70/><W114/><G114/><T66/><D79/><U100/><E100/><V30/><F30/><W85/><G76/><T33/><D77/><U116/><E116/><V20/><F20/><W106/><G106/><T60/><D101/><U103/><E103/><V36/><F36/><W52/><G85/><T71/><D71/><U135/><E135/><V43/><F43/><AGARI ba="1,1" hai="37,43,45,53,57,61,96,99" m="42505,40009" machi="43" ten="30,1000,0" yaku="14,1" doraHai="31" who="1" fromWho="2" sc="170,0,609,23,96,-13,115,0" /><INIT seed="3,0,0,3,3,4" ten="170,632,83,115" oya="3" hai0="14,78,98,56,88,128,91,99,68,31,28,127,2" hai1="41,36,11,134,110,73,112,44,114,48,40,37,74" hai2="59,60,109,86,10,62,103,17,123,108,100,6,95" hai3="82,23,84,33,93,76,43,116,96,5,26,9,124"/><W80/><G116/><T111/><D2/><U85/><E110/><N who="2" m="42603" /><F17/><W50/><G33/><T42/><D68/><U8/><E134/><V57/><F57/><W1/><G124/><T115/><D111/><U18/><E85/><V38/><F38/><W61/><G61/><T79/><D127/><U104/><E104/><V54/><F62/><W119/><G119/><T126/><D126/><U21/><E18/><V25/><F25/><W53/><G43/><T63/><D128/><U12/><E12/><N who="2" m="5207" /><F123/><W58/><G84/><T101/><D115/><U65/><E65/><V117/><F117/><W97/><G97/><N who="0" m="36875" /><D101/><U121/><E21/><V52/><F54/><W89/><G76/><N who="0" m="29227" /><D14/><U133/><E133/><V51/><F60/><W32/><G32/><T94/><D42/><U47/><E48/><V87/><F87/><W16/><AGARI ba="0,0" hai="1,5,9,16,23,26,50,53,58,80,82,89,93,96" machi="16" ten="20,7800,0" yaku="0,1,7,1,52,1,54,1" doraHai="4" who="3" fromWho="3" sc="170,-26,632,-26,83,-26,115,78" /><INIT seed="3,1,0,0,3,134" ten="144,606,57,193" oya="3" hai0="116,35,102,33,59,41,34,107,62,115,45,128,27" hai1="13,127,50,10,26,131,124,79,109,2,60,76,0" hai2="122,46,32,132,126,17,28,53,73,89,36,39,86" hai3="55,82,117,12,44,65,52,18,31,104,77,57,80"/><W69/><G117/><T64/><D116/><U20/><E109/><V83/><F132/><W38/><G104/><T112/><D128/><U7/><E131/><V58/><F122/><W95/><G31/><T123/><D123/><U47/><E60/><V130/><F130/><W90/><G69/><T6/><D6/><U30/><E2/><V105/><F105/><W129/><G65/><T48/><D102/><U101/><E101/><V23/><F73/><W93/><G93/><T98/><D98/><U125/><REACH who="1" step="1"/><E0/><REACH who="1" ten="144,596,57,193" step="2"/><V22/><F32/><W120/><G120/><T114/><REACH who="0" step="1"/><D107/><REACH who="0" ten="134,596,57,193" step="2"/><U121/><E121/><V63/><F46/><W61/><G129/><T4/><D4/><U118/><E118/><V21/><F36/><W71/><G38/><T5/><D5/><U84/><E84/><V3/><F39/><W24/><G44/><T133/><D133/><U37/><E37/><V56/><F3/><W42/><G61/><T29/><AGARI ba="1,2" hai="27,29,33,34,35,41,45,48,59,62,64,112,114,115" machi="29" ten="40,5200,0" yaku="1,1,0,1,11,1,53,0" doraHai="134" doraHaiUra="19" who="0" fromWho="0" sc="134,75,596,-14,57,-14,193,-27" owari="209,0.9,582,68.2,43,-45.7,166,-23.4" /></mjloggm>