<mjloggm ver="2.3"><GO type="225" lobby="0"/><UN n0="%E3%83%96%E3%83%83%E3%83%91%E3%82%AA%E3%83%96%E3%83%81%E3%82%AD%E3%83%B3" n1="%E9%A6%AC%E5%BC%95%E7%81%AB%33" n2="%E3%81%BF%E3%81%BF%E3%81%9A" n3="%E6%9C%88%E5%B3%B6%E5%9F%BA" dan="16,17,18,16" rate="2226.43,2186.66,2295.27,2140.32" sx="M,M,M,M"/><TAIKYOKU oya="0"/><INIT seed="0,0,0,2,1,45" ten="250,250,250,250" oya="0" hai0="129,70,65,103,27,5,109,49,79,40,108,9,128" hai1="31,32,93,86,119,132,52,130,66,21,123,11,87" hai2="83,134,122,64,90,26,107,82,43,1,34,84,117" hai3="38,50,67,110,114,104,125,0,18,58,25,89,51"/><T53/><D103/><U10/><E119/><V124/><F122/><W102/><G114/><T6/><D79/><U98/><E32/><V8/><F107/><W56/><G38/><T75/><D75/><U37/><E37/><V95/><F117/><W106/><G0/><T4/><D40/><U118/><E118/><V15/><F1/><W13/><G110/><N who="0" m="42603" /><D27/><U101/><E123/><V92/><F124/><W60/><G125/><T99/><D99/><U135/><E66/><V74/><F134/><W54/><G25/><T62/><D9/><U36/><E36/><V35/><F43/><W23/><G102/><T24/><D24/><U133/><E31/><V111/><F111/><W16/><G104/><T96/><D96/><U14/><E21/><V94/><F26/><N who="3" m="14695" /><G89/><T22/><D22/><U72/><E72/><V97/><F97/><W57/><G106/><T81/><D81/><U126/><E126/><V63/><F82/><W71/><G18/><T33/><D33/><U68/><E135/><V100/><F100/><W127/><G127/><T17/><D17/><U76/><E133/><V20/><F20/><W39/><G39/><T41/><D41/><U69/><E98/><V2/><F74/><W131/><G13/><T30/><D30/><U61/><E14/><V46/><F2/><W55/><G71/><T77/><D77/><U113/><E76/><V80/><F80/><W112/><G112/><T3/><D3/><U88/><E113/><V59/><F34/><W116/><G116/><T115/><D115/><U12/><E132/><V121/><F35/><W29/><G29/><RYUUKYOKU ba="0,0" sc="250,15,250,-15,250,-15,250,15" hai0="4,5,6,49,53,62,65,70,128,129" hai3="50,51,54,55,56,57,58,60,67,131" /><INIT seed="0,1,0,2,4,126" ten="265,235,235,265" oya="0" hai0="118,98,41,5,34,80,57,24,113,134,2,123,35" hai1="122,60,6,119,3,79,10,109,107,22,75,48,70" hai2="92,81,102,62,13,63,117,106,27,105,68,31,15" hai3="64,112,4,125,116,23,28,132,96,52,44,73,16"/><T76/><D113/><U103/><E119/><V49/><F117/><W45/><G116/><T88/><D118/><U59/><E122/><V95/><F81/><W55/><G112/><T78/><D123/><U93/><E109/><V129/><F49/><W111/><G73/><T21/><D134/><U14/><E107/><V53/><F53/><N who="3" m="20555" /><G111/><T89/><D41/><U72/><E70/><V47/><F47/><N who="3" m="17995" /><G125/><T85/><D57/><U18/><E48/><V1/><F1/><W9/><G132/><T67/><D67/><U56/><E56/><V104/><F102/><W74/><G74/><T19/><D89/><U77/><E103/><V135/><F135/><W94/><G28/><T46/><D46/><U42/><E42/><V40/><F40/><W39/><G64/><T86/><D98/><U66/><E93/><V131/><F27/><N who="3" m="14823" /><G39/><T84/><D78/><U90/><E90/><V108/><F31/><W51/><G51/><T120/><D120/><U91/><E91/><V133/><F133/><W121/><G121/><T115/><D115/><U58/><E79/><V33/><F108/><W99/><G94/><N who="2" m="35881" /><F33/><W17/><G4/><T69/><D69/><N who="1" m="42183" /><E75/><V25/><F25/><W38/><G38/><T0/><D0/><U61/><E72/><V11/><F68/><W100/><G100/><T128/><D35/><U127/><E127/><V130/><F13/><AGARI ba="1,0" hai="9,13,17,96,99" m="14823,17995,20555" machi="13" ten="30,3900,0" yaku="8,1,54,2" doraHai="126" who="3" fromWho="2" sc="265,0,235,0,235,-42,265,42" /><INIT seed="1,0,0,4,0,74" ten="265,235,193,307" oya="1" hai0="88,26,100,24,45,22,79,108,54,43,32,66,36" hai1="117,35,27,86,11,37,107,123,80,73,122,110,105" hai2="94,115,44,101,68,55,2,8,13,18,48,77,90" hai3="15,106,120,58,104,42,82,25,62,33,53,41,16"/><U133/><E117/><V70/><F115/><W14/><G120/><T113/><D113/><U118/><E118/><V103/><F2/><W78/><G106/><T71/><D108/><U1/><E86/><V109/><F109/><W87/><G104/><N who="1" m="40010" /><E37/><V57/><F70/><W5/><G33/><T3/><D3/><U50/><E50/><V0/><F68/><W93/><G93/><T20/><D100/><U76/><E110/><V95/><F0/><W111/><G111/><T28/><D79/><U60/><E60/><V59/><F77/><W21/><G5/><T56/><D26/><U92/><E92/><V52/><F95/><W102/><G102/><T38/><D38/><U7/><E133/><V83/><F83/><W39/><G39/><T132/><D132/><U40/><E40/><AGARI ba="0,0" hai="14,15,16,21,25,40,41,42,53,58,62,78,82,87" machi="40" ten="40,5200,0" yaku="8,1,52,1,54,1" doraHai="74" who="3" fromWho="1" sc="265,0,235,-52,193,0,307,52" /><INIT seed="2,0,0,2,5,91" ten="265,183,193,359" oya="2" hai0="48,80,77,22,19,134,72,49,90,12,42,6,9" hai1="15,31,102,93,127,113,52,97,28,14,76,56,130" hai2="1,103,81,7,104,106,25,74,65,23,60,43,18" hai3="50,122,132,96,70,116,24,3,128,64,135,33,117"/><V119/><F119/><W4/><G122/><T40/><D134/><N who="3" m="51241" /><G128/><T58/><D90/><U89/><E113/><V92/><F43/><W61/><G50/><T69/><D69/><U57/><E130/><V67/><F7/><W59/><G59/><T38/><D58/><U47/><E127/><V26/><F1/><W83/><G96/><T126/><D42/><U124/><E124/><V16/><F74/><W111/><G111/><T121/><D121/><U8/><E76/><V27/><F81/><W105/><G105/><T30/><D30/><N who="1" m="11307" /><E89/><V51/><F51/><W2/><G24/><N who="2" m="9321" /><F106/><W118/><G33/><T75/><D75/><U46/><E57/><N who="2" m="37007" /><F104/><W98/><G4/><T68/><D68/><U125/><E125/><V129/><F129/><W37/><G37/><T29/><D29/><U120/><E120/><V41/><F41/><W123/><G123/><T32/><D32/><U36/><E36/><V39/><F39/><W10/><G83/><T66/><D126/><U95/><E95/><V108/><F108/><W17/><G3/><N who="0" m="223" /><D66/><U112/><E112/><V62/><F18/><W63/><G17/><T82/><D82/><U45/><E8/><V87/><F87/><W133/><G133/><T78/><D78/><U53/><E53/><V54/><F54/><W86/><G10/><T94/><D38/><U79/><E79/><V131/><F131/><W110/><G110/><T100/><D40/><U114/><E114/><V11/><F11/><W35/><G2/><T99/><D72/><U5/><E5/><V84/><F84/><W115/><G35/><T85/><AGARI ba="0,0" hai="12,19,22,48,49,77,80,85,94,99,100" m="223" machi="85" ten="30,2000,0" yaku="5,1,52,1" doraHai="91" who="0" fromWho="0" sc="265,20,183,-5,193,-10,359,-5" /><INIT seed="3,0,0,2,2,57" ten="285,178,183,354" oya="3" hai0="91,5,3,112,96,25,77,2,111,73,103,28,20" hai1="24,90,110,114,39,55,60,19,7,33,71,109,40" hai2="36,124,74,66,95,72,113,52,47,100,104,131,83" hai3="50,18,127,23,107,97,115,67,81,69,123,135,32"/><W84/><G115/><T16/><D111/><N who="1" m="42507" /><E114/><V53/><F113/><W62/><G32/><T43/><D112/><U42/><E7/><V11/><F104/><W31/><G31/><T22/><D43/><N who="1" m="16427" /><E39/><V6/><F66/><W132/><G50/><T118/><D118/><U34/><E90/><V48/><F36/><W46/><G46/><T92/><D5/><U9/><E55/><V30/><F30/><W10/><G127/><T99/><D77/><U129/><E129/><V12/><F131/><W88/><G123/><T120/><D73/><U125/><E125/><V14/><F124/><W78/><G10/><T51/><D51/><U106/><E106/><V65/><F53/><W87/><G97/><T61/><D61/><U121/><E121/><V64/><F74/><W15/><G107/><T126/><D120/><U35/><E9/><N who="2" m="4151" /><F72/><W0/><G0/><T85/><D126/><U76/><E76/><V101/><F83/><W68/><G68/><T122/><D122/><U17/><E24/><V58/><F47/><W79/><G79/><T98/><REACH who="0" step="1"/><D103/><REACH who="0" ten="275,178,183,354" step="2"/><N who="2" m="39498" /><F95/><W89/><G78/><T4/><D4/><AGARI ba="0,1" hai="4,11,14,48,52,58,64,65" m="39498,4151" machi="4" ten="30,2000,0" yaku="8,1,54,1" doraHai="57" who="2" fromWho="0" sc="275,-20,178,0,183,30,354,0" owari="255,5.5,178,-32.2,213,-18.7,354,45.4" /></mjloggm>