<mjloggm ver="2.3"><GO type="225" lobby="0"/><UN n0="%E5%B8%86%E7%AB%8B%E5%A4%8F%E8%A1%A3" n1="%E3%81%A4%E3%81%A3%E3%81%B1%E3%82%8A%E3%83%9D%E3%83%BC%E3%83%AB" n2="%E6%9C%88%E5%B3%B6%E5%9F%BA" n3="%E3%83%A9%E3%82%B9%E7%8E%87%EF%BC%93%E5%89%B2" dan="17,17,17,17" rate="2276.26,2220.69,2227.92,2184.86" sx="M,M,M,F"/><TAIKYOKU oya="0"/><INIT seed="0,0,0,5,4,31" ten="250,250,250,250" oya="0" hai0="89,58,26,128,127,57,67,53,126,82,59,103,25" hai1="41,40,24,38,3,83,80,62,35,76,16,135,107" hai2="111,19,91,73,13,84,85,27,37,30,81,79,101" hai3="63,5,45,48,90,97,6,51,65,23,71,123,70"/><T96/><D128/><U34/><E107/><V44/><F111/><W10/><G123/><T50/><D67/><U99/><E3/><V56/><F101/><W52/><G23/><T104/><D89/><U42/><E38/><V36/><F56/><N who="0" m="21610" /><D82/><U122/><E122/><V28/><F28/><W113/><G113/><T11/><D11/><U130/><E130/><V4/><F4/><W95/><G70/><T93/><D104/><U66/><E99/><V134/><F134/><W22/><G10/><T125/><AGARI ba="0,0" hai="25,26,50,53,59,93,96,103,125,126,127" m="21610" machi="125" ten="40,2100,0" yaku="18,1" doraHai="31" who="0" fromWho="0" sc="250,21,250,-7,250,-7,250,-7" /><INIT seed="0,1,0,1,5,54" ten="271,243,243,243" oya="0" hai0="59,1,7,76,35,50,31,37,104,62,82,134,33" hai1="129,86,90,85,75,92,109,97,96,61,6,81,70" hai2="13,15,45,111,68,131,94,69,127,116,77,121,26" hai3="48,24,38,40,79,56,30,41,107,67,34,55,95"/><T110/><D104/><U2/><E109/><V51/><F121/><W65/><G107/><T3/><D37/><U0/><E129/><V8/><F111/><W11/><G79/><T91/><D134/><U105/><E6/><V128/><F127/><W12/><G95/><T60/><D110/><U71/><E75/><V52/><F116/><W126/><G126/><T27/><D35/><U93/><E105/><V57/><F77/><W36/><G36/><T115/><D91/><U103/><E61/><V46/><F26/><W53/><G53/><T84/><D115/><U64/><E64/><V99/><F69/><W73/><G73/><T101/><D101/><U120/><E120/><V16/><F68/><W124/><G124/><T123/><D123/><U113/><E113/><V135/><F135/><W17/><REACH who="3" step="1"/><G38/><REACH who="3" ten="271,243,243,233" step="2"/><T29/><D76/><U125/><E125/><V49/><F128/><W130/><G130/><T25/><D82/><U100/><E90/><N who="2" m="55767" /><F131/><W10/><G10/><T80/><D80/><AGARI ba="1,1" hai="0,2,70,71,80,81,85,86,92,93,96,97,100,103" machi="80" ten="25,1600,0" yaku="22,2" doraHai="54" who="1" fromWho="0" sc="271,-19,243,29,243,0,233,0" /><INIT seed="1,0,0,1,2,83" ten="252,272,243,233" oya="1" hai0="114,34,15,39,129,60,78,40,70,3,48,134,56" hai1="25,88,31,103,66,68,82,4,71,1,101,79,54" hai2="109,81,93,77,17,127,113,125,131,73,53,61,75" hai3="16,89,49,99,62,20,58,119,76,124,121,108,22"/><U126/><E126/><N who="2" m="48139" /><F109/><W29/><G124/><T110/><D114/><U59/><E66/><V100/><F113/><W65/><G121/><T30/><D3/><U107/><E4/><V55/><F131/><W117/><G108/><T91/><D110/><U38/><E38/><V104/><F104/><W87/><G76/><T92/><D78/><U42/><E42/><V47/><F75/><W28/><G99/><T33/><D134/><U44/><E44/><V128/><F128/><W50/><G22/><T11/><D30/><N who="3" m="11881" /><G119/><T97/><D129/><U12/><E1/><V112/><F112/><W64/><G65/><T2/><D2/><U51/><E12/><V122/><F77/><W116/><G117/><T106/><D106/><U26/><E107/><V57/><F73/><W18/><G18/><T90/><D39/><U102/><E79/><V115/><F17/><W123/><G123/><T120/><D120/><U74/><E74/><V9/><F122/><W13/><G116/><T21/><D70/><U23/><REACH who="1" step="1"/><E25/><REACH who="1" ten="252,262,243,233" step="2"/><V43/><F115/><W105/><G105/><T63/><D40/><U41/><E41/><V86/><F43/><W69/><G69/><T5/><D5/><U0/><E0/><V118/><F118/><W10/><G10/><T80/><D11/><U84/><AGARI ba="0,1" hai="23,26,31,51,54,59,68,71,82,84,88,101,102,103" machi="84" ten="30,11700,0" yaku="1,1,0,1,52,1,54,1,53,0" doraHai="83" doraHaiUra="14" who="1" fromWho="1" sc="252,-39,262,127,243,-39,233,-39" /><INIT seed="1,1,0,1,2,131" ten="213,389,204,194" oya="1" hai0="13,121,8,58,112,79,39,72,91,103,65,135,55" hai1="134,61,32,4,123,19,41,23,1,56,54,85,10" hai2="76,29,89,42,111,77,33,3,25,22,47,64,38" hai3="7,44,108,113,49,83,88,100,106,70,120,126,97"/><U86/><E123/><V34/><F3/><W16/><G120/><T30/><D112/><U18/><E32/><V132/><F111/><W116/><G113/><T78/><D39/><U63/><E41/><V66/><F34/><W62/><G108/><T51/><D121/><U48/><E134/><V21/><F132/><W14/><G126/><T124/><D72/><U94/><E19/><V45/><F33/><W74/><G116/><T93/><D30/><U84/><REACH who="1" step="1"/><E94/><REACH who="1" ten="213,379,204,194" step="2"/><V92/><F42/><W102/><G7/><T96/><D135/><U6/><E6/><V80/><F92/><W69/><G102/><T35/><D35/><U37/><E37/><V57/><F38/><W31/><G31/><T101/><D124/><U28/><E28/><V122/><F122/><W50/><G62/><N who="0" m="38103" /><D103/><U128/><E128/><V133/><F133/><W87/><G74/><T110/><D101/><U99/><E99/><V129/><F129/><W107/><G107/><T27/><D110/><U9/><E9/><V125/><F125/><W118/><G118/><T68/><D27/><AGARI ba="1,1" hai="1,4,10,18,23,27,48,54,56,61,63,84,85,86" machi="27" ten="40,2000,0" yaku="1,1,53,0" doraHai="131" doraHaiUra="98" who="1" fromWho="0" sc="213,-23,379,33,204,0,194,0" /><INIT seed="1,2,0,4,5,52" ten="190,412,204,194" oya="1" hai0="35,34,95,2,64,133,66,24,73,89,22,85,50" hai1="1,102,23,109,128,69,68,105,62,30,27,56,55" hai2="54,97,26,39,28,75,98,122,88,32,67,99,125" hai3="36,47,10,79,9,103,83,124,94,42,31,58,17"/><U49/><E128/><V110/><F122/><W81/><G124/><T43/><D133/><U100/><E1/><V18/><F75/><W113/><G113/><T74/><D2/><U120/><E120/><V25/><F39/><W101/><G31/><T20/><D74/><U134/><E134/><V117/><F117/><W65/><G83/><T41/><D73/><U6/><E6/><V48/><F110/><W90/><G101/><T131/><D131/><U29/><E29/><V80/><F67/><N who="0" m="25642" /><D35/><U116/><E116/><V15/><F125/><W57/><G103/><T123/><D34/><U121/><E121/><V37/><F37/><W59/><G65/><T86/><D22/><U45/><E109/><V106/><F106/><W12/><G10/><T77/><D50/><U53/><REACH who="1" step="1"/><E105/><REACH who="1" ten="190,402,204,194" step="2"/><V16/><F28/><W72/><REACH who="3" step="1"/><G58/><REACH who="3" ten="190,402,204,184" step="2"/><T112/><D123/><U71/><AGARI ba="2,2" hai="23,27,30,45,49,53,55,56,62,68,69,71,100,102" machi="71" ten="30,11700,0" yaku="1,1,2,1,0,1,52,1,53,0" doraHai="52" doraHaiUra="8" who="1" fromWho="1" sc="190,-41,402,143,204,-41,184,-41" /><INIT seed="1,3,0,5,3,40" ten="149,545,163,143" oya="1" hai0="125,35,47,77,13,93,71,33,126,123,78,39,99" hai1="118,105,45,29,57,88,133,66,50,131,14,51,70" hai2="112,65,121,58,55,74,120,11,67,94,31,2,9" hai3="32,84,61,62,113,23,89,36,80,7,69,103,81"/><U21/><E105/><V63/><F74/><W49/><G36/><T37/><D71/><U115/><E115/><V75/><F75/><W54/><G32/><N who="0" m="12363" /><D123/><U4/><E70/><V68/><F112/><W5/><G113/><T20/><D20/><U26/><E133/><V104/><F104/><W106/><G106/><T116/><D13/><U124/><E131/><V25/><F67/><W56/><G103/><N who="0" m="60911" /><D116/><U27/><E124/><N who="0" m="47721" /><D39/><U16/><E118/><V122/><F2/><W17/><G81/><T64/><D64/><U22/><E4/><N who="3" m="1610" /><G69/><T46/><D37/><U44/><E14/><AGARI ba="3,0" hai="14,17,23,49,54,56,61,62,80,84,89" m="1610" machi="14" ten="30,1000,0" yaku="8,1" doraHai="40" who="3" fromWho="1" sc="149,0,545,-19,163,0,143,19" /><INIT seed="2,0,0,1,0,13" ten="149,526,163,162" oya="2" hai0="22,62,88,107,42,61,117,40,67,49,96,91,53" hai1="102,28,85,101,68,98,104,15,111,92,38,90,43" hai2="18,57,105,110,75,135,31,129,21,134,10,5,127" hai3="24,39,35,116,82,37,9,83,130,63,55,73,8"/><V64/><F105/><W7/><G116/><T29/><D117/><U0/><E0/><N who="2" m="295" /><F75/><W17/><G130/><T65/><D107/><U32/><E104/><V27/><F64/><N who="0" m="24650" /><D29/><U23/><E68/><V133/><F57/><W108/><G55/><T126/><D126/><U128/><E128/><V103/><F103/><W34/><G63/><N who="0" m="24075" /><D22/><U112/><E101/><V71/><F71/><W58/><G58/><N who="0" m="33071" /><D96/><U97/><E97/><V50/><F129/><W79/><G73/><T26/><D26/><U70/><E98/><V77/><F127/><W16/><G24/><T93/><D93/><U118/><E102/><V72/><F72/><W95/><G95/><T115/><D115/><U80/><E112/><V36/><F31/><W2/><G2/><T109/><D109/><U41/><E111/><V12/><F110/><W25/><G25/><T4/><D4/><U69/><E28/><V120/><F27/><W132/><G108/><T11/><D11/><U123/><E92/><V52/><F21/><W66/><G7/><T20/><D20/><U19/><E23/><V106/><F106/><W54/><G66/><T47/><D47/><U121/><E118/><V100/><F100/><W86/><G54/><T125/><D125/><U14/><E70/><V114/><F114/><W1/><G1/><T60/><N who="0" m="24083" /><T44/><DORA hai="119" /><D44/><U99/><E69/><V56/><F52/><W113/><G113/><T6/><D6/><U81/><E99/><V78/><F12/><W59/><G35/><T45/><D45/><N who="1" m="23735" /><E14/><V46/><F46/><W84/><G34/><T122/><D122/><RYUUKYOKU ba="0,0" sc="149,30,526,-10,163,-10,162,-10" hai0="40,42,88,91" /><INIT seed="3,1,0,3,2,79" ten="179,516,153,152" oya="3" hai0="123,28,114,110,100,101,102,31,22,135,15,37,119" hai1="14,62,44,60,118,2,30,51,11,1,6,58,72" hai2="85,112,3,32,130,25,50,90,7,76,33,116,18" hai3="23,107,103,20,56,21,129,69,9,45,106,10,95"/><W132/><G69/><T40/><D110/><U131/><E72/><V66/><F112/><W84/><G129/><T35/><D123/><U39/><E39/><V93/><F116/><W75/><G75/><T52/><D135/><U86/><E131/><V89/><F76/><W64/><G132/><T41/><D114/><U127/><E118/><V61/><F130/><W43/><G107/><T74/><D74/><U92/><E127/><V77/><F77/><W81/><G106/><T34/><D34/><U17/><E30/><N who="0" m="11305" /><D37/><U70/><E70/><V26/><F7/><W96/><G56/><T16/><D35/><U47/><E2/><V111/><F3/><W88/><REACH who="3" step="1"/><G64/><REACH who="3" ten="179,516,153,142" step="2"/><T125/><D119/><U108/><E58/><V55/><F66/><W4/><G4/><T53/><D125/><U19/><E6/><V133/><F133/><W38/><AGARI ba="1,1" hai="9,10,20,21,23,38,43,45,81,84,88,95,96,103" machi="38" ten="30,12000,1" yaku="1,1,0,1,52,1,54,1,53,1" doraHai="79" doraHaiUra="78" who="3" fromWho="3" sc="179,-41,516,-41,153,-41,142,133" /><INIT seed="3,2,0,2,2,84" ten="138,475,112,275" oya="3" hai0="90,61,71,29,0,106,36,131,50,59,53,67,98" hai1="96,18,100,4,14,88,122,118,20,28,110,42,24" hai2="134,2,11,113,77,51,39,119,12,135,21,8,126" hai3="1,104,93,38,34,25,37,130,52,120,57,26,123"/><W54/><G104/><T92/><D131/><U56/><E122/><N who="3" m="46634" /><G93/><T70/><D0/><U109/><E118/><V23/><F39/><N who="3" m="14859" /><G57/><T80/><D36/><U94/><E42/><V75/><F51/><W97/><G97/><T117/><D117/><U47/><E47/><V66/><F77/><W10/><G10/><N who="2" m="3625" /><F75/><W15/><G15/><T27/><D106/><U78/><E78/><V32/><F66/><W125/><G1/><T115/><D115/><U46/><E46/><V99/><F99/><W7/><G7/><T19/><D80/><U40/><E40/><V3/><F119/><W5/><G5/><T127/><D70/><U128/><E56/><V105/><F105/><W107/><G34/><T103/><D103/><U108/><E128/><V76/><F76/><W22/><G22/><N who="2" m="8201" /><F113/><W31/><G107/><T132/><D71/><U63/><E4/><V91/><F32/><W101/><G101/><T44/><D67/><U68/><E68/><V112/><F112/><W121/><G121/><T83/><D44/><U114/><E114/><V41/><F41/><W73/><G73/><T116/><D50/><U85/><E63/><V102/><F102/><W79/><G79/><T95/><D116/><U64/><E64/><V49/><F49/><W48/><G48/><T81/><D95/><N who="1" m="54671" /><E28/><V111/><F3/><W16/><G31/><T87/><D29/><U82/><E82/><N who="0" m="31241" /><D98/><U6/><E6/><V74/><F74/><W62/><G62/><T86/><D86/><U133/><E96/><V33/><F33/><W129/><G130/><T17/><D27/><U65/><E24/><RYUUKYOKU ba="2,0" sc="138,0,475,0,112,0,275,0" owari="138,-26.2,475,57.5,112,-38.8,275,7.5" /></mjloggm>