<mjloggm ver="2.3"><GO type="225" lobby="0"/><UN n0="%33%74%72%65%65" n1="%E3%81%8B%E3%82%8F%E3%81%A1%E3%82%83%E3%82%93%35%38" n2="%E6%81%A5%E6%99%92%E3%81%97" n3="%E4%BF%BA%E3%81%A8%E5%A6%96%E5%A4%A2" dan="16,16,17,16" rate="2184.59,2162.23,2198.62,2209.75" sx="F,M,M,F"/><TAIKYOKU oya="0"/><INIT seed="0,0,0,5,5,64" ten="250,250,250,250" oya="0" hai0="6,121,88,62,80,112,54,46,55,50,67,47,20" hai1="90,13,98,40,48,114,123,116,108,51,113,96,111" hai2="71,135,35,94,115,130,105,26,91,81,52,3,12" hai3="125,133,15,14,82,23,92,30,93,78,60,99,120"/><T122/><D112/><N who="1" m="43115" /><E13/><V106/><F115/><W18/><G125/><T33/><D33/><U119/><E90/><V2/><F106/><W127/><G127/><T87/><D6/><U95/><E40/><V36/><F105/><W58/><G133/><T27/><D54/><U124/><E124/><V0/><F135/><W10/><G120/><T83/><D83/><U5/><E5/><V126/><F126/><W74/><G99/><N who="1" m="37930" /><E95/><V25/><F94/><W19/><REACH who="3" step="1"/><G30/><REACH who="3" ten="250,250,250,240" step="2"/><T84/><D122/><U102/><E123/><V34/><F0/><W32/><G32/><T103/><D121/><U134/><E134/><V57/><F2/><W110/><G110/><N who="1" m="42026" /><E102/><V61/><F3/><W21/><G21/><T70/><D103/><U97/><N who="1" m="37938" /><U107/><DORA hai="85" /><E107/><V7/><F35/><W16/><G16/><T128/><D20/><U44/><E44/><V56/><F34/><W22/><G22/><T17/><D47/><U53/><E53/><AGARI ba="0,1" hai="10,14,15,18,19,23,53,58,60,74,78,82,92,93" machi="53" ten="30,2000,0" yaku="1,1,7,1,53,0" doraHai="64,85" doraHaiUra="43,39" who="3" fromWho="1" sc="250,0,250,-20,250,0,240,30" /><INIT seed="1,0,0,0,1,97" ten="250,230,250,270" oya="1" hai0="40,39,104,106,15,123,99,35,65,98,134,118,48" hai1="113,13,47,26,62,50,7,125,78,79,57,43,21" hai2="110,115,131,133,130,95,9,22,28,45,93,132,67" hai3="117,120,121,88,46,82,37,38,89,68,18,135,4"/><U53/><E125/><V77/><F110/><W129/><G4/><T109/><D118/><U83/><E113/><V102/><F115/><W108/><G68/><T0/><D0/><U10/><REACH who="1" step="1"/><E83/><REACH who="1" ten="250,220,250,270" step="2"/><V11/><F130/><W12/><G82/><T33/><D109/><U16/><AGARI ba="0,1" hai="7,10,13,16,21,26,43,47,50,53,57,62,78,79" machi="16" ten="20,18000,2" yaku="1,1,2,1,0,1,7,1,8,1,54,1,53,1" doraHai="97" doraHaiUra="23" who="1" fromWho="1" sc="250,-60,220,190,250,-60,270,-60" /><INIT seed="1,1,0,1,5,0" ten="190,410,190,210" oya="1" hai0="10,79,103,3,53,133,8,130,56,108,9,19,126" hai1="112,135,29,122,121,84,125,64,100,47,70,27,102" hai2="31,16,63,92,38,77,74,94,68,131,86,39,111" hai3="17,5,35,44,48,87,21,85,123,54,55,57,33"/><U109/><E47/><V89/><F111/><W73/><G123/><N who="1" m="47114" /><E64/><V98/><F31/><W65/><G73/><T50/><D108/><U72/><E70/><V2/><F2/><W91/><G65/><T26/><D133/><U132/><E109/><V66/><F131/><W110/><G110/><T119/><D119/><U78/><E27/><V62/><F62/><W61/><G85/><T34/><D130/><U82/><E29/><V12/><F74/><W42/><G5/><T127/><D103/><N who="1" m="39467" /><E112/><V23/><REACH who="2" step="1"/><F77/><REACH who="2" ten="190,410,180,210" step="2"/><W37/><G33/><T13/><D79/><U4/><E72/><V104/><F104/><W114/><G35/><T6/><D34/><U113/><E78/><V90/><AGARI ba="1,1" hai="12,16,23,38,39,63,66,68,86,89,90,92,94,98" machi="90" ten="20,8000,1" yaku="1,1,0,1,7,1,54,1,53,1" doraHai="0" doraHaiUra="60" who="2" fromWho="2" sc="190,-21,410,-41,180,93,210,-21" /><INIT seed="2,0,0,4,4,46" ten="169,369,273,189" oya="2" hai0="78,95,103,87,50,39,69,102,6,129,48,21,54" hai1="36,83,14,61,73,134,55,49,38,82,56,126,44" hai2="118,31,0,91,70,107,35,122,135,57,10,30,5" hai3="86,111,94,121,117,59,11,92,98,71,123,93,28"/><V77/><F70/><W12/><G71/><T52/><D69/><U88/><E126/><V22/><F107/><W37/><G117/><T133/><D39/><U18/><E134/><V62/><F135/><W2/><G2/><T25/><D6/><U96/><E73/><V125/><F118/><W97/><G37/><T33/><D33/><U130/><E130/><V9/><F77/><W8/><G86/><T19/><D129/><U109/><E109/><V51/><F35/><W131/><G131/><T3/><D3/><U53/><E38/><V15/><F122/><W89/><G28/><T132/><D132/><U42/><E36/><V90/><F31/><W115/><G111/><T79/><D133/><U40/><E96/><V114/><F114/><W120/><G115/><T17/><D87/><N who="1" m="50295" /><E83/><V13/><F0/><W101/><G92/><T43/><D43/><U108/><E108/><V128/><F125/><W74/><G74/><T32/><D32/><U104/><E104/><V26/><F128/><W16/><REACH who="3" step="1"/><G59/><REACH who="3" ten="169,369,273,179" step="2"/><N who="0" m="33159" /><D17/><U67/><E67/><V4/><F51/><W1/><G1/><T124/><D124/><U119/><E119/><V72/><F72/><W23/><AGARI ba="0,1" hai="8,11,12,16,23,89,93,94,97,98,101,120,121,123" machi="23" ten="30,4000,0" yaku="1,1,0,1,54,1,53,0" doraHai="46" doraHaiUra="41" who="3" fromWho="3" sc="169,-10,369,-10,273,-20,179,50" /><INIT seed="3,0,0,0,4,129" ten="159,359,253,229" oya="3" hai0="16,133,73,12,93,65,78,117,80,92,109,37,85" hai1="68,132,128,46,7,19,90,44,106,42,100,122,29" hai2="50,15,135,27,51,39,121,8,35,6,79,5,125" hai3="113,17,123,89,28,112,131,91,107,22,64,21,53"/><W98/><G123/><T55/><D117/><U96/><E68/><V72/><F121/><W13/><G131/><T48/><D109/><U99/><E122/><V57/><F39/><W62/><G53/><T40/><D37/><U111/><E128/><V97/><F72/><W102/><G113/><T20/><D40/><U24/><E7/><V119/><F119/><W87/><G112/><T23/><D65/><U18/><E111/><V130/><F79/><W4/><G4/><T61/><D61/><U82/><E44/><V63/><F130/><W110/><G110/><T127/><D127/><U120/><E120/><V115/><F125/><W116/><G116/><T30/><D73/><U33/><E132/><V108/><F5/><W94/><G89/><T14/><D133/><U25/><E25/><V56/><F135/><W74/><G74/><T70/><D70/><U60/><E60/><V36/><F36/><W41/><G41/><T26/><REACH who="0" step="1"/><D14/><REACH who="0" ten="149,359,253,229" step="2"/><U76/><E42/><V43/><F108/><W83/><G62/><T114/><D114/><U95/><E24/><V103/><F115/><W104/><G64/><T66/><D66/><U59/><E106/><BYE who="1" /><V47/><F63/><UN n1="%E3%81%8B%E3%82%8F%E3%81%A1%E3%82%83%E3%82%93%35%38" /><W1/><G107/><T105/><D105/><U71/><E71/><V101/><F43/><W0/><G104/><T88/><D88/><U54/><E90/><V49/><F15/><W77/><G0/><T32/><D32/><U45/><E33/><V75/><F35/><W58/><G1/><T31/><D31/><U84/><E29/><V3/><F3/><W124/><G124/><T81/><D81/><RYUUKYOKU ba="0,1" sc="149,30,359,-10,253,-10,229,-10" hai0="12,16,20,23,26,30,48,55,78,80,85,92,93" owari="179,-32.1,359,45.9,243,4.3,219,-18.1" /></mjloggm>