<mjloggm ver="2.3"><GO type="225" lobby="0"/><UN n0="%E4%BF%BA%E3%81%A8%E5%A6%96%E5%A4%A2" n1="%E6%9D%B1%E9%A2%A8%E3%81%AE%E3%81%8D%E3%82%83%E3%81%B7%E3%81%95%E3%82%93" n2="%E3%81%95%E3%81%8D%E3%81%9F%E3%81%BE%E6%9E%97%E6%AA%8E" n3="%72%69%6F%75%63%68%61%6E" dan="16,16,16,16" rate="2244.29,2177.10,2082.87,2117.87" sx="F,M,M,M"/><TAIKYOKU oya="0"/><INIT seed="0,0,0,4,4,112" ten="250,250,250,250" oya="0" hai0="79,86,40,45,78,74,128,9,12,32,14,133,24" hai1="58,55,52,20,26,7,13,125,38,98,37,0,68" hai2="8,21,113,49,119,100,50,53,90,66,31,42,10" hai3="122,27,77,129,51,104,109,121,81,71,123,29,65"/><T120/><D120/><U85/><E68/><V36/><F113/><W96/><G109/><T127/><D127/><U76/><E0/><V41/><F36/><W105/><G129/><T19/><D128/><U70/><E70/><V95/><F100/><W97/><G51/><T103/><D133/><U18/><E125/><V15/><F66/><W23/><G97/><T16/><D74/><U124/><E124/><V102/><F102/><W44/><G44/><T99/><D86/><U82/><E98/><V35/><F35/><W115/><G115/><T33/><D33/><U69/><E69/><V87/><F119/><W56/><G71/><T132/><D24/><U80/><E55/><V89/><F89/><W57/><G96/><T25/><D25/><U107/><E107/><N who="3" m="41034" /><G65/><T134/><D32/><U4/><E82/><V11/><F50/><W62/><G62/><T117/><D117/><U22/><E37/><V91/><F91/><W93/><G93/><N who="0" m="58863" /><D134/><U59/><E59/><N who="2" m="33199" /><F31/><W39/><G39/><T1/><D1/><U43/><E43/><V116/><F116/><W60/><G60/><T108/><D108/><U88/><E38/><V92/><F92/><W34/><G34/><T84/><D132/><U131/><E131/><V17/><AGARI ba="0,0" hai="8,10,11,15,17,21,41,42,87,90,95" m="33199" machi="17" ten="30,2000,0" yaku="25,1,8,1" doraHai="112" who="2" fromWho="2" sc="250,-10,250,-5,250,20,250,-5" /><INIT seed="1,0,0,4,3,132" ten="240,245,270,245" oya="1" hai0="100,115,35,83,84,30,70,68,31,48,114,112,123" hai1="117,23,43,101,61,60,44,6,81,72,24,57,5" hai2="127,113,52,58,124,95,41,1,62,92,20,85,86" hai3="37,120,33,96,66,34,40,16,97,77,90,89,49"/><U74/><E117/><V12/><F1/><W107/><G120/><T45/><D123/><U50/><E101/><V110/><F110/><W108/><G108/><T63/><D100/><U125/><E125/><N who="2" m="48203" /><F41/><W55/><G66/><T0/><D0/><U67/><E61/><V53/><F53/><W128/><G77/><T69/><D63/><U73/><REACH who="1" step="1"/><E81/><REACH who="1" ten="240,235,270,245" step="2"/><V88/><F113/><W47/><G107/><T98/><D115/><U103/><E103/><V38/><F38/><W87/><G128/><T59/><D114/><U130/><E130/><V27/><F12/><W129/><G129/><T14/><D112/><U56/><E56/><V109/><F109/><W91/><G37/><T93/><D59/><U118/><E118/><V19/><F95/><W15/><G40/><T2/><D14/><U99/><E99/><AGARI ba="0,1" hai="19,20,27,52,58,62,85,86,88,92,99" m="48203" machi="99" ten="30,12000,2" yaku="25,1,18,1,52,3,54,2" doraHai="132" who="2" fromWho="1" sc="240,0,235,-120,270,130,245,0" /><INIT seed="2,0,0,0,3,46" ten="240,115,400,245" oya="2" hai0="121,61,119,67,29,135,31,130,69,95,19,14,78" hai1="13,112,16,60,98,12,68,38,42,70,66,50,106" hai2="120,86,9,82,49,113,109,43,80,28,53,23,88" hai3="108,131,129,123,62,24,30,52,126,83,56,97,4"/><V35/><F120/><W34/><G108/><T85/><D121/><U33/><E112/><V133/><F113/><W21/><G126/><T101/><D130/><N who="3" m="49673" /><G123/><T116/><D135/><U105/><E33/><V92/><F35/><W20/><G4/><T44/><D101/><U73/><E73/><V48/><F133/><W6/><G6/><T72/><D72/><U96/><E38/><V59/><F109/><W103/><G83/><T37/><D37/><U32/><E32/><V39/><F39/><W79/><G79/><T41/><D78/><U71/><E60/><V75/><F75/><W76/><G76/><T77/><D44/><U89/><E66/><V128/><F128/><W27/><G24/><T58/><D41/><U5/><E5/><V10/><F82/><W57/><G57/><T110/><D69/><U81/><E81/><V22/><F80/><W17/><G17/><T90/><D77/><U8/><E89/><V7/><F28/><W63/><G63/><T91/><D90/><U111/><E111/><V74/><F74/><W100/><G100/><T117/><REACH who="0" step="1"/><D110/><REACH who="0" ten="230,115,400,245" step="2"/><U0/><E0/><V47/><F10/><AGARI ba="0,1" hai="10,14,19,29,31,58,61,67,85,91,95,116,117,119" machi="10" ten="40,5200,0" yaku="1,1,2,1,12,1,53,0" doraHai="46" doraHaiUra="122" who="0" fromWho="2" sc="230,62,115,0,400,-52,245,0" /><INIT seed="3,0,0,1,3,41" ten="292,115,348,245" oya="3" hai0="93,94,60,8,73,2,12,24,128,111,51,28,108" hai1="134,76,97,91,54,122,89,37,46,0,78,130,38" hai2="132,43,57,112,26,15,110,49,40,113,63,84,103" hai3="118,126,47,39,95,7,11,92,16,21,9,35,62"/><W31/><G118/><T29/><D73/><U79/><E0/><V101/><F110/><N who="0" m="42026" /><D2/><U50/><E134/><V20/><F132/><W33/><G126/><T74/><D74/><U104/><E130/><V106/><F106/><W19/><G62/><T133/><D133/><U119/><E122/><V68/><F68/><W44/><G39/><T127/><D128/><U70/><E70/><V83/><F15/><N who="3" m="5567" /><G33/><N who="0" m="20615" /><D127/><U125/><E125/><V71/><F71/><W17/><G35/><T121/><D121/><U86/><E119/><V75/><F75/><W65/><G65/><T56/><D51/><U45/><E86/><V77/><F49/><W10/><G10/><T67/><D29/><U53/><E104/><V100/><F113/><W81/><G81/><T114/><D114/><U107/><E107/><V25/><F112/><W59/><G59/><T58/><D58/><U82/><E82/><V99/><F99/><W1/><G1/><T48/><D48/><U72/><E72/><V13/><F13/><N who="3" m="7231" /><G31/><T85/><D85/><U124/><E124/><V18/><F26/><N who="3" m="14639" /><G19/><AGARI ba="0,0" hai="8,12,19,56,60,67,93,94" m="20615,42026" machi="19" ten="30,1000,0" yaku="14,1" doraHai="41" who="0" fromWho="3" sc="292,10,115,0,348,0,245,-10" owari="302,10.2,115,-38.5,348,44.8,235,-16.5" /></mjloggm>