<mjloggm ver="2.3"><GO type="225" lobby="0"/><UN n0="%E5%B0%8F%E9%B3%A5%E9%81%8A%E7%B7%B4%E7%84%A1%32%31%E6%AD%B3" n1="%E7%99%BD%E5%80%89%E5%AF%9B%E4%B9%8B" n2="%E3%81%8B%E3%82%8F%E3%81%A1%E3%82%83%E3%82%93%35%38" n3="%E3%83%96%E3%83%83%E3%83%91%E3%82%AA%E3%83%96%E3%83%81%E3%82%AD%E3%83%B3" dan="16,16,16,16" rate="2195.11,2129.63,2097.45,2184.32" sx="F,M,M,M"/><TAIKYOKU oya="0"/><INIT seed="0,0,0,3,2,78" ten="250,250,250,250" oya="0" hai0="68,100,75,97,74,129,32,114,80,85,59,124,20" hai1="45,24,90,1,116,19,27,87,127,53,2,111,56" hai2="126,79,123,11,29,15,50,91,64,113,99,12,81" hai3="40,14,54,134,4,130,6,110,28,57,36,82,37"/><T121/><D68/><U25/><E116/><V30/><F123/><W84/><G110/><T77/><D32/><U8/><E111/><V38/><F38/><W9/><G134/><T18/><D121/><U46/><E127/><V48/><F113/><W132/><G132/><T58/><D124/><U86/><E86/><N who="2" m="48447" /><F64/><W44/><G130/><T128/><D114/><U135/><E135/><V108/><F15/><W35/><G37/><T107/><D74/><U67/><E67/><V83/><F108/><W133/><G133/><T41/><D41/><U16/><E2/><V131/><F131/><N who="0" m="50250" /><D75/><U62/><E1/><V39/><F39/><W89/><G35/><T66/><D66/><U76/><E76/><V88/><F126/><W52/><G28/><N who="2" m="10857" /><F99/><W109/><G109/><T60/><D60/><U42/><E8/><V120/><F120/><W103/><G103/><T21/><D21/><U118/><E118/><V106/><F106/><W3/><G3/><T102/><D102/><U10/><E10/><V117/><F117/><W0/><G0/><T92/><D107/><U98/><E98/><V72/><F72/><W34/><G34/><T70/><D70/><U96/><E96/><V95/><F95/><W104/><G104/><T69/><D69/><U5/><E5/><N who="2" m="3183" /><F91/><W63/><REACH who="3" step="1"/><G4/><REACH who="3" ten="250,250,250,240" step="2"/><T22/><D22/><U51/><REACH who="1" step="1"/><E46/><REACH who="1" ten="250,240,250,240" step="2"/><V17/><F17/><W55/><AGARI ba="0,2" hai="6,9,14,36,40,44,52,54,55,57,63,82,84,89" machi="55" ten="20,12000,2" yaku="1,1,2,1,0,1,7,1,52,1,54,1,53,0" doraHai="78" doraHaiUra="125" who="3" fromWho="3" sc="250,-60,240,-30,250,-30,240,140" /><INIT seed="1,0,0,4,0,107" ten="190,210,220,380" oya="1" hai0="36,89,43,113,97,3,112,8,92,134,18,118,78" hai1="81,16,82,133,99,4,72,114,29,37,62,22,23" hai2="123,130,74,104,95,98,1,110,51,61,116,88,28" hai3="71,120,56,17,30,109,131,26,132,75,93,90,55"/><U32/><E37/><V9/><F116/><W122/><G109/><T7/><D118/><U66/><E114/><V25/><F123/><W45/><G71/><T115/><D134/><U15/><E133/><V127/><F110/><W5/><G132/><T124/><D124/><U49/><E4/><V77/><F127/><W135/><G135/><T59/><D59/><U42/><E32/><V70/><F130/><W48/><G131/><T80/><D18/><U54/><E42/><V86/><F51/><W83/><G17/><T64/><D64/><U96/><E72/><V38/><F38/><W108/><G5/><T40/><REACH who="0" step="1"/><D36/><REACH who="0" ten="180,210,220,380" step="2"/><U58/><E29/><V121/><F28/><W57/><G108/><T100/><D100/><U53/><E66/><V50/><F70/><W128/><G128/><T63/><D63/><U12/><E62/><V65/><F61/><W117/><G117/><T84/><AGARI ba="0,1" hai="3,7,8,40,43,78,80,84,89,92,97,112,113,115" machi="84" ten="30,2000,0" yaku="1,1,0,1,53,0" doraHai="107" doraHaiUra="14" who="0" fromWho="0" sc="180,30,210,-10,220,-5,380,-5" /><INIT seed="2,0,0,0,3,11" ten="210,200,215,375" oya="2" hai0="57,109,116,42,99,15,77,3,107,85,105,8,123" hai1="16,31,5,78,91,32,49,104,125,71,58,14,48" hai2="39,81,44,121,119,70,75,103,62,50,6,61,97" hai3="63,80,19,94,67,43,93,4,74,34,83,51,17"/><V25/><F119/><W72/><G34/><T54/><D123/><U96/><E71/><V87/><F121/><W59/><G4/><T127/><D3/><U82/><E5/><V53/><F75/><W92/><G74/><T100/><D109/><U65/><E125/><V52/><F39/><W60/><G72/><T22/><D42/><U112/><E112/><V89/><F70/><W69/><G69/><T24/><D127/><U118/><E118/><V126/><F126/><W124/><G124/><T35/><D35/><U27/><E65/><V122/><F122/><W95/><G63/><T9/><D116/><U13/><E58/><V26/><F6/><W36/><G36/><T29/><D107/><U68/><E68/><V0/><F0/><W111/><G111/><T108/><D108/><U117/><E117/><V134/><F134/><W135/><G135/><T110/><D110/><U130/><E130/><V76/><F76/><W132/><G132/><T40/><D40/><U115/><E115/><V79/><F79/><W90/><G51/><T84/><D8/><U120/><E120/><V113/><F113/><W23/><G43/><T18/><REACH who="0" step="1"/><D77/><REACH who="0" ten="200,200,215,375" step="2"/><U55/><E104/><N who="2" m="63599" /><F53/><W45/><G23/><T37/><D37/><U30/><E55/><V102/><F102/><W98/><G45/><T101/><D101/><U129/><E78/><V28/><F28/><W66/><G66/><T86/><D86/><N who="1" m="50647" /><E31/><V20/><F20/><W10/><G10/><T12/><D12/><N who="1" m="4715" /><E129/><V114/><F114/><W88/><G90/><T41/><D41/><U64/><E32/><V133/><F133/><RYUUKYOKU ba="0,1" sc="200,10,200,-30,215,10,375,10" hai0="9,15,18,22,24,29,54,57,84,85,99,100,105" hai2="25,26,44,50,52,61,62,81,87,89" hai3="17,19,59,60,67,80,83,88,92,93,94,95,98" /><INIT seed="2,1,1,2,2,5" ten="210,170,225,385" oya="2" hai0="87,47,129,21,131,105,8,80,15,76,36,71,4" hai1="106,81,27,56,57,10,121,61,91,126,54,96,41" hai2="90,26,32,19,89,98,64,75,94,12,74,31,85" hai3="108,44,93,77,2,78,33,123,0,11,34,135,3"/><V9/><REACH who="2" step="1"/><F64/><REACH who="2" ten="210,170,215,385" step="2"/><W120/><G120/><T6/><D105/><U29/><E121/><V117/><F117/><W101/><G123/><T16/><D71/><U62/><E126/><V1/><F1/><W116/><G0/><T58/><D58/><U7/><E41/><V118/><F118/><W83/><G2/><T23/><D47/><U134/><E134/><V111/><F111/><W72/><G3/><T104/><D104/><U50/><E106/><V53/><F53/><W125/><G108/><T28/><D36/><U20/><E57/><V18/><F18/><W133/><G125/><T124/><D124/><U97/><E62/><V30/><F30/><W107/><G116/><T130/><D28/><U35/><E61/><V69/><F69/><W22/><G107/><T114/><D114/><U127/><E127/><V128/><F128/><W112/><G44/><T14/><D4/><U103/><E35/><V119/><F119/><W84/><G34/><T70/><D70/><U13/><E103/><V45/><F45/><W132/><G33/><T25/><D130/><U88/><REACH who="1" step="1"/><E81/><AGARI ba="1,2" hai="9,12,19,26,31,32,74,75,81,85,89,90,94,98" machi="81" ten="30,11600,0" yaku="21,2,7,1,52,1,53,0" doraHai="5" doraHaiUra="109" who="2" fromWho="1" sc="210,0,170,-119,215,139,385,0" /><INIT seed="2,2,0,2,1,84" ten="210,51,354,385" oya="2" hai0="4,7,23,26,96,116,111,48,12,29,39,120,37" hai1="17,70,80,22,55,45,13,61,73,93,85,89,30" hai2="127,71,58,42,65,49,57,69,66,104,38,43,46" hai3="126,101,56,114,135,2,133,123,131,54,28,36,34"/><V59/><F104/><W67/><G123/><T60/><D116/><U76/><E30/><V105/><F105/><W11/><G36/><T62/><D120/><U25/><E70/><N who="2" m="26635" /><F127/><W86/><G126/><T132/><D111/><U108/><E108/><V50/><F42/><W82/><G131/><T68/><D132/><N who="3" m="50761" /><G114/><T90/><D48/><AGARI ba="2,0" hai="38,43,46,48,49,50,57,58,59,65,66" m="26635" machi="48" ten="30,12000,1" yaku="35,5" doraHai="84" who="2" fromWho="0" sc="210,-126,51,0,354,126,385,0" /><INIT seed="2,3,0,4,2,51" ten="84,51,480,385" oya="2" hai0="70,7,95,121,3,100,92,59,75,135,32,118,55" hai1="83,134,104,63,61,111,128,15,57,38,17,97,48" hai2="8,86,18,58,71,101,1,130,113,72,68,117,122" hai3="103,99,74,102,69,42,33,108,87,126,37,91,16"/><V93/><F72/><W21/><G108/><T54/><D32/><U30/><E38/><V13/><F117/><W12/><G126/><T41/><D70/><U80/><E111/><V112/><F122/><W84/><G74/><T96/><D75/><U131/><E30/><V39/><F39/><W28/><G69/><T35/><D121/><U2/><E2/><V47/><F71/><W5/><G33/><T62/><D35/><U9/><E134/><V107/><F68/><W10/><G28/><T11/><D135/><U94/><E104/><V34/><F107/><W120/><G120/><T66/><D118/><U22/><E48/><V64/><F34/><W88/><G37/><T65/><D41/><U127/><E127/><V89/><F1/><W52/><G42/><T40/><D40/><U49/><E49/><V20/><F47/><W23/><G52/><T6/><D6/><U43/><E43/><V77/><F130/><N who="1" m="49705" /><E9/><V78/><F101/><N who="3" m="38411" /><G99/><T123/><D123/><U53/><E63/><N who="2" m="38007" /><F113/><W82/><G5/><T132/><D132/><U106/><E106/><V98/><F98/><W85/><G85/><T125/><D125/><U31/><E31/><V27/><F112/><W46/><G46/><T14/><D3/><U67/><E67/><V90/><F90/><AGARI ba="3,0" hai="15,17,22,53,57,61,80,83,90,94,97" m="49705" machi="90" ten="30,2000,0" yaku="19,1,52,1" doraHai="51" who="1" fromWho="2" sc="84,0,51,29,480,-29,385,0" /><INIT seed="3,0,0,3,3,135" ten="84,80,451,385" oya="3" hai0="64,99,73,76,123,53,79,88,0,43,124,116,35" hai1="22,18,89,83,44,130,121,6,57,7,5,94,128" hai2="10,61,58,92,93,15,134,59,19,56,81,126,103" hai3="45,12,120,31,24,2,129,29,39,75,78,112,72"/><W87/><G112/><T20/><D116/><U1/><E121/><V14/><F126/><W82/><G120/><T32/><D123/><U25/><E83/><V66/><F134/><W106/><G2/><T110/><D0/><U33/><E33/><V65/><F81/><W47/><G129/><N who="1" m="49770" /><E57/><N who="2" m="22123" /><F103/><W70/><G70/><T63/><D110/><U55/><E1/><V77/><F77/><W111/><G106/><T108/><D108/><U109/><E109/><V100/><F100/><W34/><G111/><T38/><D124/><U119/><E119/><V97/><F97/><W67/><G67/><N who="2" m="25609" /><F15/><W114/><G114/><T9/><D73/><U52/><E44/><V113/><F113/><W23/><G47/><T122/><D122/><U54/><E5/><V74/><F74/><W51/><G39/><T42/><D38/><U102/><E102/><V90/><F90/><W133/><G133/><T91/><D64/><AGARI ba="0,0" hai="10,14,19,59,61,64,92,93" m="25609,22123" machi="64" ten="30,1000,0" yaku="8,1" doraHai="135" who="2" fromWho="0" sc="84,-10,80,0,451,10,385,0" owari="74,-42.6,80,-32.0,461,56.1,385,18.5" /></mjloggm>