<mjloggm ver="2.3"><GO type="225" lobby="0"/><UN n0="%E3%82%A2%E3%82%A4%E3%82%B9%E3%83%86%E3%82%A3%E3%83%BC%E3%81%82%E3%81%B9" n1="%72%69%6F%75%63%68%61%6E" n2="%4C%4F%4C%49%54%41" n3="%E9%BB%99%E8%81%B4%E3%81%AE%E3%81%99%E3%82%9D%E3%82%81" dan="16,16,16,16" rate="2075.50,2110.50,2155.53,2148.70" sx="M,M,F,M"/><TAIKYOKU oya="0"/><INIT seed="0,0,0,3,1,78" ten="250,250,250,250" oya="0" hai0="36,2,72,82,63,98,19,12,54,119,32,92,121" hai1="84,27,112,14,69,114,130,91,74,101,39,79,25" hai2="68,40,30,102,4,44,24,13,113,58,104,31,52" hai3="1,80,73,103,26,45,65,56,120,108,47,7,123"/><T70/><D121/><N who="3" m="46665" /><G108/><T105/><D119/><U18/><E130/><V133/><F68/><W60/><G103/><T131/><D2/><U129/><E129/><V111/><F113/><N who="1" m="43625" /><E39/><V22/><F111/><W110/><G110/><T75/><D131/><U116/><E116/><V46/><F133/><W132/><G132/><T3/><D3/><U9/><E69/><V124/><F124/><W83/><G73/><T77/><D105/><U76/><E101/><V94/><F30/><W118/><G118/><T99/><D36/><U134/><E134/><V81/><F40/><W126/><G126/><T106/><D32/><U11/><E11/><N who="2" m="4327" /><F81/><N who="3" m="31307" /><G26/><N who="1" m="9738" /><E74/><V61/><F104/><W100/><G100/><T51/><D106/><U93/><AGARI ba="0,0" hai="9,14,18,76,79,84,91,93" m="9738,43625" machi="93" ten="30,1100,0" yaku="11,1" doraHai="78" who="1" fromWho="1" sc="250,-5,250,11,250,-3,250,-3" /><INIT seed="1,0,0,0,4,85" ten="245,261,247,247" oya="1" hai0="63,96,92,50,4,81,123,60,26,83,8,68,3" hai1="113,105,134,67,59,7,17,78,95,27,55,115,1" hai2="23,29,36,108,43,2,61,80,39,58,116,82,127" hai3="131,69,10,51,77,119,21,6,111,106,91,52,38"/><U101/><E105/><V79/><F116/><W86/><G111/><T31/><D123/><U103/><E134/><V56/><F2/><W90/><G131/><T47/><D68/><U125/><E125/><V53/><F108/><W49/><G38/><T130/><D130/><U16/><E67/><V48/><F127/><W76/><G69/><T75/><D83/><U110/><E110/><V40/><F39/><W24/><G106/><T88/><D81/><N who="2" m="31338" /><F79/><N who="3" m="30283" /><G86/><T112/><D112/><U133/><E78/><V5/><F5/><W62/><G62/><T19/><D19/><U102/><E133/><V129/><F36/><W35/><G35/><T46/><D46/><U71/><E71/><V32/><F32/><W98/><G98/><T33/><REACH who="0" step="1"/><D75/><REACH who="0" ten="235,261,247,247" step="2"/><U107/><E17/><V118/><F129/><W128/><G128/><T109/><D109/><U126/><E126/><V72/><F72/><W114/><G114/><T89/><D89/><U104/><E115/><V30/><F118/><W87/><G119/><T42/><AGARI ba="0,1" hai="3,4,8,26,31,33,42,47,50,60,63,88,92,96" machi="42" ten="20,12000,2" yaku="1,1,0,1,7,1,52,1,54,1,53,1" doraHai="85" doraHaiUra="22" who="0" fromWho="0" sc="235,130,261,-60,247,-30,247,-30" /><INIT seed="2,0,0,1,3,93" ten="365,201,217,217" oya="2" hai0="36,111,118,134,15,5,17,69,106,132,99,1,73" hai1="91,60,47,53,41,27,113,101,114,81,65,46,85" hai2="19,76,79,54,105,55,129,123,77,122,127,31,49" hai3="35,44,26,75,48,28,32,43,112,62,83,72,110"/><V97/><F31/><W61/><G110/><T125/><RYUUKYOKU type="yao9" ba="0,0" sc="365,0,201,0,217,0,217,0" hai0="1,5,15,17,36,69,73,99,106,111,118,125,132,134" /><INIT seed="2,1,0,3,1,48" ten="365,201,217,217" oya="2" hai0="16,105,78,23,76,130,20,10,102,51,41,57,100" hai1="58,66,115,17,103,33,81,68,99,94,91,101,38" hai2="82,14,34,42,29,128,97,59,85,37,46,47,75" hai3="55,11,135,126,22,36,120,127,86,45,31,52,15"/><V133/><F75/><W72/><G72/><T25/><D105/><U70/><E115/><V114/><F114/><W43/><G120/><T67/><D10/><U49/><E38/><V108/><F128/><W125/><G135/><T131/><D102/><U104/><E33/><V79/><F133/><W32/><G32/><T56/><D100/><U50/><E81/><V1/><F1/><W61/><G61/><N who="0" m="38311" /><D23/><U53/><E103/><V64/><F97/><W112/><G86/><T95/><D95/><U30/><E30/><V117/><F14/><W87/><G87/><T26/><D26/><U98/><E66/><V28/><F117/><W88/><G88/><T80/><D80/><U65/><E65/><V119/><F119/><W116/><G116/><T19/><D19/><U7/><E7/><V122/><F122/><W13/><G112/><T83/><D83/><U2/><E2/><V0/><F0/><W129/><G129/><N who="0" m="49163" /><D57/><U92/><E104/><V121/><F34/><W124/><N who="3" m="31744" /><DORA hai="9" /><W54/><G11/><T21/><D21/><U134/><E134/><V40/><F121/><W3/><G3/><T24/><D24/><AGARI ba="1,0" hai="13,15,22,24,31,36,43,45,52,54,55" m="31744" machi="24" ten="70,12000,2" yaku="18,1,52,5,54,1" doraHai="48,9" who="3" fromWho="0" sc="365,-123,201,0,217,0,217,123" /><INIT seed="3,0,0,0,0,38" ten="242,201,217,340" oya="3" hai0="34,82,25,69,125,59,55,79,1,135,117,3,118" hai1="6,49,99,77,132,32,62,121,9,115,120,78,90" hai2="47,13,84,80,52,33,122,43,70,95,112,30,103" hai3="46,37,133,66,89,0,56,5,113,94,108,7,91"/><W44/><G113/><T61/><D125/><U35/><E115/><V71/><F112/><W53/><G133/><T60/><D135/><U104/><E132/><V10/><F122/><W27/><G0/><T75/><D3/><U126/><E126/><V68/><F52/><W124/><G108/><T31/><D1/><N who="1" m="207" /><E49/><V67/><F30/><W100/><G37/><T114/><D114/><U45/><E90/><V123/><F33/><N who="1" m="12873" /><E77/><V129/><F129/><W41/><G66/><T81/><REACH who="0" step="1"/><D81/><REACH who="0" ten="232,201,217,340" step="2"/><U116/><E116/><V29/><F80/><W8/><G124/><T28/><D28/><U134/><E134/><V23/><F29/><W40/><G100/><T88/><D88/><U127/><E127/><V4/><F103/><W48/><G91/><T64/><AGARI ba="0,1" hai="25,31,34,55,59,60,61,64,69,75,79,82,117,118" machi="64" ten="30,2000,0" yaku="1,1,0,1,53,0" doraHai="38" doraHaiUra="102" who="0" fromWho="0" sc="232,30,201,-5,217,-5,340,-10" owari="262,6.2,196,-30.4,212,-18.8,330,43.0" /></mjloggm>