<mjloggm ver="2.3"><GO type="225" lobby="0"/><UN n0="%E6%9C%88%E5%B3%B6%E5%9F%BA" n1="%E3%81%8B%E3%82%8F%E3%81%A1%E3%82%83%E3%82%93%35%38" n2="%E5%A4%8F%E9%88%B4%E9%88%B4%E5%A4%8F" n3="%E6%B7%91%E5%A5%B3%E3%81%AE%E5%97%9C%E3%81%BF" dan="16,16,16,16" rate="2064.73,2168.37,2131.33,2131.70" sx="M,M,F,M"/><TAIKYOKU oya="0"/><INIT seed="0,0,0,0,0,46" ten="250,250,250,250" oya="0" hai0="119,92,60,5,0,37,89,79,88,18,124,56,24" hai1="32,3,123,58,129,131,20,12,36,33,91,7,40" hai2="52,10,82,71,115,106,118,69,120,134,122,116,99" hai3="17,21,6,15,27,11,97,130,72,47,51,78,100"/><T23/><D119/><N who="2" m="45610" /><F115/><W105/><G130/><N who="1" m="49674" /><E123/><N who="2" m="47147" /><F134/><W84/><G72/><T9/><D37/><U35/><E36/><V103/><F82/><W57/><G57/><T43/><D43/><U107/><E107/><V31/><F31/><W45/><G78/><T101/><D79/><U22/><E40/><V49/><F10/><W34/><G84/><T25/><D124/><U53/><E3/><V96/><F96/><W39/><G39/><T133/><D133/><U61/><E91/><V67/><F67/><W76/><G76/><T4/><D4/><U62/><E62/><V30/><F30/><W29/><REACH who="3" step="1"/><G51/><REACH who="3" ten="250,250,250,240" step="2"/><T108/><D108/><U59/><E59/><AGARI ba="0,1" hai="49,52,59,69,71,99,103,106" m="47147,45610" machi="59" ten="30,3900,0" yaku="12,1,52,1,54,1" doraHai="46" who="2" fromWho="1" sc="250,0,250,-39,250,49,240,0" /><INIT seed="1,0,0,4,1,123" ten="250,211,299,240" oya="1" hai0="37,55,115,134,52,133,105,111,92,93,113,20,44" hai1="135,42,60,53,69,63,78,127,131,104,8,132,57" hai2="49,126,112,54,96,117,9,72,98,99,11,6,59" hai3="12,129,22,86,114,125,87,90,70,45,38,109,77"/><U108/><E104/><V91/><F117/><W36/><G114/><N who="0" m="43531" /><D105/><U71/><E78/><V107/><F112/><W62/><G109/><T61/><D20/><U120/><E8/><V119/><F119/><W65/><G125/><T24/><D24/><U16/><E16/><V2/><F126/><W89/><G129/><T116/><D116/><U10/><E10/><V94/><F72/><W79/><G38/><T19/><D19/><U118/><E118/><V7/><REACH who="2" step="1"/><F107/><REACH who="2" ten="250,211,289,240" step="2"/><W14/><G77/><T28/><D133/><N who="1" m="51275" /><E127/><V73/><F73/><W83/><G79/><T121/><D134/><U106/><E106/><V58/><F58/><W27/><G70/><N who="1" m="26634" /><E120/><V5/><F5/><W130/><G130/><T51/><D121/><U68/><E131/><V67/><F67/><W4/><G4/><T23/><D111/><U88/><E108/><V46/><F46/><W34/><G45/><T1/><D44/><U97/><E68/><V39/><F39/><W100/><G36/><T124/><D37/><U47/><E47/><V40/><F40/><W80/><G65/><T122/><D122/><U21/><E42/><V64/><F64/><W17/><G17/><T74/><D74/><U66/><E66/><V101/><F101/><W29/><G100/><T75/><D75/><U35/><E57/><V102/><F102/><W128/><G128/><T85/><D124/><U18/><E18/><V30/><F30/><W15/><G34/><T50/><D28/><U56/><E35/><V43/><F43/><W26/><G26/><T103/><D103/><U31/><E31/><V48/><F48/><RYUUKYOKU ba="0,1" sc="250,-15,211,-15,289,15,240,15" hai2="2,6,7,9,11,49,54,59,91,94,96,98,99" hai3="12,14,15,22,27,29,62,80,83,86,87,89,90" /><INIT seed="2,1,1,2,2,128" ten="235,196,304,255" oya="2" hai0="69,4,107,58,87,55,88,73,126,16,25,66,121" hai1="54,93,39,104,63,6,36,51,43,82,129,23,118" hai2="53,117,65,32,7,24,3,30,131,18,90,11,27" hai3="49,95,12,91,114,106,37,74,64,10,48,120,84"/><V135/><F117/><W101/><G120/><T130/><D121/><U100/><E118/><V89/><F131/><W44/><G114/><T78/><D130/><U60/><E129/><V133/><F65/><W14/><G74/><T13/><D107/><U102/><E104/><V110/><F110/><W109/><G109/><T97/><D126/><U45/><E39/><V96/><F53/><W28/><G28/><T57/><D73/><U29/><E6/><V94/><REACH who="2" step="1"/><F90/><REACH who="2" ten="235,196,294,255" step="2"/><W134/><G64/><T9/><D55/><U111/><E111/><V108/><F108/><W17/><G91/><T1/><D66/><U125/><E125/><V75/><F75/><W34/><G101/><T122/><D122/><U105/><E102/><V72/><F72/><W35/><G35/><T59/><D69/><U83/><E100/><V80/><F80/><W40/><G34/><T116/><D116/><U19/><E83/><V5/><F5/><W46/><G40/><T62/><D78/><U81/><E82/><V61/><F61/><W68/><G68/><T79/><D79/><U26/><E81/><V31/><F31/><W70/><G70/><T132/><D62/><U76/><E76/><V123/><F123/><W86/><G106/><T119/><D119/><U2/><E105/><V115/><F115/><W41/><G41/><T67/><D67/><U71/><E71/><V50/><F50/><W112/><G49/><T0/><D88/><U8/><E93/><V98/><F98/><W52/><G95/><T127/><D97/><U56/><E29/><V33/><F33/><W85/><G112/><RYUUKYOKU ba="1,2" sc="235,-15,196,15,294,15,255,-15" hai1="2,8,19,23,26,36,43,45,51,54,56,60,63" hai2="3,7,11,18,24,27,30,32,89,94,96,133,135" /><INIT seed="2,2,2,1,5,33" ten="220,211,309,240" oya="2" hai0="125,131,134,66,98,73,96,20,49,59,48,70,87" hai1="43,51,12,121,85,21,100,99,72,113,90,79,25" hai2="22,133,55,122,71,40,135,69,57,24,78,128,13" hai3="42,75,108,117,114,36,88,112,9,27,14,127,29"/><V38/><F122/><W129/><G117/><T46/><D73/><U118/><E113/><N who="3" m="43626" /><G108/><T35/><D35/><U64/><E118/><V105/><F128/><W5/><G75/><T3/><D70/><U53/><E121/><V74/><F105/><W68/><G68/><T109/><D131/><U8/><E72/><V50/><F13/><W65/><G65/><T115/><D3/><U0/><E0/><V32/><F32/><N who="3" m="20543" /><G129/><T1/><D1/><U41/><E79/><V7/><F78/><W76/><G76/><T44/><D115/><U56/><E99/><V19/><F74/><W52/><G127/><T84/><D125/><U86/><E100/><V93/><F93/><W4/><G52/><T28/><D66/><U91/><E64/><V54/><F55/><W77/><G77/><T111/><D59/><U61/><E61/><V89/><F89/><N who="1" m="33801" /><E86/><V123/><F71/><W62/><G62/><T120/><D120/><U15/><E85/><V80/><F69/><W116/><G116/><T10/><D87/><U39/><E39/><V30/><F38/><W83/><G83/><T11/><D84/><U92/><E92/><V6/><F80/><W26/><G88/><T58/><D96/><U103/><E103/><V23/><F123/><W126/><G126/><T17/><D98/><U37/><E37/><V106/><F106/><W45/><G26/><T81/><D81/><U104/><E104/><V63/><F63/><W67/><G67/><T60/><D60/><U2/><E53/><V107/><F107/><W110/><G110/><T132/><D109/><U97/><E25/><RYUUKYOKU ba="2,2" sc="220,-10,211,-10,309,-10,240,30" hai3="4,5,9,14,36,42,45" /><INIT seed="3,3,2,1,4,76" ten="210,201,299,270" oya="3" hai0="37,38,72,97,32,74,79,27,62,128,95,70,4" hai1="67,129,30,54,115,101,3,43,80,16,91,87,84" hai2="20,58,23,75,46,63,93,90,53,71,96,116,132" hai3="41,65,85,56,35,25,40,11,10,9,100,28,133"/><W66/><G133/><T111/><D111/><U126/><E115/><V134/><F116/><W106/><G106/><T102/><D128/><U22/><E3/><V1/><F75/><W5/><G100/><T8/><D72/><U131/><E126/><V123/><F1/><W86/><G5/><T33/><D79/><U82/><E101/><V60/><F123/><W6/><G6/><T89/><D74/><U127/><E127/><V64/><F46/><W130/><G130/><N who="1" m="49674" /><E67/><N who="3" m="25610" /><G35/><T52/><D70/><U51/><E43/><N who="3" m="16458" /><G56/><T21/><D102/><U13/><E30/><V117/><REACH who="2" step="1"/><F117/><REACH who="2" ten="210,201,289,270" step="2"/><W26/><G28/><T110/><D110/><U119/><E119/><V104/><F104/><W68/><G68/><T108/><D108/><U83/><E87/><AGARI ba="3,3" hai="9,10,11,25,26,85,86,87" m="16458,25610" machi="87" ten="30,5800,0" yaku="28,2,8,1" doraHai="76" who="3" fromWho="1" sc="210,0,201,-67,289,0,270,97" owari="210,-19.0,134,-36.6,289,8.9,367,46.7" /></mjloggm>