<mjloggm ver="2.3"><GO type="225" lobby="0"/><UN n0="%33%74%72%65%65" n1="%E3%81%BF%E3%81%BF%E3%81%9A" n2="%E7%B4%94%E6%BD%94%E3%83%94%E3%83%A9%E3%83%8B%E3%82%A2" n3="%E6%98%93%E5%88%A9%E8%96%A9%E4%BC%AF" dan="17,17,17,17" rate="2159.55,2190.66,2227.15,2176.09" sx="M,M,M,F"/><TAIKYOKU oya="0"/><INIT seed="0,0,0,3,3,48" ten="250,250,250,250" oya="0" hai0="62,11,73,92,114,107,0,99,15,96,127,128,106" hai1="56,66,61,9,67,131,45,6,42,82,1,49,85" hai2="77,116,51,94,78,93,18,112,111,27,29,60,57" hai3="31,40,19,134,113,102,36,20,83,79,132,25,63"/><T28/><D114/><U135/><E131/><V22/><F112/><W105/><G113/><T121/><D121/><U104/><E135/><V118/><F111/><W35/><G63/><T86/><D73/><U65/><REACH who="1" step="1"/><E104/><REACH who="1" ten="250,240,250,250" step="2"/><V80/><F116/><W72/><G105/><T55/><D106/><U32/><E32/><V88/><F118/><W117/><G117/><T126/><D107/><U103/><E103/><V46/><F93/><W91/><G102/><T89/><D128/><U74/><E74/><V30/><F80/><W12/><G91/><AGARI ba="0,1" hai="1,6,9,42,45,49,56,61,65,66,67,82,85,91" machi="91" ten="30,3900,0" yaku="1,1,7,1,53,1" doraHai="48" doraHaiUra="34" who="1" fromWho="3" sc="250,0,240,49,250,0,250,-39" /><INIT seed="1,0,0,4,3,113" ten="250,289,250,211" oya="1" hai0="74,75,2,114,84,58,130,42,12,87,104,122,69" hai1="98,55,20,19,41,38,32,35,77,15,119,31,43" hai2="34,50,131,4,95,118,96,22,0,17,68,18,62" hai3="51,103,134,129,24,78,48,1,97,33,123,36,29"/><U81/><E119/><V124/><F131/><W126/><G123/><T86/><D114/><U109/><E109/><V13/><F124/><W128/><G36/><T57/><D2/><U94/><E55/><V54/><F34/><W5/><G134/><T52/><D69/><U46/><E43/><V47/><F118/><W39/><G39/><T63/><D130/><N who="3" m="50281" /><G78/><T112/><D112/><U64/><E64/><V121/><F121/><W60/><G126/><T110/><D110/><U111/><E31/><V6/><F0/><W61/><G5/><T99/><D42/><U70/><E70/><V82/><F82/><W83/><G83/><T125/><D125/><U9/><E20/><V3/><F3/><W85/><G85/><T91/><D122/><U101/><REACH who="1" step="1"/><E111/><REACH who="1" ten="250,279,250,211" step="2"/><V89/><F68/><W45/><G29/><T120/><D120/><U73/><AGARI ba="0,1" hai="9,15,19,32,35,38,41,46,73,77,81,94,98,101" machi="73" ten="20,7800,0" yaku="1,1,2,1,0,1,7,1,53,0" doraHai="113" doraHaiUra="115" who="1" fromWho="1" sc="250,-26,279,88,250,-26,211,-26" /><INIT seed="1,1,0,3,5,39" ten="224,367,224,185" oya="1" hai0="108,29,16,132,113,115,93,89,17,100,82,42,32" hai1="91,23,38,129,12,53,15,83,130,92,61,40,73" hai2="102,116,128,48,121,80,33,79,59,111,109,78,118" hai3="49,97,7,57,71,30,34,24,90,45,110,37,85"/><U67/><E53/><N who="2" m="32167" /><F33/><W60/><G110/><N who="2" m="41993" /><F121/><W75/><G75/><T47/><D108/><U133/><E83/><V95/><F128/><N who="1" m="49257" /><E73/><N who="2" m="43087" /><F79/><W112/><G71/><T88/><D82/><U1/><E1/><V127/><F127/><W72/><G72/><T124/><D32/><U21/><E133/><V43/><F43/><W98/><G37/><T18/><D124/><U27/><E40/><V120/><F120/><W51/><G112/><T28/><D132/><U0/><E38/><V65/><F65/><W20/><G34/><T64/><D64/><U101/><E0/><V66/><F66/><W26/><G51/><N who="0" m="27127" /><D115/><U10/><E101/><V122/><F122/><W68/><G68/><T76/><D76/><U54/><E54/><V58/><F58/><W31/><G57/><T41/><D41/><U77/><E77/><V134/><F134/><W50/><G60/><T74/><D74/><U8/><E61/><V70/><F70/><W52/><G50/><T14/><D113/><U131/><E67/><V25/><F25/><W94/><REACH who="3" step="1"/><G7/><REACH who="3" ten="224,367,224,175" step="2"/><T96/><D14/><N who="1" m="5163" /><E131/><V35/><F35/><W19/><G19/><T84/><D84/><N who="1" m="52327" /><E23/><V126/><F126/><W36/><G36/><T104/><D104/><U125/><E125/><V114/><F114/><W135/><G135/><T105/><D105/><U62/><E62/><V11/><F11/><W9/><G9/><T22/><D22/><U117/><E8/><V55/><F55/><W69/><G69/><T86/><D86/><U103/><E10/><V3/><F3/><W5/><G5/><T63/><D63/><U123/><E123/><RYUUKYOKU ba="1,1" sc="224,10,367,-30,224,10,175,10" hai0="16,17,18,28,29,88,89,93,96,100" hai2="95,102,116,118" hai3="20,24,26,30,31,45,49,52,85,90,94,97,98" /><INIT seed="2,2,1,3,1,125" ten="234,337,234,185" oya="2" hai0="4,109,29,116,84,2,54,56,133,44,124,1,12" hai1="9,14,58,3,72,75,35,70,76,135,113,61,122" hai2="118,66,100,25,16,120,6,50,127,15,114,132,104" hai3="28,81,64,42,92,119,10,48,99,43,11,87,41"/><V22/><F114/><W21/><G119/><T93/><D116/><U5/><E113/><V53/><F118/><W80/><G64/><T19/><D109/><U27/><E70/><V23/><F120/><W60/><G60/><T59/><D124/><U79/><E3/><V65/><F127/><W26/><G48/><N who="0" m="28935" /><D1/><U117/><E117/><V102/><F132/><W69/><G69/><T95/><D2/><U83/><E122/><V71/><F104/><W85/><G87/><T107/><D107/><U108/><E108/><V40/><F40/><W34/><G34/><T33/><D33/><U121/><E121/><V78/><F78/><W36/><G36/><T106/><D106/><U115/><E115/><V126/><F126/><W32/><G32/><T94/><D29/><U49/><E49/><V46/><F6/><W98/><G98/><T0/><D0/><U7/><E7/><V73/><F73/><W63/><G63/><T31/><D31/><U123/><E123/><V101/><REACH who="2" step="1"/><F71/><REACH who="2" ten="234,337,224,185" step="2"/><W111/><G111/><T52/><D4/><U82/><E135/><V91/><F91/><W128/><G128/><T77/><D133/><U45/><E72/><V130/><F130/><W51/><G42/><T62/><D77/><U67/><E76/><V90/><F90/><W112/><G43/><T18/><D59/><U103/><E103/><V57/><F57/><W30/><G112/><T97/><D56/><U20/><E45/><V74/><F74/><W55/><G41/><T129/><D129/><U37/><E75/><V39/><F39/><W8/><G51/><T17/><D62/><RYUUKYOKU ba="2,2" sc="234,-10,337,-10,224,30,185,-10" hai2="15,16,22,23,25,46,50,53,65,66,100,101,102" /><INIT seed="2,3,2,2,0,78" ten="224,327,254,175" oya="2" hai0="111,112,61,24,28,134,1,106,89,19,96,30,5" hai1="37,130,15,79,53,59,31,73,11,119,16,68,43" hai2="22,32,17,135,39,85,113,13,12,62,4,71,2" hai3="23,125,132,65,44,50,27,34,88,108,7,129,76"/><V58/><F39/><W82/><G108/><T102/><D112/><U107/><E119/><V33/><F113/><W35/><G129/><T91/><D111/><U55/><E68/><V60/><F2/><W81/><G132/><T26/><D134/><U75/><E107/><V110/><F110/><W38/><G38/><T69/><D19/><U131/><E31/><V64/><F135/><W80/><G125/><T42/><D42/><U124/><E124/><V67/><REACH who="2" step="1"/><F85/><REACH who="2" ten="224,327,244,175" step="2"/><W29/><G7/><T126/><D126/><U36/><E75/><V6/><F6/><W48/><G76/><T57/><D5/><U116/><E36/><V52/><F52/><W18/><G65/><N who="0" m="41135" /><D1/><U0/><E0/><V98/><F98/><W8/><G35/><N who="0" m="20871" /><D57/><U117/><E37/><V118/><F118/><W41/><G50/><T133/><D133/><U97/><E97/><V101/><F101/><W103/><G103/><T9/><D9/><AGARI ba="3,3" hai="4,9,12,13,17,22,32,33,58,60,62,64,67,71" machi="9" ten="40,2000,0" yaku="1,1,53,0" doraHai="78" doraHaiUra="99" who="2" fromWho="0" sc="224,-29,327,0,244,59,175,0" /><INIT seed="2,4,0,2,2,127" ten="195,327,303,175" oya="2" hai0="100,123,115,21,116,134,81,38,48,5,95,12,4" hai1="22,94,36,28,60,72,29,117,30,1,133,7,41" hai2="24,3,73,85,55,110,122,75,87,68,106,13,132" hai3="45,32,15,93,35,61,27,69,80,112,102,57,76"/><V17/><F3/><W46/><G69/><T52/><D115/><U118/><E72/><V14/><F122/><W114/><G15/><T88/><D38/><U109/><E60/><V9/><F106/><W42/><G102/><T20/><D123/><U54/><E54/><V86/><F68/><W6/><G93/><T108/><D108/><U120/><E41/><V82/><F110/><W96/><G96/><N who="0" m="59423" /><D134/><U59/><E59/><V111/><F111/><W58/><G6/><N who="0" m="2667" /><D116/><N who="1" m="44651" /><E94/><V43/><F43/><W47/><G42/><T84/><D12/><U49/><E49/><V66/><F13/><W101/><G101/><T113/><D113/><N who="3" m="43625" /><G27/><T74/><D74/><U37/><E109/><V125/><F132/><W18/><G18/><T97/><D97/><U105/><E105/><V23/><F66/><N who="3" m="39215" /><G58/><AGARI ba="4,0" hai="20,21,48,52,58,81,84,88" m="2667,59423" machi="58" ten="30,3900,0" yaku="8,1,54,2" doraHai="127" who="0" fromWho="3" sc="195,51,327,0,303,0,175,-51" /><INIT seed="3,0,0,0,5,57" ten="246,327,303,124" oya="3" hai0="12,86,56,82,55,118,25,65,131,44,24,14,20" hai1="63,110,69,84,79,123,8,108,42,46,121,91,130" hai2="88,64,48,78,66,124,32,38,21,18,59,129,117" hai3="53,81,22,26,102,72,112,17,115,10,113,119,71"/><W1/><G119/><T99/><D118/><U101/><E101/><V6/><F32/><W87/><G72/><T13/><D131/><U0/><E79/><V36/><F78/><W35/><G102/><T37/><D99/><U30/><E30/><V128/><F117/><W107/><G107/><T98/><D98/><U3/><E63/><N who="2" m="38015" /><F6/><W28/><G71/><T31/><D37/><N who="1" m="21839" /><E69/><V133/><F133/><W109/><G109/><N who="1" m="42090" /><E130/><N who="2" m="50283" /><F124/><W80/><G53/><T92/><D92/><N who="1" m="54375" /><E8/><V111/><F111/><W85/><G81/><T134/><D134/><U11/><E11/><V51/><F66/><W127/><G127/><T16/><D65/><U58/><E58/><V45/><F51/><W89/><G87/><T40/><D40/><U132/><E132/><V52/><F88/><W68/><G68/><T83/><D44/><U70/><E70/><V100/><F100/><W122/><G122/><AGARI ba="0,0" hai="0,3,121,122,123" m="54375,42090,21839" machi="122" ten="30,1000,0" yaku="14,1" doraHai="57" who="1" fromWho="3" sc="246,0,327,10,303,0,124,-10" owari="246,-15.4,337,43.7,303,10.3,114,-38.6" /></mjloggm>