<mjloggm ver="2.3"><GO type="225" lobby="0"/><UN n0="%E7%99%BD%E5%80%89%E5%AF%9B%E4%B9%8B" n1="%53%61%63%68%69%30%34" n2="%E3%81%BF%E3%81%BF%E3%81%9A" n3="%E5%8D%A0%E3%81%84%E5%B8%AB%E8%A3%8F%E3%81%AA%E3%81%84%E3%81%97" dan="16,16,17,17" rate="2134.46,2075.68,2267.66,2276.75" sx="M,M,M,M"/><TAIKYOKU oya="0"/><INIT seed="0,0,0,5,5,3" ten="250,250,250,250" oya="0" hai0="20,70,0,111,76,26,106,125,60,78,50,11,2" hai1="119,27,75,25,92,114,28,45,86,110,116,31,55" hai2="52,113,30,5,14,1,133,36,91,99,49,127,122" hai3="105,118,132,19,83,23,93,131,73,82,6,88,81"/><T59/><D106/><U18/><E75/><V57/><F113/><W65/><G118/><T15/><D125/><U85/><E45/><V32/><F122/><W72/><G105/><T7/><D111/><U77/><E55/><V126/><F1/><W120/><G120/><T10/><D70/><U124/><E92/><N who="2" m="56735" /><F36/><W108/><G108/><T79/><D50/><U17/><E110/><V29/><F32/><W43/><G43/><T115/><D115/><U35/><E114/><V22/><F133/><W56/><G132/><T66/><REACH who="0" step="1"/><D11/><REACH who="0" ten="240,250,250,250" step="2"/><U68/><E68/><V33/><F127/><W47/><G72/><T87/><D87/><U95/><E124/><V38/><F126/><W69/><G73/><T13/><D13/><U40/><E86/><V12/><F38/><W94/><G69/><T104/><D104/><U97/><E85/><V21/><F33/><W24/><G131/><T67/><D67/><U39/><E35/><V135/><F135/><W16/><G65/><T71/><D71/><U9/><E39/><V41/><F41/><W109/><G109/><T129/><D129/><U42/><E40/><V4/><F21/><W8/><G8/><T51/><D51/><U123/><E42/><V64/><F64/><W74/><G74/><T134/><D134/><U100/><E9/><N who="2" m="4135" /><F22/><W121/><G121/><T128/><D128/><U98/><E123/><V37/><F37/><W61/><G23/><T90/><D90/><U89/><E89/><V53/><F53/><W58/><G88/><T48/><D48/><U80/><E77/><V63/><F49/><W84/><G84/><RYUUKYOKU ba="0,1" sc="240,15,250,-15,250,15,250,-15" hai0="0,2,7,10,15,20,26,59,60,66,76,78,79" hai2="5,14,29,30,52,57,63" /><INIT seed="0,1,1,2,4,24" ten="255,235,265,235" oya="0" hai0="36,38,62,116,39,119,13,115,118,14,121,81,56" hai1="106,91,90,135,45,70,22,41,4,23,18,80,54" hai2="7,52,82,108,61,75,65,12,40,110,8,10,5" hai3="34,35,132,74,79,17,130,2,104,6,50,127,102"/><T0/><D0/><U73/><E106/><V131/><F40/><W101/><G130/><T120/><D81/><U66/><E135/><V11/><F131/><W68/><G132/><T133/><D133/><U112/><E112/><V93/><F93/><W25/><G127/><T33/><D33/><U43/><E4/><V97/><F97/><W44/><G17/><T124/><D115/><U85/><E73/><V92/><F92/><W60/><G50/><T46/><D124/><U100/><E100/><V103/><F103/><W29/><G44/><T94/><D94/><U88/><E70/><V51/><F82/><N who="3" m="45431" /><G101/><T9/><D46/><U67/><E23/><V99/><F99/><N who="3" m="61535" /><G34/><T89/><D89/><U134/><E54/><V53/><F75/><W125/><G125/><T57/><D62/><U59/><E59/><N who="0" m="22601" /><D9/><N who="2" m="3690" /><F51/><W26/><G26/><T63/><D63/><U49/><E134/><V95/><F95/><W1/><G6/><T15/><AGARI ba="1,1" hai="13,14,15,36,38,39,116,118,119,120,121" m="22601" machi="15" ten="50,12000,1" yaku="29,2,28,2" doraHai="24" who="0" fromWho="0" sc="255,133,235,-41,265,-41,235,-41" /><INIT seed="0,2,0,3,4,103" ten="388,194,224,194" oya="0" hai0="86,121,85,100,1,2,131,69,19,74,105,54,62" hai1="12,92,126,61,17,14,75,38,96,18,70,108,95" hai2="28,72,83,79,71,104,5,33,30,40,25,90,8" hai3="27,130,44,82,10,119,66,133,118,23,112,47,116"/><T29/><D74/><U81/><E38/><V68/><F90/><W73/><G112/><T24/><D121/><U60/><E108/><V110/><F110/><W114/><G114/><T59/><D131/><U97/><E75/><V89/><F89/><W106/><G130/><T15/><D2/><U99/><E70/><V6/><F6/><W4/><G133/><T77/><D1/><U45/><E45/><V76/><F76/><W132/><G132/><T46/><D77/><U91/><E91/><V53/><F53/><W80/><G66/><T11/><D46/><U49/><E49/><V37/><F28/><W41/><G73/><T51/><D51/><U20/><E126/><V122/><F122/><W65/><G65/><T7/><D7/><U34/><E34/><V36/><F104/><W120/><G106/><T78/><D78/><U101/><E81/><V55/><F55/><W35/><G35/><T21/><REACH who="0" step="1"/><D69/><REACH who="0" ten="378,194,224,194" step="2"/><N who="2" m="26698" /><F40/><W0/><G120/><T125/><D125/><U48/><E48/><V109/><F109/><W31/><REACH who="3" step="1"/><G47/><REACH who="3" ten="378,194,224,184" step="2"/><T50/><D50/><AGARI ba="2,2" hai="0,4,10,23,27,31,41,44,50,80,82,116,118,119" machi="50" ten="40,2600,0" yaku="1,1,2,1,53,0" doraHai="103" doraHaiUra="98" who="3" fromWho="0" sc="378,-32,194,0,224,0,184,52" /><INIT seed="1,0,0,1,2,15" ten="346,194,224,236" oya="1" hai0="83,87,2,34,28,109,14,89,100,119,54,36,57" hai1="78,90,41,8,120,42,112,98,16,32,117,23,29" hai2="103,102,73,74,47,69,92,26,107,43,122,1,84" hai3="116,9,99,93,11,44,134,5,18,81,72,63,22"/><U129/><E112/><V50/><F122/><W40/><G116/><T85/><D2/><U6/><E120/><V125/><F1/><W76/><G134/><T7/><D36/><U128/><E117/><V56/><F69/><W52/><G5/><T33/><D119/><U30/><E78/><V19/><F125/><W55/><G9/><T64/><D64/><U133/><E133/><V77/><F107/><W114/><G11/><T104/><D28/><N who="1" m="10859" /><E32/><V66/><F74/><W60/><G60/><T68/><D68/><U135/><E135/><V101/><F73/><W80/><G63/><T127/><D127/><U111/><E111/><V27/><F19/><W21/><G21/><T61/><D109/><U96/><E6/><V0/><F0/><W70/><G80/><T10/><REACH who="0" step="1"/><D87/><REACH who="0" ten="336,194,224,236" step="2"/><U97/><E8/><V65/><F65/><W53/><G70/><T20/><D20/><U123/><E123/><V124/><F124/><W94/><G114/><T91/><D91/><U86/><E129/><V82/><F66/><W132/><G132/><T113/><D113/><U79/><E128/><V59/><F92/><W110/><G110/><T49/><D49/><U4/><E79/><V115/><F115/><W48/><REACH who="3" step="1"/><G99/><AGARI ba="0,1" hai="7,10,14,33,34,54,57,61,83,85,89,99,100,104" machi="99" ten="40,2600,0" yaku="1,1,53,1" doraHai="15" doraHaiUra="58" who="0" fromWho="3" sc="336,36,194,0,224,0,236,-26" /><INIT seed="2,0,0,3,1,31" ten="372,194,224,210" oya="2" hai0="63,62,7,32,75,23,132,56,91,24,26,114,111" hai1="18,29,129,17,67,109,60,83,96,9,103,39,37" hai2="105,80,48,61,8,118,28,21,100,131,117,73,34" hai3="128,57,27,130,3,126,94,50,115,70,95,85,10"/><V89/><F21/><W66/><G70/><T122/><D75/><U1/><E109/><V44/><F8/><W127/><G115/><T19/><D132/><U20/><E129/><N who="3" m="49770" /><G85/><T43/><D111/><U58/><E83/><V110/><F131/><W33/><G50/><T2/><D122/><U40/><E1/><V46/><F110/><W81/><G81/><T49/><D91/><U106/><E40/><V74/><F89/><W123/><G123/><T99/><D99/><U12/><REACH who="1" step="1"/><E29/><REACH who="1" ten="372,184,224,210" step="2"/><V36/><F80/><W86/><G3/><T38/><D43/><U14/><AGARI ba="0,1" hai="9,12,14,17,18,20,37,39,58,60,67,96,103,106" machi="14" ten="20,5200,0" yaku="1,1,2,1,0,1,7,1,53,0" doraHai="31" doraHaiUra="133" who="1" fromWho="1" sc="372,-13,184,62,224,-26,210,-13" /><INIT seed="3,0,0,0,4,34" ten="359,246,198,197" oya="3" hai0="30,114,123,32,63,51,118,57,130,84,104,135,23" hai1="52,131,126,124,79,47,21,120,108,11,4,64,59" hai2="93,20,127,62,12,39,26,94,99,121,10,110,100" hai3="81,43,113,22,41,44,134,35,90,78,66,7,68"/><W8/><G113/><T85/><D104/><U55/><E108/><V92/><F110/><W18/><G35/><T115/><D123/><U129/><E120/><V54/><F121/><W61/><G134/><T46/><D130/><N who="1" m="49675" /><E79/><V56/><F39/><W95/><G22/><T70/><D32/><U6/><E6/><N who="2" m="3159" /><F127/><W102/><G102/><T31/><D70/><U73/><E73/><V38/><F38/><W25/><G25/><N who="0" m="16703" /><D31/><AGARI ba="0,0" hai="20,26,31,54,56,62,92,93,94,99,100" m="3159" machi="31" ten="30,1000,0" yaku="8,1" doraHai="34" who="2" fromWho="0" sc="359,-10,246,0,198,10,197,0" owari="349,44.9,246,4.6,208,-19.2,197,-30.3" /></mjloggm>