<mjloggm ver="2.3"><GO type="225" lobby="0"/><UN n0="%72%61%6B%33" n1="%E3%81%A4%E3%81%A3%E3%81%B1%E3%82%8A%E3%83%9D%E3%83%BC%E3%83%AB" n2="%E5%91%A8%E6%9D%B1" n3="%E3%83%96%E3%83%83%E3%83%91%E3%82%AA%E3%83%96%E3%83%81%E3%82%AD%E3%83%B3" dan="16,17,17,16" rate="2086.59,2089.43,2191.95,2207.14" sx="M,M,M,M"/><TAIKYOKU oya="0"/><INIT seed="0,0,0,0,4,86" ten="250,250,250,250" oya="0" hai0="106,77,113,63,92,28,125,94,36,105,18,97,62" hai1="70,88,12,5,43,82,80,11,99,9,45,47,108" hai2="104,34,13,90,31,112,134,1,128,133,93,6,118" hai3="61,111,32,121,67,56,117,89,85,0,122,50,65"/><T132/><D113/><U109/><E70/><V100/><F112/><W10/><G117/><T35/><D36/><U87/><E82/><V40/><F40/><W114/><G114/><T57/><D125/><U16/><E99/><N who="2" m="61471" /><F1/><W14/><G32/><T3/><D3/><N who="1" m="191" /><E43/><V4/><F118/><W22/><G111/><AGARI ba="0,0" hai="11,12,16,45,47,80,87,88,108,109,111" m="191" machi="111" ten="30,7700,0" yaku="14,1,52,1,54,2" doraHai="86" who="1" fromWho="3" sc="250,0,250,77,250,0,250,-77" /><INIT seed="1,0,0,3,5,57" ten="250,327,250,173" oya="1" hai0="78,90,108,5,12,63,41,4,98,118,116,11,37" hai1="67,105,123,122,77,113,93,32,80,56,7,38,132" hai2="121,100,33,66,126,83,27,114,96,87,73,44,53" hai3="119,62,99,1,102,43,134,131,49,45,18,65,36"/><U104/><E38/><V109/><F109/><W85/><G134/><T95/><D108/><U89/><E32/><V74/><F121/><W106/><G131/><T17/><D78/><U120/><E7/><V21/><F33/><W13/><G119/><T81/><D81/><U2/><E2/><V68/><F126/><W70/><G1/><T0/><D5/><U59/><E59/><V84/><F84/><W111/><G111/><T24/><D24/><U3/><E3/><V58/><F44/><W25/><G85/><T47/><REACH who="0" step="1"/><D63/><REACH who="0" ten="240,327,250,173" step="2"/><N who="1" m="38375" /><E80/><V6/><F83/><W10/><REACH who="3" step="1"/><G25/><REACH who="3" ten="240,327,250,163" step="2"/><T40/><D40/><U14/><E122/><V55/><F27/><W128/><G128/><T101/><D101/><U51/><E120/><V9/><F100/><W23/><G23/><AGARI ba="0,2" hai="0,4,11,12,17,23,37,41,47,90,95,98,116,118" machi="23" ten="30,2000,0" yaku="1,1,7,1,53,0" doraHai="57" doraHaiUra="133" who="0" fromWho="3" sc="240,40,327,0,250,0,163,-20" /><INIT seed="2,0,0,1,4,128" ten="280,327,250,143" oya="2" hai0="111,60,101,9,102,68,100,118,87,55,80,108,104" hai1="3,25,42,53,78,124,123,7,2,82,20,59,45" hai2="94,11,31,84,76,98,48,19,26,85,40,65,17" hai3="4,86,125,120,103,23,46,97,105,93,21,38,91"/><V13/><F65/><W51/><G120/><T37/><D37/><U127/><E123/><V70/><F70/><W130/><G130/><T5/><D118/><U0/><E7/><V52/><F40/><W134/><G125/><N who="1" m="48202" /><E59/><V56/><F19/><W39/><G4/><T133/><D104/><U129/><E53/><V117/><F76/><W122/><G122/><T63/><D55/><U1/><E1/><V33/><REACH who="2" step="1"/><F117/><REACH who="2" ten="280,327,240,143" step="2"/><W71/><G71/><T114/><D68/><U43/><E129/><V89/><AGARI ba="0,1" hai="11,13,17,26,31,33,48,52,56,84,85,89,94,98" machi="89" ten="20,18000,2" yaku="1,1,2,1,0,1,7,1,54,1,53,1" doraHai="128" doraHaiUra="95" who="2" fromWho="2" sc="280,-60,327,-60,240,190,143,-60" /><INIT seed="2,1,0,2,4,34" ten="220,267,430,83" oya="2" hai0="101,69,75,21,72,107,133,8,67,90,124,24,89" hai1="7,37,130,99,4,104,29,31,54,118,28,50,14" hai2="92,66,18,38,97,79,36,61,108,2,111,15,62" hai3="6,45,113,65,115,82,39,58,1,105,64,52,81"/><V49/><F49/><N who="3" m="30991" /><G105/><T119/><D124/><U26/><E37/><V80/><F2/><W60/><G82/><T9/><D133/><U87/><E118/><V44/><F44/><W57/><G81/><T70/><D119/><U98/><E130/><V117/><F117/><W126/><G126/><T114/><D107/><U74/><E74/><V0/><F0/><W116/><G6/><N who="1" m="2090" /><E104/><V100/><F38/><W95/><G95/><T122/><D101/><U128/><E128/><V3/><F3/><W59/><G1/><T131/><D131/><U68/><E68/><V106/><F36/><W43/><G116/><T22/><D24/><U33/><E33/><V96/><F96/><N who="1" m="36905" /><E14/><V25/><F25/><W127/><G127/><T17/><D67/><N who="3" m="25673" /><G60/><T102/><D102/><U30/><E30/><V13/><F13/><W120/><G120/><T76/><D122/><U85/><E26/><V41/><F106/><W63/><G63/><T53/><D75/><U123/><E123/><V10/><F62/><W5/><G5/><T121/><D72/><U91/><E91/><V16/><F18/><W40/><G40/><T134/><D17/><U20/><E20/><V47/><F79/><W55/><G55/><T73/><D76/><U86/><E28/><V12/><F12/><W48/><G39/><T110/><D121/><U103/><E103/><V94/><F94/><W135/><G135/><T19/><D134/><U71/><E71/><N who="2" m="42447" /><F80/><W129/><G129/><T27/><D69/><U51/><E54/><V112/><F100/><W56/><AGARI ba="1,0" hai="43,45,48,56,57,59,113,115" m="25673,30991" machi="56" ten="30,4000,0" yaku="34,2,54,1" doraHai="34" who="3" fromWho="3" sc="220,-11,267,-11,430,-21,83,43" /><INIT seed="3,0,0,2,5,102" ten="209,256,409,126" oya="3" hai0="127,103,89,68,84,36,131,20,21,94,18,105,91" hai1="82,110,28,24,67,125,38,86,56,88,15,87,6" hai2="37,17,77,57,134,39,5,46,128,51,49,133,114" hai3="130,7,126,117,61,99,108,27,0,75,34,115,4"/><W14/><G115/><T45/><D68/><U12/><E110/><V120/><F114/><W101/><G117/><T95/><D127/><U42/><E125/><V23/><F128/><W93/><G126/><T35/><D35/><U83/><E6/><V59/><F120/><W129/><G75/><T121/><D121/><U40/><E38/><V85/><F5/><W1/><G108/><T79/><D79/><U111/><E111/><V31/><F31/><N who="3" m="19839" /><G61/><T132/><D131/><N who="3" m="50185" /><G7/><T22/><D132/><U90/><E56/><V47/><F134/><W26/><G26/><T2/><D2/><U32/><E67/><V16/><F133/><W9/><AGARI ba="0,0" hai="0,1,4,9,14,93,99,101" m="50185,19839" machi="9" ten="30,1500,0" yaku="19,1" doraHai="102" who="3" fromWho="3" sc="209,-5,256,-5,409,-5,126,15" /><INIT seed="3,1,0,2,3,129" ten="204,251,404,141" oya="3" hai0="86,70,45,9,7,94,103,102,79,0,52,122,17" hai1="113,116,53,22,89,36,28,121,80,107,95,112,50" hai2="92,40,104,6,54,18,8,111,78,126,71,98,38" hai3="76,119,101,5,109,48,93,1,67,33,64,13,131"/><W44/><G119/><T60/><D122/><U128/><E36/><V123/><F71/><W34/><G1/><T87/><D17/><U47/><E121/><V26/><F104/><W115/><G115/><T39/><D79/><U77/><E107/><V14/><F78/><W134/><G131/><T118/><D118/><U49/><E128/><V83/><F83/><W75/><G75/><T51/><D39/><U25/><E50/><V4/><F40/><N who="3" m="24583" /><G76/><T21/><D21/><U37/><E37/><V108/><F38/><W97/><G109/><T90/><REACH who="0" step="1"/><D87/><REACH who="0" ten="194,251,404,141" step="2"/><U124/><E124/><V72/><F126/><W85/><G34/><T3/><D3/><U135/><E116/><V133/><F111/><W114/><G33/><T125/><D125/><U73/><E135/><V29/><F133/><W55/><G134/><T106/><D106/><U110/><E110/><V24/><F108/><W31/><G114/><T42/><D42/><U35/><E35/><V20/><F72/><W43/><G31/><T32/><D32/><U132/><E132/><V56/><F123/><W74/><G74/><T59/><D59/><U63/><E63/><N who="2" m="36247" /><F24/><W117/><G117/><T105/><D105/><U58/><E58/><V57/><F57/><W99/><G43/><T11/><D11/><U61/><E61/><V120/><F120/><W12/><G85/><AGARI ba="1,1" hai="22,25,28,47,49,53,73,77,80,85,89,95,112,113" machi="85" ten="30,1000,0" yaku="7,1" doraHai="129" who="1" fromWho="3" sc="194,0,251,23,404,0,141,-13" owari="194,-20.6,274,7.4,404,50.4,128,-37.2" /></mjloggm>