<mjloggm ver="2.3"><GO type="225" lobby="0"/><UN n0="%E3%81%99%E3%81%84%E3%81%BE%E3%81%9B%E3%83%BC%E3%82%93" n1="%E3%83%A9%E3%83%BC%E3%83%A1%E3%83%B3%E4%BA%94%E9%83%8E" n2="%E5%B6%BA%E4%B8%8A%E5%92%B2" n3="%E3%81%A4%E3%81%A3%E3%81%B1%E3%82%8A%E3%83%9D%E3%83%BC%E3%83%AB" dan="18,16,16,17" rate="2229.07,2154.57,2167.60,2237.93" sx="M,M,F,M"/><TAIKYOKU oya="0"/><INIT seed="0,0,0,4,3,82" ten="250,250,250,250" oya="0" hai0="24,9,71,54,125,22,124,58,11,134,4,115,69" hai1="56,52,55,37,39,131,80,15,95,26,123,83,76" hai2="90,30,122,61,43,111,75,29,33,3,135,130,70" hai3="0,27,133,91,16,94,32,40,93,35,112,50,64"/><T21/><D115/><U107/><E107/><V119/><RYUUKYOKU type="yao9" ba="0,0" sc="250,0,250,0,250,0,250,0" hai2="3,29,30,33,43,61,70,75,90,111,119,122,130,135" /><INIT seed="0,1,0,5,2,3" ten="250,250,250,250" oya="0" hai0="85,93,53,54,8,73,96,105,43,102,87,33,104" hai1="45,98,118,38,120,32,112,108,44,123,122,35,101" hai2="131,84,111,1,5,113,116,129,49,59,11,48,20" hai3="30,88,60,135,114,42,14,115,83,119,72,6,95"/><T121/><D121/><U13/><E118/><V28/><F113/><W7/><G119/><T70/><D73/><U61/><E112/><V4/><F111/><W97/><G135/><T47/><D33/><U24/><E108/><V19/><F116/><W69/><G42/><T50/><D70/><U22/><E13/><V25/><F84/><W51/><G30/><T68/><D68/><U12/><E12/><V126/><F126/><W74/><G51/><T82/><D87/><U57/><E35/><V18/><F59/><W127/><G127/><T103/><D8/><U39/><E32/><V89/><F89/><W99/><G14/><T75/><D75/><U58/><E39/><V71/><F71/><W62/><G69/><T41/><D41/><U65/><E57/><V110/><F110/><W90/><G95/><T46/><D103/><U128/><E38/><V0/><F49/><W34/><G34/><T109/><D109/><U77/><E77/><V40/><F48/><W9/><G9/><T78/><REACH who="0" step="1"/><D54/><REACH who="0" ten="240,250,250,250" step="2"/><U15/><E122/><V132/><F40/><W66/><G83/><T2/><D2/><U80/><E120/><V86/><F86/><W63/><G63/><T134/><D134/><U100/><E123/><V107/><F132/><W27/><G66/><T56/><D56/><U67/><E58/><V91/><F0/><W130/><G130/><T92/><D92/><N who="1" m="58439" /><E128/><V10/><F1/><W106/><G106/><T81/><D81/><U16/><E80/><V55/><F129/><W117/><G117/><T133/><D133/><U76/><E67/><V94/><F131/><RYUUKYOKU ba="1,1" sc="240,15,250,-15,250,-15,250,15" hai0="43,46,47,50,53,78,82,85,93,96,102,104,105" hai3="6,7,27,60,62,72,74,88,90,97,99,114,115" /><INIT seed="0,2,1,1,3,13" ten="255,235,235,265" oya="0" hai0="119,97,48,57,62,117,16,6,5,104,103,23,116" hai1="122,91,73,68,102,92,115,72,18,0,25,56,99" hai2="9,95,107,84,49,2,24,85,108,44,45,21,118" hai3="96,101,133,10,90,75,14,80,34,17,106,27,110"/><T55/><REACH who="0" step="1"/><D62/><REACH who="0" ten="245,235,235,265" step="2"/><U11/><E122/><V58/><F118/><W93/><G133/><T63/><D63/><U70/><E115/><V33/><F108/><W7/><G110/><T15/><AGARI ba="2,2" hai="5,6,15,16,23,48,55,57,97,103,104,116,117,119" machi="15" ten="30,12000,1" yaku="21,2,0,1,52,1,54,1,53,0" doraHai="13" doraHaiUra="126" who="0" fromWho="0" sc="245,146,235,-42,235,-42,265,-42" /><INIT seed="0,3,0,5,0,9" ten="391,193,193,223" oya="0" hai0="111,118,90,8,42,28,76,54,85,91,75,100,133" hai1="132,74,21,71,31,32,33,46,15,67,112,41,25" hai2="38,63,126,40,11,69,89,72,97,96,64,98,104" hai3="101,6,65,20,26,116,16,29,73,35,30,134,13"/><T2/><D118/><U94/><E74/><V58/><F72/><W22/><G73/><T87/><D133/><U99/><E132/><V5/><F126/><W131/><G134/><T7/><D111/><U53/><E112/><V49/><F104/><W120/><G101/><T39/><D100/><U114/><E114/><V51/><F89/><N who="0" m="33802" /><D28/><U14/><E53/><N who="2" m="32063" /><F49/><W129/><G65/><T80/><D54/><U95/><E32/><V17/><F17/><N who="3" m="10287" /><G116/><T127/><D127/><U82/><E33/><V34/><F34/><W117/><G117/><T4/><D4/><U121/><E121/><V107/><F107/><W27/><G120/><T115/><D115/><U79/><E67/><V18/><F18/><W102/><G102/><T1/><D1/><U60/><E71/><V50/><F50/><W124/><G124/><T59/><D59/><U36/><E60/><V128/><F97/><W23/><G6/><T0/><D0/><U66/><E66/><V48/><F48/><W57/><G57/><T43/><D43/><U103/><REACH who="1" step="1"/><E95/><REACH who="1" ten="391,183,193,223" step="2"/><V109/><F109/><W24/><AGARI ba="3,1" hai="16,22,23,24,26,27,29,30,35,129,131" m="10287" machi="24" ten="30,7900,0" yaku="34,2,52,1,54,1" doraHai="9" who="3" fromWho="3" sc="391,-42,183,-23,193,-23,223,98" /><INIT seed="1,0,0,3,3,118" ten="349,160,170,321" oya="1" hai0="50,97,51,125,44,82,17,132,30,19,111,6,73" hai1="99,91,12,18,43,85,96,76,36,86,66,135,75" hai2="57,9,23,3,77,120,31,124,26,105,93,94,92" hai3="109,95,45,67,88,119,46,54,28,134,79,20,106"/><U115/><E115/><V0/><F105/><W80/><G106/><T58/><D111/><U128/><E128/><V4/><F124/><W13/><G109/><T112/><D112/><U123/><E135/><V2/><F77/><W10/><G67/><T56/><D30/><U107/><E75/><V129/><F129/><W33/><G33/><T25/><D6/><U121/><E66/><V102/><F102/><W127/><G127/><T71/><D71/><U55/><E76/><V53/><REACH who="2" step="1"/><F120/><REACH who="2" ten="349,160,160,321" step="2"/><W24/><G134/><T131/><D131/><U100/><E121/><V5/><F5/><W59/><G79/><T21/><D125/><U14/><E123/><V126/><F126/><W39/><G119/><T84/><D132/><U29/><E107/><V110/><F110/><W16/><G39/><T63/><D73/><U113/><E100/><V116/><F116/><W103/><G103/><T78/><D78/><U41/><E36/><V47/><F47/><W61/><G80/><T38/><D44/><U65/><E113/><V22/><F22/><W114/><G114/><T34/><D21/><U64/><E91/><V83/><F83/><W40/><G40/><T37/><D82/><U11/><E43/><V98/><F98/><AGARI ba="0,1" hai="10,13,16,20,24,28,45,46,54,59,61,88,95,98" machi="98" ten="30,7700,0" yaku="7,1,8,1,54,2" doraHai="118" who="3" fromWho="2" sc="349,0,160,0,160,-77,321,87" /><INIT seed="2,0,0,0,0,129" ten="349,160,83,408" oya="2" hai0="82,37,42,93,63,3,91,40,95,84,58,47,18" hai1="38,133,36,100,102,44,105,121,67,59,135,85,127" hai2="27,118,106,56,20,9,126,31,94,114,116,32,122" hai3="99,0,119,23,60,1,19,134,52,11,96,68,81"/><V73/><F106/><W120/><G120/><T92/><D3/><U33/><E121/><V90/><F122/><W17/><G119/><T80/><D42/><N who="1" m="22599" /><E38/><V104/><F114/><W24/><G68/><T21/><D82/><U97/><E33/><V25/><F126/><W83/><G134/><N who="1" m="51210" /><E127/><V54/><F104/><W64/><G64/><T75/><D75/><U26/><E26/><V48/><F73/><W7/><G1/><T53/><D80/><N who="3" m="30793" /><G7/><T49/><REACH who="0" step="1"/><D37/><REACH who="0" ten="339,160,83,408" step="2"/><U130/><E130/><V108/><F108/><W87/><G0/><T77/><D77/><U30/><E30/><V113/><F113/><W101/><G87/><T65/><D65/><U51/><E85/><V103/><F116/><W57/><G101/><T112/><D112/><U35/><E102/><V13/><F118/><W109/><G109/><T10/><D10/><U107/><E67/><V16/><F103/><W110/><G110/><T4/><D4/><U86/><E86/><V69/><F69/><W50/><G11/><T6/><D6/><U12/><E107/><V2/><F2/><W66/><G66/><T72/><D72/><U22/><E105/><V74/><F74/><W76/><G76/><T14/><AGARI ba="0,1" hai="14,18,21,40,47,49,53,58,63,84,91,92,93,95" machi="14" ten="20,5200,0" yaku="1,1,0,1,7,1,8,1,53,0" doraHai="129" doraHaiUra="78" who="0" fromWho="0" sc="339,62,160,-13,83,-26,408,-13" /><INIT seed="3,0,0,2,5,29" ten="401,147,57,395" oya="3" hai0="62,119,60,79,99,45,100,105,135,92,116,39,18" hai1="30,37,22,132,86,108,111,35,112,47,11,120,130" hai2="20,46,89,87,40,96,33,80,44,122,31,49,24" hai3="23,53,8,59,72,133,71,43,78,82,91,65,58"/><W27/><G133/><T81/><D135/><U77/><E120/><V109/><F122/><W66/><G71/><T74/><D18/><U64/><E112/><V94/><F109/><N who="1" m="42057" /><E130/><V6/><F46/><W113/><G113/><T93/><D92/><U5/><E132/><V4/><REACH who="2" step="1"/><F33/><REACH who="2" ten="401,147,47,395" step="2"/><W70/><G70/><T41/><D119/><U9/><E35/><V134/><F134/><W76/><G43/><T7/><D116/><U129/><E47/><V38/><F38/><W51/><G8/><T115/><D115/><U19/><E11/><V13/><F13/><W10/><G10/><T28/><D39/><U97/><E37/><V25/><F25/><W52/><G91/><T123/><D123/><U131/><E9/><V3/><F3/><W107/><G107/><T1/><D1/><U118/><E118/><V48/><F48/><W2/><G2/><T14/><D105/><U85/><E131/><V32/><F32/><W124/><G124/><T75/><D7/><U63/><E5/><V103/><AGARI ba="0,1" hai="4,6,20,24,31,40,44,49,80,87,89,94,96,103" machi="103" ten="20,8000,1" yaku="1,1,0,1,7,1,8,1,53,1" doraHai="29" doraHaiUra="36" who="2" fromWho="2" sc="401,-20,147,-20,47,90,395,-40" owari="381,48.1,127,-37.3,137,-26.3,355,15.5" /></mjloggm>