<mjloggm ver="2.3"><GO type="225" lobby="0"/><UN n0="%E3%81%8B%E3%82%8F%E3%81%A1%E3%82%83%E3%82%93%35%38" n1="%E5%91%A8%E6%9D%B1" n2="%E3%81%BF%E3%81%BF%E3%81%9A" n3="%E6%81%A5%E6%99%92%E3%81%97" dan="16,16,17,16" rate="2150.81,2156.64,2247.17,2044.94" sx="M,M,M,M"/><TAIKYOKU oya="0"/><INIT seed="0,0,0,4,0,65" ten="250,250,250,250" oya="0" hai0="24,127,113,72,26,49,23,104,81,122,109,85,34" hai1="3,40,35,84,125,116,110,133,64,103,7,119,12" hai2="56,83,80,60,115,2,82,25,94,76,50,117,101" hai3="106,128,58,105,96,39,22,33,31,29,1,92,45"/><T124/><D113/><U111/><E103/><V57/><F115/><W73/><G1/><T95/><D104/><U77/><E40/><V99/><F117/><N who="1" m="45129" /><E84/><V18/><F2/><W52/><G73/><T43/><D122/><U69/><E77/><V86/><F50/><W38/><G33/><T55/><D109/><N who="1" m="41483" /><E64/><V121/><F121/><W90/><G128/><T97/><D72/><U126/><E69/><V63/><F25/><W48/><G22/><T59/><D34/><U28/><E12/><V54/><REACH who="2" step="1"/><F18/><REACH who="2" ten="250,250,240,250" step="2"/><W46/><G38/><T16/><D24/><N who="1" m="18823" /><E133/><V68/><F68/><W135/><G135/><T32/><D32/><U91/><E91/><V132/><F132/><W114/><G114/><T107/><D43/><U123/><E123/><V9/><F9/><AGARI ba="0,1" hai="3,7,9,125,126" m="18823,41483,45129" machi="9" ten="40,8000,1" yaku="14,1,23,1,34,2" doraHai="65" who="1" fromWho="2" sc="250,0,250,90,240,-80,250,0" /><INIT seed="1,0,0,4,5,61" ten="250,340,160,250" oya="1" hai0="63,42,119,30,40,49,18,45,37,135,23,32,131" hai1="91,9,120,19,132,39,72,97,121,28,100,99,68" hai2="50,15,38,117,116,26,92,70,24,78,56,0,85" hai3="86,129,59,76,105,46,29,34,114,36,16,58,127"/><U65/><E39/><V53/><F0/><W96/><G114/><T12/><D119/><U90/><E28/><V57/><F70/><W13/><G127/><T102/><D131/><U126/><E126/><V52/><F38/><W106/><G129/><T103/><D135/><U89/><E72/><V10/><F116/><W125/><G125/><T82/><D37/><U104/><E132/><V69/><F69/><W101/><G106/><T110/><D110/><U98/><E9/><V11/><F117/><W81/><G34/><T22/><D32/><U21/><E100/><N who="0" m="38441" /><D82/><U128/><E104/><V7/><F11/><W108/><G29/><T109/><D63/><U1/><E1/><V4/><F4/><W41/><REACH who="3" step="1"/><G108/><REACH who="3" ten="250,340,160,240" step="2"/><T112/><D109/><U6/><E128/><V62/><REACH who="2" step="1"/><F92/><REACH who="2" ten="250,340,150,240" step="2"/><W115/><G115/><T54/><D112/><U83/><E121/><V48/><F48/><W20/><AGARI ba="0,2" hai="13,16,20,36,41,46,58,59,76,81,86,96,101,105" machi="20" ten="20,5200,0" yaku="1,1,0,1,7,1,54,1,53,0" doraHai="61" doraHaiUra="84" who="3" fromWho="3" sc="250,-13,340,-26,150,-13,240,72" /><INIT seed="2,0,0,4,3,124" ten="237,314,137,312" oya="2" hai0="38,53,77,92,2,69,103,76,61,122,91,109,21" hai1="45,125,18,121,60,7,88,42,132,5,23,49,56" hai2="102,66,71,44,26,12,20,25,17,134,118,40,112" hai3="119,39,130,0,62,27,100,55,33,72,87,67,73"/><V128/><F112/><W37/><G119/><T51/><D122/><U3/><E125/><V6/><F118/><W133/><G0/><T1/><D38/><U86/><E3/><V41/><F134/><W74/><G133/><T32/><D32/><U70/><E70/><V82/><F102/><W63/><G100/><T81/><D109/><U106/><E106/><V126/><F126/><W47/><G87/><T15/><D103/><U114/><E121/><V96/><F96/><W95/><G95/><T14/><D14/><N who="1" m="9687" /><E114/><V4/><F71/><W90/><G90/><T107/><D77/><U64/><E132/><V48/><F66/><W93/><G93/><AGARI ba="0,0" hai="5,7,42,45,49,56,60,64,86,88,93" m="9687" machi="93" ten="30,2000,0" yaku="8,1,54,1" doraHai="124" who="1" fromWho="3" sc="237,0,314,20,137,0,312,-20" /><INIT seed="3,0,0,1,4,52" ten="237,334,137,292" oya="3" hai0="67,94,8,75,65,9,132,54,95,126,93,113,109" hai1="10,29,23,25,1,64,129,82,107,92,68,37,57" hai2="111,83,112,77,104,124,70,134,26,103,43,101,71" hai3="47,61,108,122,55,60,33,86,88,116,100,19,38"/><W31/><G116/><T63/><D75/><U0/><E107/><V13/><F112/><W96/><G122/><T15/><D113/><U90/><E37/><V20/><F111/><W118/><G118/><T73/><D73/><U84/><E68/><V87/><F134/><W81/><G108/><T72/><D72/><U110/><E110/><V48/><F124/><W89/><G89/><T3/><D109/><U135/><E135/><V59/><F71/><W36/><G36/><T128/><D132/><U99/><E129/><V114/><F70/><W34/><G19/><T102/><D128/><U49/><E10/><V12/><F114/><W16/><G16/><T119/><D119/><U131/><E131/><V123/><F123/><W78/><G78/><T40/><D40/><U35/><E35/><V91/><F104/><W62/><G31/><T22/><D126/><U28/><E28/><V120/><F120/><W74/><G74/><T133/><D133/><U79/><E49/><V56/><F77/><W39/><G39/><T6/><D22/><U45/><E45/><N who="2" m="25663" /><F26/><W106/><G38/><T50/><D63/><N who="1" m="37999" /><E1/><V51/><F51/><W76/><G76/><T115/><D102/><N who="2" m="38922" /><F20/><W97/><G97/><T18/><REACH who="0" step="1"/><D115/><REACH who="0" ten="227,334,137,292" step="2"/><U32/><E32/><V7/><F7/><W121/><G121/><T80/><D80/><U17/><E82/><V2/><F2/><W42/><G33/><T21/><D21/><U125/><E125/><V53/><F53/><W127/><G34/><T98/><D98/><U130/><E23/><V105/><F105/><N who="3" m="63623" /><G127/><T41/><D41/><U27/><E130/><RYUUKYOKU ba="0,1" sc="227,15,334,-15,137,15,292,-15" hai0="3,6,8,9,15,18,50,54,65,67,93,94,95" hai2="12,13,56,59,83,87,91" owari="242,-15.8,329,42.9,152,-34.8,277,7.7" /></mjloggm>