<mjloggm ver="2.3"><GO type="225" lobby="0"/><UN n0="%E6%A1%9C%E8%8A%B1%E9%96%83%E3%80%85" n1="%6B%75%72%69%73%75" n2="%E6%B5%81%E3%82%8C%EF%BC%9F%53%4F%41" n3="%E9%A6%AC%E5%BC%95%E7%81%AB%33" dan="17,16,17,16" rate="2263.00,2159.32,2223.77,2092.42" sx="M,M,M,M"/><TAIKYOKU oya="0"/><INIT seed="0,0,0,1,5,53" ten="250,250,250,250" oya="0" hai0="79,101,6,46,11,122,1,16,100,30,112,61,66" hai1="92,65,93,115,106,71,84,73,86,37,128,36,110" hai2="123,23,132,52,31,91,114,124,96,56,59,0,51" hai3="25,5,118,60,47,21,117,42,20,107,97,2,44"/><T104/><D112/><U102/><E73/><V95/><F123/><W129/><G129/><T109/><D122/><U8/><E115/><V90/><F114/><W119/><G2/><T89/><D79/><U35/><E35/><V58/><F0/><W121/><G5/><T41/><D30/><U17/><E128/><V125/><F132/><W48/><G121/><T75/><D75/><U32/><E32/><V28/><F90/><W78/><G78/><T127/><D127/><N who="2" m="48714" /><F23/><W116/><N who="3" m="29696" /><DORA hai="24" /><W27/><G44/><AGARI ba="0,0" hai="28,31,44,51,52,56,58,59,91,95,96" m="48714" machi="44" ten="30,12000,2" yaku="18,1,52,5,54,1" doraHai="53,24" who="2" fromWho="3" sc="250,0,250,0,250,120,250,-120" /><INIT seed="1,0,0,3,0,59" ten="250,250,370,130" oya="1" hai0="99,7,22,2,38,19,116,72,45,125,18,133,8" hai1="107,35,49,66,84,9,96,53,4,127,86,63,62" hai2="108,52,114,21,0,25,118,93,101,83,92,32,36" hai3="12,106,31,29,16,113,46,121,81,97,54,124,13"/><U74/><E74/><V17/><F118/><W57/><G113/><T130/><D116/><U20/><E35/><V69/><F36/><W110/><G121/><T61/><D130/><U135/><E135/><V111/><F69/><W10/><G110/><N who="2" m="42025" /><F0/><W67/><G124/><T78/><D133/><U87/><E127/><V77/><F101/><W33/><G33/><T103/><D125/><U95/><E20/><V58/><F32/><W3/><G3/><T43/><D61/><U55/><E66/><V44/><F44/><W24/><G24/><T28/><D28/><U102/><E107/><V14/><F14/><W82/><G67/><T98/><D98/><U109/><E109/><V41/><F41/><W76/><G46/><T132/><D22/><U70/><E70/><V120/><F114/><W34/><G34/><T134/><D18/><U85/><N who="1" m="21504" /><DORA hai="64" /><U80/><E80/><V56/><F56/><W40/><G40/><T128/><D19/><U48/><E55/><V79/><F120/><W88/><G13/><T119/><D128/><U65/><E65/><V115/><F115/><W104/><G104/><N who="0" m="63615" /><D119/><U37/><E37/><V112/><F112/><W129/><G129/><T47/><D47/><N who="1" m="27807" /><E49/><N who="2" m="30991" /><F79/><W23/><G23/><T117/><D117/><U123/><E123/><V94/><F94/><N who="3" m="56519" /><G106/><T1/><D1/><U73/><E73/><AGARI ba="0,0" hai="17,21,25,73,77,83,92,93" m="30991,42025" machi="73" ten="30,2000,0" yaku="14,1,54,1" doraHai="59,64" who="2" fromWho="1" sc="250,0,250,-20,370,20,130,0" /><INIT seed="2,0,0,3,5,32" ten="250,230,390,130" oya="2" hai0="25,16,111,121,43,130,107,98,135,70,61,123,53" hai1="124,116,31,49,2,96,68,8,88,60,65,114,37" hai2="73,90,69,9,67,99,119,24,21,127,27,84,97" hai3="83,55,19,79,26,5,110,77,108,29,93,62,92"/><V95/><F119/><W23/><G5/><T80/><D111/><U134/><E116/><V48/><F73/><W1/><G1/><T17/><D43/><U106/><E37/><V76/><F127/><W10/><G10/><T15/><D135/><U51/><E134/><V118/><F118/><W39/><G39/><T72/><D130/><U11/><E114/><V86/><F69/><W54/><G29/><T109/><D109/><U50/><E124/><V46/><F67/><W115/><G115/><T102/><D25/><U66/><E66/><V30/><F9/><W87/><G108/><T104/><D104/><U45/><E45/><V103/><F27/><W85/><G110/><T120/><D15/><U133/><E133/><V42/><REACH who="2" step="1"/><F76/><REACH who="2" ten="250,230,380,130" step="2"/><W129/><G129/><T18/><D70/><U63/><E65/><V47/><F47/><W132/><G132/><T64/><D64/><U100/><E68/><V59/><F59/><W6/><G26/><T71/><D71/><U56/><E11/><V89/><F89/><W41/><G79/><N who="0" m="44135" /><D123/><U126/><E126/><V22/><F22/><W3/><G23/><T38/><D121/><U117/><E117/><V125/><F125/><W20/><G20/><T12/><D120/><U40/><E56/><V81/><F81/><W13/><G83/><T74/><D74/><U82/><E88/><V105/><AGARI ba="0,1" hai="21,24,30,42,46,48,84,86,90,95,97,99,103,105" machi="105" ten="20,3900,0" yaku="1,1,0,1,7,1,53,0" doraHai="32" doraHaiUra="34" who="2" fromWho="2" sc="250,-13,230,-13,380,49,130,-13" /><INIT seed="2,1,0,1,5,105" ten="237,217,429,117" oya="2" hai0="71,35,14,113,72,128,114,36,59,129,104,97,54" hai1="115,61,66,46,78,96,85,89,122,100,132,103,135" hai2="80,41,45,38,34,32,76,39,47,55,102,92,20" hai3="29,25,5,2,49,101,30,106,51,22,42,94,131"/><V68/><F68/><W120/><G120/><T19/><D71/><U63/><E115/><V117/><F117/><W1/><G131/><N who="0" m="50251" /><D36/><U0/><E122/><V33/><F20/><W70/><G106/><T16/><D35/><U48/><E0/><V93/><F102/><W127/><G127/><T73/><D97/><U67/><E78/><V75/><REACH who="2" step="1"/><F55/><REACH who="2" ten="237,217,419,117" step="2"/><W27/><G70/><T65/><D54/><U40/><E103/><V130/><F130/><W31/><G22/><T4/><D114/><U88/><E66/><V43/><AGARI ba="1,1" hai="32,33,34,38,39,41,43,45,47,75,76,80,92,93" machi="43" ten="40,12000,1" yaku="1,1,0,1,9,1,52,1,53,0" doraHai="105" doraHaiUra="98" who="2" fromWho="2" sc="237,-41,217,-41,419,133,117,-41" /><INIT seed="2,2,0,5,0,110" ten="196,176,552,76" oya="2" hai0="26,12,23,47,103,44,78,90,37,133,71,134,117" hai1="14,3,40,21,27,43,1,66,129,16,41,58,106" hai2="93,121,135,11,70,63,86,127,101,105,96,13,114" hai3="111,48,53,98,18,46,65,4,99,132,85,126,55"/><V120/><F127/><W20/><G111/><T115/><D115/><U87/><E106/><V76/><F135/><W6/><G126/><T84/><D71/><U54/><E129/><V69/><F114/><W125/><G125/><T74/><D117/><U61/><E87/><V19/><F63/><W77/><G132/><T32/><D103/><U50/><REACH who="1" step="1"/><E27/><REACH who="1" ten="196,166,552,76" step="2"/><V52/><F121/><W119/><G119/><T5/><D26/><U45/><AGARI ba="2,1" hai="1,3,14,16,21,40,41,43,45,50,54,58,61,66" machi="45" ten="30,7900,0" yaku="1,1,2,1,0,1,54,1,53,0" doraHai="110" doraHaiUra="97" who="1" fromWho="1" sc="196,-22,166,95,552,-41,76,-22" /><INIT seed="3,0,0,3,1,117" ten="174,261,511,54" oya="3" hai0="38,104,78,7,66,88,127,96,48,44,61,16,84" hai1="76,116,22,56,124,95,73,36,101,14,67,63,131" hai2="129,69,102,37,122,2,81,21,8,3,40,112,103" hai3="27,121,9,64,10,126,13,94,59,33,87,1,17"/><W90/><G126/><T35/><D127/><U106/><E124/><V50/><F112/><W86/><G86/><T58/><D35/><U20/><E116/><V18/><F37/><W93/><G93/><T85/><D38/><U55/><E106/><V49/><F69/><W111/><G111/><T6/><D16/><U26/><E36/><V43/><F122/><W53/><G64/><T45/><D45/><U89/><E131/><V123/><F123/><W74/><G74/><T25/><D25/><U97/><E101/><V4/><F2/><W71/><G71/><T41/><D104/><U110/><E110/><V118/><F129/><W34/><G121/><T130/><D130/><U51/><E14/><V11/><F11/><W133/><G133/><T39/><D39/><U60/><E60/><V42/><F81/><W77/><G77/><T57/><D57/><U31/><E73/><V68/><F68/><W54/><G27/><T132/><D132/><U32/><E76/><V28/><F28/><W30/><G54/><T62/><D62/><U46/><AGARI ba="0,0" hai="20,22,26,31,32,46,51,55,56,63,67,89,95,97" machi="46" ten="20,1500,0" yaku="0,1,7,1" doraHai="117" who="1" fromWho="1" sc="174,-4,261,15,511,-4,54,-7" owari="170,-23.0,276,7.6,507,60.7,47,-45.3" /></mjloggm>