<mjloggm ver="2.3"><GO type="225" lobby="0"/><UN n0="%72%69%6F%75%63%68%61%6E" n1="%E3%83%A9%E3%82%B9%E7%8E%87%EF%BC%93%E5%89%B2" n2="%E3%83%B4%E3%83%A0%EF%BC%99%E3%81%A6" n3="%E4%BF%BA%E3%81%A8%E5%A6%96%E5%A4%A2" dan="16,17,17,16" rate="2086.41,2220.05,2136.73,2255.70" sx="M,F,M,F"/><TAIKYOKU oya="0"/><INIT seed="0,0,0,5,3,135" ten="250,250,250,250" oya="0" hai0="59,10,27,33,55,12,110,98,9,114,6,103,41" hai1="26,53,72,45,61,32,67,69,91,52,64,102,47" hai2="31,108,49,90,4,134,97,34,19,101,112,29,68" hai3="107,117,5,131,48,95,65,13,105,126,88,24,93"/><T25/><D114/><U38/><E72/><V129/><F112/><W85/><G117/><T81/><D110/><U17/><E102/><V54/><F134/><W76/><G131/><T92/><D33/><U42/><E91/><V130/><F68/><W77/><G65/><T83/><D41/><N who="1" m="22711" /><E17/><V115/><F115/><W14/><G24/><N who="0" m="9291" /><D10/><U0/><E26/><V116/><F108/><W121/><G121/><T35/><D35/><U30/><E30/><V73/><F73/><W39/><G39/><T56/><D56/><N who="1" m="36903" /><E0/><V100/><F19/><W133/><G133/><T20/><D20/><U46/><E32/><V11/><F116/><W50/><G85/><T62/><AGARI ba="0,0" hai="6,9,12,55,59,62,81,83,92,98,103" m="9291" machi="62" ten="30,1500,0" yaku="8,1" doraHai="135" who="0" fromWho="0" sc="250,15,250,-5,250,-5,250,-5" /><INIT seed="0,1,0,0,3,94" ten="265,245,245,245" oya="0" hai0="120,1,0,135,131,67,125,102,106,98,11,66,73" hai1="52,44,109,41,90,30,127,57,88,103,85,83,5" hai2="46,55,49,70,48,78,53,25,16,110,126,97,17" hai3="36,77,51,21,124,24,99,42,14,132,15,9,45"/><T101/><D120/><U118/><E118/><V87/><F70/><W122/><G122/><T76/><D131/><U128/><E128/><V54/><F110/><W64/><G132/><T27/><D135/><U72/><E109/><V71/><F71/><W108/><G108/><T86/><D125/><U22/><E127/><V56/><F126/><W60/><G124/><T37/><D73/><U13/><E72/><V8/><F53/><W114/><G114/><T47/><D102/><U123/><E103/><V82/><F97/><W20/><G77/><T33/><D76/><U104/><E104/><V91/><F78/><W39/><G99/><T62/><D86/><U74/><E74/><V19/><REACH who="2" step="1"/><F25/><REACH who="2" ten="265,245,235,245" step="2"/><W111/><G111/><T107/><D107/><U84/><E123/><V59/><F59/><W134/><G134/><T133/><D133/><U113/><E113/><V96/><F96/><W80/><G64/><T6/><D0/><U63/><E85/><V40/><F40/><W117/><G42/><N who="0" m="22991" /><D66/><U69/><E69/><V93/><F93/><W28/><G24/><T12/><D1/><U79/><E41/><V112/><F112/><W26/><G26/><T95/><D106/><U10/><E44/><V29/><F29/><W34/><G45/><T92/><D95/><U75/><E75/><V115/><F115/><W129/><G28/><N who="0" m="19615" /><D67/><U4/><E30/><V68/><F68/><W2/><G2/><T65/><D65/><U58/><E58/><V18/><F18/><W50/><G129/><T130/><D130/><U23/><E5/><V32/><F32/><W121/><G121/><RYUUKYOKU ba="1,1" sc="265,10,245,10,235,10,245,-30" hai0="6,11,12,62,92,98,101" hai1="4,10,13,22,23,52,57,63,79,83,84,88,90" hai2="8,16,17,19,46,48,49,54,55,56,82,87,91" /><INIT seed="0,2,1,5,1,77" ten="275,255,245,215" oya="0" hai0="70,29,62,73,118,28,103,90,107,65,96,129,24" hai1="110,12,55,64,127,19,11,89,116,87,135,83,120" hai2="124,52,7,101,56,94,86,21,60,85,8,5,10" hai3="78,32,72,106,68,91,82,76,80,16,49,108,51"/><T67/><D118/><U54/><E116/><V134/><F124/><W4/><G106/><T102/><D129/><U104/><E120/><V131/><F131/><W117/><G117/><T41/><D73/><U20/><E127/><V88/><F134/><W2/><G32/><N who="0" m="20487" /><D29/><U92/><E104/><V39/><F39/><W34/><G34/><T35/><D35/><U99/><E135/><V105/><F105/><W115/><G115/><T42/><D102/><U93/><E64/><V74/><F74/><W31/><G31/><T132/><D132/><U1/><E93/><V133/><F133/><W57/><G68/><N who="0" m="42039" /><D90/><U119/><E119/><V0/><F21/><W71/><G71/><T100/><D103/><U37/><E37/><V22/><F22/><W23/><G91/><T122/><D122/><U36/><E36/><V25/><F25/><W97/><G57/><T30/><D30/><U114/><E114/><V33/><F101/><W75/><G51/><T40/><D67/><U43/><E43/><V69/><F69/><AGARI ba="2,1" hai="40,41,42,69,70,96,100,107" m="42039,20487" machi="69" ten="30,1500,0" yaku="25,1" doraHai="77" who="0" fromWho="2" sc="275,31,255,0,245,-21,215,0" /><INIT seed="0,3,0,3,0,81" ten="306,255,224,215" oya="0" hai0="123,100,134,77,86,112,130,102,22,6,120,27,16" hai1="117,105,78,85,34,116,37,63,19,46,95,48,67" hai2="114,41,30,70,42,23,92,25,13,73,113,14,127" hai3="33,49,110,79,106,38,90,91,64,4,80,71,104"/><T45/><D112/><U5/><E105/><V24/><F70/><W66/><G38/><T108/><D130/><U132/><E132/><V83/><F127/><W50/><G33/><T31/><D134/><U98/><E37/><V1/><F1/><W10/><G71/><T68/><D68/><U125/><E125/><V124/><F124/><W72/><G110/><T53/><D108/><U40/><E34/><V96/><F73/><W101/><G66/><T115/><D115/><U21/><E5/><V7/><F7/><W87/><G64/><T121/><D6/><U20/><E20/><V18/><F83/><W47/><G101/><T0/><D0/><U62/><E67/><V107/><F107/><W119/><G50/><N who="0" m="28879" /><D123/><U69/><E117/><V109/><F109/><W118/><G118/><T82/><D120/><U103/><E116/><V15/><F113/><W88/><G72/><T51/><D121/><U44/><E44/><V122/><F122/><W135/><G135/><T55/><D31/><U75/><E75/><V8/><F8/><W29/><G29/><T129/><D129/><U76/><E69/><V26/><F114/><W9/><G9/><T28/><D28/><U84/><E63/><V94/><F30/><W54/><REACH who="3" step="1"/><G119/><REACH who="3" ten="306,255,224,205" step="2"/><T128/><D128/><U3/><E62/><V56/><F23/><W97/><G97/><T99/><D99/><U52/><E98/><V111/><F111/><W89/><N who="3" m="22528" /><DORA hai="2" /><W59/><G59/><AGARI ba="3,1" hai="16,22,27,51,55,59,77,82,86,100,102" m="28879" machi="59" ten="30,5800,0" yaku="8,1,52,1,54,1" doraHai="81,2" who="0" fromWho="3" sc="306,77,255,0,224,0,205,-67" /><INIT seed="0,4,0,0,2,67" ten="383,255,224,138" oya="0" hai0="132,104,129,120,62,32,16,83,85,97,52,37,53" hai1="25,9,126,80,135,13,99,124,3,54,65,72,63" hai2="39,57,115,50,14,92,90,35,112,45,1,101,60" hai3="34,88,95,64,58,119,12,55,107,87,7,86,111"/><T94/><D120/><U76/><E3/><V134/><F1/><W43/><G119/><T5/><D32/><U131/><E54/><V22/><F35/><W31/><G107/><T121/><D37/><U127/><E131/><V56/><F39/><W74/><G74/><T6/><D121/><U15/><E135/><V71/><F134/><W89/><G111/><T79/><D104/><U59/><E9/><V51/><F101/><W106/><G106/><T68/><D129/><U38/><E38/><V11/><F22/><W82/><G43/><T30/><D30/><U118/><E118/><V66/><F115/><W44/><G31/><T105/><D105/><U123/><E123/><V73/><F73/><W36/><G34/><T113/><D113/><U28/><REACH who="1" step="1"/><E99/><REACH who="1" ten="383,245,224,138" step="2"/><V29/><F112/><W77/><G36/><T108/><D132/><U21/><AGARI ba="4,1" hai="13,15,21,25,28,59,63,65,72,76,80,124,126,127" machi="21" ten="30,7900,0" yaku="1,1,2,1,0,1,18,1,53,0" doraHai="67" doraHaiUra="96" who="1" fromWho="1" sc="383,-43,245,101,224,-24,138,-24" /><INIT seed="1,0,0,1,5,32" ten="340,346,200,114" oya="1" hai0="105,25,126,40,7,115,6,52,20,42,75,67,83" hai1="61,111,35,121,112,79,0,122,72,29,99,130,58" hai2="116,66,103,91,76,60,50,118,43,51,47,94,54" hai3="125,56,80,2,3,82,123,21,124,26,22,98,73"/><U77/><E112/><V101/><F76/><W18/><G123/><T13/><D115/><U84/><E72/><V48/><F116/><W92/><G22/><T70/><D105/><U28/><E130/><V53/><F118/><W41/><G41/><T119/><D119/><U17/><E17/><V127/><F127/><N who="3" m="48715" /><G56/><T9/><D126/><U65/><E99/><V117/><F117/><W63/><G63/><T96/><D6/><U38/><E38/><V131/><F131/><W86/><G73/><T36/><D36/><U11/><E111/><V114/><F114/><W59/><G59/><T10/><D10/><U30/><E35/><V46/><F50/><W74/><G74/><T37/><D37/><U24/><E24/><V57/><REACH who="2" step="1"/><F43/><REACH who="2" ten="340,346,190,114" step="2"/><W19/><G19/><N who="0" m="12447" /><D40/><U89/><E121/><V55/><F55/><W110/><G110/><T128/><D52/><U64/><E122/><V23/><F23/><W93/><G82/><T109/><D42/><U113/><E113/><V12/><F12/><W107/><G107/><T31/><D109/><U44/><E64/><V87/><AGARI ba="0,1" hai="46,47,48,51,53,54,57,60,66,87,91,94,101,103" machi="87" ten="20,12000,2" yaku="1,1,0,1,7,1,9,1,8,1,53,2" doraHai="32" doraHaiUra="45" who="2" fromWho="2" sc="340,-30,346,-60,190,130,114,-30" /><INIT seed="2,0,0,1,3,119" ten="310,286,320,84" oya="2" hai0="84,4,128,48,2,59,36,78,91,85,116,24,117" hai1="63,8,21,43,50,35,28,111,118,3,108,112,6" hai2="7,23,16,57,66,27,99,133,83,13,67,105,34" hai3="10,0,114,62,42,123,88,19,39,97,81,14,95"/><V131/><F131/><W5/><G114/><T127/><D36/><U26/><E63/><V44/><F133/><W101/><G39/><T98/><D128/><U100/><E100/><V46/><F83/><W121/><G42/><T61/><D127/><U93/><E93/><V125/><F125/><W120/><G62/><T115/><D115/><U103/><E103/><V86/><F86/><W53/><G81/><N who="0" m="47159" /><D2/><U73/><E73/><V12/><F12/><W80/><G80/><T107/><D107/><U104/><E104/><V33/><F33/><W102/><REACH who="3" step="1"/><G53/><REACH who="3" ten="310,286,320,74" step="2"/><T11/><D61/><U74/><E112/><V51/><F66/><W110/><G110/><T130/><D117/><U56/><E118/><V47/><F67/><W30/><G30/><T60/><D60/><U25/><E43/><V82/><F82/><W31/><G31/><T52/><D116/><U65/><E65/><V29/><F29/><W49/><G49/><T22/><D130/><U134/><E50/><V106/><F51/><W17/><G17/><T9/><D4/><U94/><E108/><V54/><F7/><W77/><G77/><T55/><D55/><U45/><E111/><V76/><F76/><W92/><G92/><N who="0" m="56607" /><D85/><U20/><E94/><V18/><F18/><AGARI ba="0,1" hai="9,11,18,22,24,48,52,59" m="56607,47159" machi="18" ten="30,2000,0" yaku="8,1,54,1" doraHai="119" who="0" fromWho="2" sc="310,30,286,0,320,-20,74,0" /><INIT seed="3,0,0,2,2,91" ten="340,286,300,74" oya="3" hai0="18,97,40,22,12,11,73,52,58,102,126,45,77" hai1="19,117,83,5,49,87,113,109,1,21,130,84,70" hai2="62,15,86,79,71,47,57,44,3,103,99,121,36" hai3="105,75,95,68,42,53,128,20,94,66,4,129,93"/><W88/><G105/><T134/><D126/><U90/><E113/><V107/><F3/><W24/><G75/><T48/><D134/><U14/><E109/><V8/><F71/><W112/><G112/><T0/><D73/><U17/><E130/><N who="3" m="50282" /><G42/><T115/><D115/><U74/><E117/><V133/><F133/><W55/><G4/><T23/><D77/><U28/><E70/><V125/><F125/><W106/><G106/><T16/><D0/><U51/><E74/><V132/><F132/><W81/><G66/><T67/><D67/><U101/><E101/><V2/><F2/><W108/><G68/><T34/><D34/><U60/><E60/><V124/><F124/><W119/><G119/><T123/><D123/><U10/><E19/><V25/><F36/><W30/><G108/><T39/><D18/><U56/><E56/><V63/><F121/><W7/><G7/><T131/><D131/><U32/><E87/><AGARI ba="0,0" hai="20,24,30,53,55,81,87,88,93,94,95" m="50282" machi="87" ten="30,12000,1" yaku="19,1,52,3,54,1" doraHai="91" who="3" fromWho="1" sc="340,0,286,-120,300,0,74,120" /><INIT seed="3,1,0,3,5,80" ten="340,166,300,194" oya="3" hai0="43,26,77,62,67,25,14,29,134,63,94,131,132" hai1="38,33,106,42,2,13,89,123,121,76,73,111,49" hai2="115,102,21,28,31,128,71,4,47,45,19,107,97" hai3="108,126,85,95,27,30,114,0,23,20,44,7,48"/><W125/><G114/><T58/><D131/><U88/><E2/><V41/><F115/><W18/><G108/><T93/><D77/><U103/><E111/><V135/><F128/><W50/><G7/><T116/><D116/><U54/><E33/><V84/><F71/><W35/><G0/><T56/><D43/><U87/><E38/><V57/><F4/><W130/><G130/><T10/><D134/><U105/><E42/><V53/><F135/><W96/><G35/><T69/><D132/><U79/><E13/><V39/><F47/><W120/><G120/><N who="1" m="46154" /><E54/><V66/><F66/><W36/><G36/><T92/><D29/><U90/><E49/><V83/><F57/><W52/><G50/><T122/><D122/><U124/><E124/><V112/><F53/><W46/><G46/><T6/><D69/><U91/><E73/><V86/><F112/><W129/><G129/><T17/><D6/><U40/><E40/><V75/><F75/><W3/><G3/><T55/><AGARI ba="1,0" hai="10,14,17,25,26,55,56,58,62,63,67,92,93,94" machi="55" ten="30,2000,0" yaku="0,1,8,1" doraHai="80" who="0" fromWho="0" sc="340,23,166,-6,300,-6,194,-11" owari="363,46.3,160,-34.0,294,9.4,183,-21.7" /></mjloggm>