<mjloggm ver="2.3"><GO type="225" lobby="0"/><UN n0="%E3%80%93%E3%81%97%E3%83%BC%E3%82%89%E3%80%93" n1="%E6%A0%B9%E5%85%83%E3%81%8B%E3%82%89%E5%90%B9%E3%81%A3%E9%A3%9B%E3%81%B6" n2="%E6%98%93%E5%88%A9%E8%96%A9%E4%BC%AF" n3="%E5%84%AA%40%41%42%43" dan="16,16,17,17" rate="2204.23,2111.00,2164.92,2152.88" sx="M,F,F,M"/><TAIKYOKU oya="0"/><INIT seed="0,0,0,2,0,118" ten="250,250,250,250" oya="0" hai0="95,52,41,28,99,74,70,108,13,132,106,89,78" hai1="34,16,121,75,129,40,91,85,79,110,17,25,115" hai2="71,54,43,128,63,92,49,7,48,58,127,66,64" hai3="134,120,44,119,31,6,104,65,38,103,5,97,122"/><T116/><D70/><U2/><E2/><V21/><F7/><W80/><G119/><T42/><D116/><U3/><E3/><V20/><F128/><W98/><G134/><T51/><D132/><U77/><E40/><V102/><F127/><W113/><G113/><T87/><D108/><U126/><E126/><V26/><F21/><W39/><G65/><T60/><D60/><U61/><E61/><V72/><F72/><W107/><G31/><T8/><D28/><U59/><E59/><V101/><F71/><W114/><G114/><T50/><D50/><U29/><E129/><V81/><F81/><W83/><G103/><T47/><D74/><U4/><E121/><V18/><F49/><W69/><G69/><T67/><D67/><N who="2" m="25642" /><F92/><W135/><G135/><T57/><D57/><U93/><E75/><V88/><F88/><W10/><G10/><T94/><D106/><U84/><E110/><V96/><F96/><W124/><REACH who="3" step="1"/><G44/><AGARI ba="0,0" hai="18,20,26,43,44,48,54,58,63,101,102" m="25642" machi="44" ten="30,1000,0" yaku="8,1" doraHai="118" who="2" fromWho="3" sc="250,0,250,0,250,10,250,-10" /><INIT seed="1,0,0,0,4,101" ten="250,250,260,240" oya="1" hai0="97,133,135,9,34,67,15,22,124,78,25,17,72" hai1="13,71,44,119,132,82,95,108,65,12,28,110,100" hai2="42,35,64,30,7,50,62,86,21,122,107,112,53" hai3="96,102,126,83,87,49,79,56,29,58,0,103,91"/><U23/><E119/><V80/><F122/><W90/><G0/><T118/><D67/><U40/><E132/><N who="0" m="50761" /><D78/><U104/><E95/><V123/><F35/><W128/><G126/><T14/><D72/><U61/><E82/><V69/><F123/><W48/><G128/><T63/><D63/><U8/><E23/><V43/><F7/><W127/><G127/><T11/><D97/><N who="1" m="61455" /><E8/><N who="0" m="3145" /><D124/><U106/><E28/><V125/><F112/><W75/><G29/><N who="0" m="19759" /><D14/><U46/><E106/><V51/><F107/><N who="3" m="63943" /><G91/><T105/><D105/><U59/><E71/><V45/><F51/><N who="3" m="19531" /><G103/><T66/><D66/><U109/><E46/><V60/><F60/><W131/><G131/><T33/><D33/><U88/><E88/><V16/><F30/><W52/><G52/><T57/><D57/><U115/><E115/><V6/><F6/><W130/><G130/><T129/><D129/><U37/><AGARI ba="0,0" hai="12,13,37,40,44,59,61,65,108,109,110" m="61455" machi="37" ten="30,6000,0" yaku="14,1,10,1,52,1" doraHai="101" who="1" fromWho="1" sc="250,-20,250,60,260,-20,240,-20" /><INIT seed="1,1,0,0,0,7" ten="230,310,240,220" oya="1" hai0="75,104,9,105,37,16,69,51,120,54,80,27,57" hai1="70,128,31,84,44,34,5,41,47,85,119,45,71" hai2="61,109,131,25,65,68,86,15,64,72,58,127,98" hai3="63,77,19,125,1,126,106,3,48,122,100,89,95"/><U55/><E119/><V113/><F109/><W33/><G122/><T21/><D120/><U121/><E121/><V62/><F113/><W36/><G36/><T101/><D37/><U107/><E107/><V102/><F72/><W4/><G33/><T8/><D69/><U134/><E134/><V53/><F131/><W23/><G77/><T74/><D104/><U76/><E5/><V97/><F127/><N who="3" m="48651" /><G4/><T18/><D75/><U13/><E31/><V96/><F25/><W132/><G132/><T67/><D74/><U124/><E34/><V50/><F86/><N who="3" m="52663" /><G63/><N who="0" m="38383" /><D101/><U117/><E41/><V81/><F81/><W112/><G48/><T111/><D105/><U59/><E76/><V92/><REACH who="2" step="1"/><F15/><REACH who="2" ten="230,310,230,220" step="2"/><N who="3" m="9727" /><G112/><T87/><D111/><U79/><E124/><V52/><F52/><W17/><G17/><T99/><D18/><U6/><E55/><V110/><F110/><W60/><G1/><T130/><D130/><U40/><E128/><V39/><F39/><W129/><G3/><T66/><D99/><U90/><E13/><V116/><F116/><W22/><G129/><T91/><D66/><U73/><E85/><V135/><F135/><W56/><G106/><T114/><D114/><U32/><E117/><V46/><AGARI ba="1,1" hai="46,50,53,58,61,62,64,65,68,92,96,97,98,102" machi="46" ten="20,12000,2" yaku="1,1,0,1,7,1,53,3" doraHai="7" doraHaiUra="93" who="2" fromWho="2" sc="230,-31,310,-61,230,133,220,-31" /><INIT seed="2,0,0,3,0,0" ten="199,249,363,189" oya="2" hai0="83,74,86,99,18,77,46,122,96,87,116,92,49" hai1="113,82,72,11,66,93,37,12,16,64,118,34,63" hai2="90,48,100,67,71,73,39,62,129,112,101,59,127" hai3="60,126,115,109,45,120,52,78,31,4,30,130,131"/><V24/><F112/><W70/><G120/><T119/><D18/><U23/><E113/><V75/><F39/><W7/><G115/><T128/><D49/><U89/><E34/><V1/><F1/><W123/><G123/><T36/><D46/><U114/><E114/><V98/><F129/><N who="3" m="49163" /><G109/><T108/><D36/><U6/><E37/><V133/><F127/><W104/><G104/><T91/><D122/><U54/><E118/><N who="0" m="45097" /><D128/><U27/><E72/><V43/><F75/><W13/><G126/><T84/><D108/><U14/><E82/><V9/><F73/><W19/><G78/><T50/><D50/><U28/><E54/><V103/><F43/><W51/><G70/><T105/><D99/><U81/><E81/><V68/><F48/><W97/><G97/><T56/><D56/><U40/><E63/><V25/><F71/><W21/><G60/><T29/><D29/><AGARI ba="0,0" hai="4,7,13,19,21,29,30,31,45,51,52" m="49163" machi="29" ten="30,7700,0" yaku="19,1,52,2,54,1" doraHai="0" who="3" fromWho="0" sc="199,-77,249,0,363,0,189,77" /><INIT seed="3,0,0,3,1,74" ten="122,249,363,266" oya="3" hai0="23,57,28,98,22,112,108,90,55,102,95,109,6" hai1="129,30,3,103,124,13,114,16,38,39,104,9,68" hai2="46,47,41,130,105,78,62,43,69,91,110,96,4" hai3="33,59,10,7,12,21,63,107,51,115,40,11,99"/><W128/><G33/><T31/><D112/><U18/><E114/><V1/><F78/><W50/><G115/><T35/><D35/><U20/><E68/><V127/><F110/><W36/><G128/><T75/><D75/><U132/><E129/><V92/><F105/><W134/><G134/><T89/><D6/><N who="1" m="1247" /><E124/><V76/><F76/><W48/><G36/><T80/><D109/><U29/><E103/><V32/><F32/><W70/><G70/><T25/><D108/><U52/><E104/><V53/><F43/><W120/><G120/><T66/><D80/><U42/><E52/><V67/><F127/><W60/><G107/><T54/><D54/><U121/><E42/><V118/><F118/><W24/><G99/><T27/><REACH who="0" step="1"/><D55/><REACH who="0" ten="112,249,363,266" step="2"/><U87/><E121/><V125/><F130/><W8/><G40/><T111/><D111/><U86/><E132/><V116/><F41/><W79/><G63/><AGARI ba="0,1" hai="22,23,25,27,28,31,57,63,66,89,90,95,98,102" machi="63" ten="40,8000,1" yaku="1,1,9,1,25,2,8,1,53,0" doraHai="74" doraHaiUra="65" who="0" fromWho="3" sc="112,90,249,0,363,0,266,-80" owari="202,-19.8,249,4.9,363,46.3,186,-31.4" /></mjloggm>