<mjloggm ver="2.3"><GO type="225" lobby="0"/><UN n0="%E9%B3%B4%E8%8C%B6" n1="%E6%9C%88%E5%B3%B6%E5%9F%BA" n2="%E3%83%96%E3%83%83%E3%83%91%E3%82%AA%E3%83%96%E3%83%81%E3%82%AD%E3%83%B3" n3="%E5%91%A8%E6%9D%B1" dan="16,18,16,16" rate="2167.00,2238.29,2129.16,2154.26" sx="M,M,M,M"/><TAIKYOKU oya="0"/><INIT seed="0,0,0,5,0,127" ten="250,250,250,250" oya="0" hai0="4,105,93,95,9,89,38,64,103,96,39,121,77" hai1="86,49,60,36,116,68,52,133,118,69,97,120,37" hai2="125,109,47,48,99,81,46,58,50,106,32,117,123" hai3="20,31,29,54,19,78,25,2,55,24,119,115,98"/><T63/><D121/><U131/><E86/><V26/><F123/><W33/><G115/><T79/><D39/><N who="1" m="14923" /><E97/><V10/><F125/><W71/><G119/><N who="1" m="45610" /><E120/><V101/><F117/><W42/><G42/><T111/><D111/><U112/><E112/><V13/><F109/><W107/><G71/><N who="1" m="27210" /><E133/><V44/><F81/><W130/><G78/><T83/><D93/><U124/><E124/><V100/><F100/><W128/><G2/><T15/><D38/><U17/><E17/><V61/><F26/><W59/><G19/><T34/><D34/><U135/><E135/><V53/><REACH who="2" step="1"/><F32/><REACH who="2" ten="250,250,240,250" step="2"/><W65/><G107/><T62/><D83/><U129/><E60/><V113/><F113/><W43/><G25/><T1/><D63/><U57/><AGARI ba="0,1" hai="49,52,57,129,131" m="27210,45610,14923" machi="57" ten="40,8000,1" yaku="34,2,52,2,54,1" doraHai="127" who="1" fromWho="1" sc="250,-40,250,90,240,-20,250,-20" /><INIT seed="1,0,0,4,1,75" ten="210,340,220,230" oya="1" hai0="3,87,114,36,109,26,59,9,122,98,74,4,111" hai1="12,25,56,86,51,118,73,42,117,10,44,92,50" hai2="61,103,24,5,27,124,0,68,29,129,70,83,43" hai3="69,64,18,17,135,130,52,104,100,62,95,13,19"/><U39/><E73/><V123/><F123/><W21/><G130/><T32/><D114/><U14/><E25/><V121/><F121/><W1/><G1/><T76/><D122/><U49/><E56/><V34/><F129/><W102/><G135/><T41/><D59/><U15/><E10/><V96/><F124/><W45/><G104/><T89/><D98/><U132/><E132/><V120/><F120/><W2/><G2/><T55/><D55/><U60/><E60/><V125/><F125/><W7/><G95/><T66/><D66/><U53/><E53/><V35/><F43/><W81/><G7/><T77/><D41/><U115/><E115/><V131/><F131/><W112/><G112/><T6/><D36/><U54/><E54/><V134/><F134/><W33/><G33/><T72/><D4/><U80/><REACH who="1" step="1"/><E92/><REACH who="1" ten="210,330,220,230" step="2"/><V85/><F61/><W38/><G52/><T28/><D72/><U93/><E93/><V71/><F27/><W48/><G62/><T84/><D74/><U127/><E127/><V37/><F24/><W106/><G106/><T58/><D58/><U126/><E126/><V90/><F70/><W108/><G69/><T128/><D128/><U101/><E101/><V79/><F103/><W119/><G102/><T88/><D87/><U30/><E30/><V20/><F85/><W31/><G100/><T16/><D84/><U63/><E63/><V94/><F29/><W110/><G31/><T67/><D28/><U105/><E105/><V23/><F71/><W99/><G64/><T116/><D32/><N who="2" m="12330" /><F68/><W40/><G40/><T97/><D9/><RYUUKYOKU ba="0,1" sc="210,-10,330,30,220,-10,230,-10" hai1="12,14,15,39,42,44,49,50,51,80,86,117,118" /><INIT seed="1,1,1,3,1,42" ten="200,360,210,220" oya="1" hai0="53,38,79,59,83,117,118,92,84,127,94,106,130" hai1="22,29,60,82,2,108,104,125,26,11,123,69,100" hai2="20,40,3,115,8,128,37,93,73,102,129,1,39" hai3="56,112,110,16,24,51,76,122,21,0,103,72,41"/><U97/><E123/><V88/><F73/><W107/><G122/><T71/><D106/><U49/><E125/><V31/><F115/><W121/><G121/><T55/><D71/><U45/><E108/><V81/><F81/><W133/><G112/><T7/><D127/><U89/><E2/><V105/><F102/><W77/><G110/><T63/><D130/><N who="2" m="50282" /><F105/><W44/><G0/><N who="2" m="73" /><F8/><W65/><G133/><T135/><D7/><U119/><E11/><V57/><F40/><W86/><G72/><T124/><D135/><U91/><E82/><V98/><F57/><W113/><G113/><T30/><D124/><U17/><E91/><V23/><F23/><W111/><G111/><T27/><D38/><U54/><E89/><V87/><F98/><W50/><G107/><T74/><D55/><U68/><E97/><V101/><F101/><W48/><G103/><T12/><D74/><U70/><E100/><V52/><F52/><W62/><REACH who="3" step="1"/><G86/><REACH who="3" ten="200,360,210,210" step="2"/><T36/><D118/><U6/><E119/><V9/><F9/><W13/><G13/><T120/><D117/><U14/><E104/><V131/><F131/><W64/><G64/><T134/><D134/><U80/><E14/><V15/><F15/><W99/><G99/><T95/><D120/><U5/><E5/><V47/><F47/><W85/><G85/><N who="0" m="48383" /><D12/><U126/><E6/><V34/><F34/><W58/><G58/><T10/><D84/><U4/><E4/><V32/><F32/><W28/><G28/><T114/><D114/><U35/><E126/><V18/><F31/><W78/><AGARI ba="1,2" hai="16,21,24,41,44,48,50,51,56,62,65,76,77,78" machi="78" ten="30,16000,3" yaku="1,1,0,1,8,1,52,1,54,1,53,3" doraHai="42" doraHaiUra="75" who="3" fromWho="3" sc="200,-41,360,-81,210,-41,210,183" /><INIT seed="2,0,0,0,5,70" ten="159,279,169,393" oya="2" hai0="104,58,103,130,39,25,81,95,18,46,94,90,10" hai1="99,84,119,6,93,57,108,24,124,49,22,30,61" hai2="121,132,107,80,113,19,33,0,2,23,79,92,120" hai3="43,133,127,20,91,86,11,111,126,40,97,72,96"/><V131/><F113/><W69/><G72/><T41/><D130/><U135/><E119/><V67/><F107/><W117/><G117/><T134/><D134/><U32/><E108/><V128/><F33/><W16/><G69/><T5/><D58/><U102/><E135/><V8/><F67/><W125/><G111/><T118/><D118/><U37/><E37/><V106/><F106/><W26/><G133/><T50/><D81/><U129/><E129/><N who="2" m="49739" /><F92/><N who="3" m="54391" /><G11/><T78/><D78/><U7/><E124/><V85/><F132/><W34/><G34/><T55/><D103/><U115/><E32/><V13/><F8/><W76/><G76/><T47/><D104/><U109/><E109/><V36/><F36/><W101/><G97/><T60/><D60/><U28/><E115/><V82/><F80/><W116/><G116/><T9/><D95/><AGARI ba="0,0" hai="16,20,26,40,43,95,96,101,125,126,127" m="54391" machi="95" ten="30,2000,0" yaku="18,1,54,1" doraHai="70" who="3" fromWho="0" sc="159,-20,279,0,169,0,393,20" /><INIT seed="3,0,0,4,1,119" ten="139,279,169,413" oya="3" hai0="40,71,94,19,44,62,66,109,18,53,69,126,1" hai1="55,116,98,73,123,28,135,133,81,48,83,96,56" hai2="58,92,50,67,112,46,22,78,104,121,52,23,88" hai3="76,31,111,35,131,120,15,26,97,8,16,90,85"/><W106/><G120/><T37/><D1/><U105/><E116/><V24/><F112/><W13/><G131/><T127/><D94/><U87/><E28/><V77/><F104/><W75/><G111/><T14/><D18/><U130/><E56/><V134/><F134/><W79/><G75/><T63/><D14/><U101/><E48/><N who="2" m="30983" /><F67/><W68/><G68/><N who="0" m="42071" /><D19/><U17/><E55/><N who="2" m="30167" /><F121/><W47/><G47/><N who="0" m="23951" /><D109/><U103/><E17/><N who="2" m="12367" /><F23/><W89/><G15/><T129/><D129/><U21/><E21/><V65/><F65/><W61/><G61/><T41/><D53/><U30/><E30/><V2/><F2/><W0/><G0/><T110/><D110/><U84/><E130/><V125/><F125/><N who="0" m="47626" /><D63/><U49/><E73/><V132/><F132/><W117/><G117/><T80/><D80/><U100/><E105/><V115/><F115/><W12/><G12/><T124/><N who="0" m="47634" /><T72/><DORA hai="9" /><D72/><U42/><E101/><V64/><F64/><W118/><G118/><T70/><D70/><U36/><E87/><AGARI ba="0,0" hai="77,78,87,88,92" m="12367,30167,30983" machi="87" ten="30,3900,0" yaku="8,1,54,2" doraHai="119,9" who="2" fromWho="1" sc="139,0,279,-39,169,39,413,0" owari="139,-36.1,240,4.0,208,-19.2,413,51.3" /></mjloggm>