<mjloggm ver="2.3"><GO type="225" lobby="0"/><UN n0="%E3%83%96%E3%83%83%E3%83%91%E3%82%AA%E3%83%96%E3%83%81%E3%82%AD%E3%83%B3" n1="%E6%97%A5%E6%9B%9C%E6%97%A5%E3%82%88%E3%82%8A%E3%81%AE%E4%BD%BF%E8%80%85" n2="%E3%83%A9%E3%82%B9%E7%8E%87%EF%BC%93%E5%89%B2" n3="%E9%A6%AC%E5%BC%95%E7%81%AB%33" dan="16,17,17,16" rate="2194.46,2189.16,2214.15,2146.76" sx="M,M,F,M"/><TAIKYOKU oya="0"/><INIT seed="0,0,0,4,3,73" ten="250,250,250,250" oya="0" hai0="53,43,7,109,74,95,113,36,49,104,80,57,3" hai1="9,72,17,28,30,101,88,32,124,116,115,135,22" hai2="79,24,89,78,92,120,85,106,44,37,51,117,5" hai3="19,125,61,45,91,48,105,4,2,54,67,83,35"/><T13/><D113/><U98/><E116/><V31/><F120/><W58/><G35/><T76/><D104/><U1/><E115/><V129/><F106/><W39/><G125/><T110/><D13/><U82/><E124/><V93/><F37/><W131/><G131/><T26/><D95/><U66/><E66/><V16/><F129/><W18/><G105/><T23/><D23/><U62/><E62/><V11/><F93/><W59/><G39/><T47/><REACH who="0" step="1"/><D26/><REACH who="0" ten="240,250,250,250" step="2"/><U121/><E22/><N who="2" m="13383" /><F117/><W99/><G2/><T68/><D68/><U94/><E1/><V33/><F33/><W0/><G0/><T122/><D122/><U40/><E32/><V133/><F31/><W130/><G130/><T77/><D77/><N who="2" m="29194" /><F133/><W21/><G21/><T132/><D132/><U111/><E30/><V42/><F11/><AGARI ba="0,1" hai="3,7,11,36,43,47,49,53,57,74,76,80,109,110" machi="11" ten="40,12000,1" yaku="1,1,25,2,52,1,53,1" doraHai="73" doraHaiUra="70" who="0" fromWho="2" sc="240,130,250,0,250,-120,250,0" /><INIT seed="0,1,0,4,5,20" ten="370,250,130,250" oya="0" hai0="124,86,16,45,91,71,41,80,4,113,79,2,123" hai1="103,101,82,131,67,88,127,133,61,53,121,34,52" hai2="36,43,27,66,63,25,111,134,102,30,99,74,18" hai3="65,72,81,35,14,114,46,89,47,49,118,115,24"/><T28/><D113/><U84/><E121/><V5/><F111/><W7/><G118/><T107/><D123/><U92/><E34/><V76/><F134/><W55/><G65/><T109/><D107/><U62/><E133/><V135/><F135/><W75/><G46/><T129/><D129/><U68/><E131/><V120/><F120/><W10/><G89/><T112/><D112/><U0/><E0/><V126/><F126/><W78/><REACH who="3" step="1"/><G75/><REACH who="3" ten="370,250,130,240" step="2"/><T39/><D91/><U13/><E127/><V38/><F74/><W125/><G125/><T108/><D124/><U31/><E67/><V85/><F43/><W44/><G44/><T104/><D45/><U37/><E37/><V64/><F64/><W119/><G119/><T96/><D41/><U42/><E42/><V95/><F38/><W32/><G32/><T94/><D39/><U93/><E68/><V22/><F36/><W57/><G57/><T17/><D71/><U132/><E132/><V48/><F66/><W21/><G21/><T122/><D122/><U105/><E88/><V40/><F40/><W128/><G128/><T106/><D108/><U77/><E53/><V3/><F63/><W116/><G116/><T73/><D109/><U33/><E61/><V12/><F48/><W23/><G23/><T58/><D58/><U9/><E33/><V51/><F51/><W26/><G26/><T117/><D73/><U8/><E62/><V83/><REACH who="2" step="1"/><F30/><AGARI ba="1,1" hai="7,10,14,24,30,35,47,49,55,72,78,81,114,115" machi="30" ten="40,2600,0" yaku="1,1,52,1,53,0" doraHai="20" doraHaiUra="69" who="3" fromWho="2" sc="370,0,250,0,130,-29,240,39" /><INIT seed="1,0,0,2,2,31" ten="370,250,101,279" oya="1" hai0="94,71,69,60,134,124,55,67,59,128,49,3,89" hai1="70,87,50,129,132,38,26,16,36,10,97,42,98" hai2="11,39,78,28,127,7,68,130,103,32,15,113,44" hai3="117,34,122,29,115,121,9,24,48,30,23,53,14"/><U65/><E70/><V131/><F68/><W27/><G115/><T64/><D134/><U37/><E65/><V63/><F63/><W5/><REACH who="3" step="1"/><G117/><REACH who="3" ten="370,250,101,269" step="2"/><T109/><D109/><U93/><E132/><V66/><F113/><W57/><AGARI ba="0,1" hai="5,9,14,23,24,27,29,30,34,48,53,57,121,122" machi="57" ten="20,12000,2" yaku="1,1,2,1,0,1,7,1,52,1,53,1" doraHai="31" doraHaiUra="19" who="3" fromWho="3" sc="370,-30,250,-60,101,-30,269,130" /><INIT seed="2,0,0,2,0,62" ten="340,190,71,399" oya="2" hai0="32,54,41,100,116,20,125,63,53,42,117,14,106" hai1="108,115,85,110,11,19,68,64,23,107,28,43,131" hai2="10,47,103,94,34,112,101,29,56,4,59,104,60" hai3="134,3,114,126,135,124,1,92,24,74,98,87,48"/><V129/><F112/><W79/><G74/><T8/><D32/><U69/><E115/><V93/><F129/><W58/><G114/><T77/><D77/><U55/><E107/><V51/><F34/><W26/><G48/><T119/><D20/><U97/><E131/><V39/><F39/><W33/><G58/><N who="0" m="35287" /><D14/><N who="1" m="7647" /><E43/><N who="0" m="16393" /><D8/><U121/><E121/><V99/><F29/><N who="3" m="19623" /><G26/><T70/><D100/><U73/><E73/><V45/><F59/><W17/><G17/><T120/><D106/><U40/><E40/><V52/><F103/><N who="3" m="60871" /><G87/><T78/><D78/><U67/><E55/><V6/><F6/><W127/><G79/><T82/><D82/><U89/><E97/><V75/><F75/><W31/><G31/><T81/><D81/><N who="1" m="49327" /><E23/><V37/><F37/><W0/><AGARI ba="0,0" hai="0,1,3,124,126,127,134,135" m="60871,19623" machi="0" ten="40,1500,0" yaku="18,1" doraHai="62" who="3" fromWho="3" sc="340,-4,190,-4,71,-7,399,15" /><INIT seed="3,0,0,3,3,20" ten="336,186,64,414" oya="3" hai0="22,56,94,83,41,87,115,70,49,3,11,0,68" hai1="1,10,123,110,34,88,58,69,21,135,53,117,25" hai2="23,33,14,57,66,55,119,131,65,29,99,74,82" hai3="54,106,93,112,2,129,90,59,113,104,19,13,31"/><W8/><G129/><T92/><D115/><U61/><E123/><V73/><F119/><W38/><G38/><T77/><D68/><U108/><E135/><V111/><F111/><W44/><G44/><T86/><D70/><U124/><E124/><V46/><F131/><W114/><G2/><T63/><D3/><U125/><E125/><V122/><F122/><W103/><G31/><T40/><D0/><U32/><E69/><V126/><F126/><W134/><G103/><T27/><D11/><U107/><E107/><V47/><F33/><W15/><G15/><T35/><D35/><U80/><E117/><V97/><F74/><W5/><G5/><T6/><D6/><U84/><E110/><V76/><F47/><W48/><REACH who="3" step="1"/><G134/><REACH who="3" ten="336,186,64,404" step="2"/><T67/><D49/><U45/><E45/><V18/><F46/><W17/><G17/><T36/><D36/><U37/><E37/><V116/><F116/><W102/><G102/><T64/><D64/><U24/><E108/><V39/><F39/><W85/><AGARI ba="0,1" hai="8,13,19,48,54,59,85,90,93,104,106,112,113,114" machi="85" ten="30,3000,0" yaku="1,1,0,1,53,0" doraHai="20" doraHaiUra="42" who="3" fromWho="3" sc="336,-10,186,-10,64,-10,404,40" owari="326,12.6,176,-22.4,54,-44.6,444,54.4" /></mjloggm>