<mjloggm ver="2.3"><GO type="225" lobby="0"/><UN n0="%E3%82%8F%E3%81%8B%E3%81%B0%2A%E3%82%AC%E3%83%BC%E3%83%AB" n1="%E3%81%AF%E3%82%88%E3%81%8A%E3%81%98%E3%81%95%E3%82%93" n2="%E6%97%A5%E6%9B%9C%E6%97%A5%E3%82%88%E3%82%8A%E3%81%AE%E4%BD%BF%E8%80%85" n3="%E4%B8%AD%E6%9D%91%E3%83%92%E3%83%AD" dan="16,17,17,18" rate="2073.59,2217.35,2252.41,2194.22" sx="M,M,M,M"/><TAIKYOKU oya="0"/><INIT seed="0,0,0,5,0,76" ten="250,250,250,250" oya="0" hai0="131,127,26,8,40,116,56,86,130,110,6,117,34" hai1="98,85,88,112,115,33,75,132,120,35,54,9,52" hai2="39,20,61,42,68,55,16,60,72,11,22,2,105" hai3="36,99,3,101,15,49,111,12,84,30,24,119,41"/><T25/><D40/><U124/><E120/><V29/><F105/><W5/><G119/><N who="0" m="45643" /><D56/><U19/><E75/><V133/><F133/><W104/><G36/><T0/><D86/><U73/><E73/><V51/><F72/><W58/><G41/><T45/><D45/><U46/><E98/><V64/><F60/><W78/><G49/><T66/><D66/><U28/><E132/><V79/><F79/><W114/><G58/><T18/><D127/><U47/><E124/><V87/><F29/><W10/><G114/><N who="1" m="43562" /><E19/><V57/><F87/><W27/><G111/><T81/><D81/><N who="1" m="49199" /><E9/><V93/><F93/><W17/><G104/><T107/><D107/><U106/><E106/><V67/><F67/><W21/><G99/><T90/><D90/><U108/><E108/><V100/><F100/><W23/><G101/><T38/><D38/><U82/><E82/><V89/><F89/><W125/><G125/><T44/><D110/><U113/><N who="1" m="43570" /><U43/><DORA hai="95" /><E28/><V14/><F2/><W121/><G121/><T91/><D91/><U126/><E126/><V71/><F71/><W123/><G123/><T4/><D4/><U7/><E7/><V94/><F94/><W129/><G30/><N who="0" m="19791" /><D44/><AGARI ba="0,0" hai="11,14,16,20,22,39,42,44,51,55,57,61,64,68" machi="44" ten="40,5200,0" yaku="24,2,54,1" doraHai="76,95" who="2" fromWho="0" sc="250,-52,250,0,250,52,250,0" /><INIT seed="1,0,0,3,5,30" ten="198,250,302,250" oya="1" hai0="65,88,43,128,116,5,123,122,120,34,33,132,71" hai1="126,83,95,11,84,124,17,52,115,29,59,28,105" hai2="2,7,1,110,98,73,67,42,79,39,49,102,35" hai3="51,89,6,16,20,50,27,118,90,112,80,8,134"/><U64/><E115/><V55/><F55/><W96/><G112/><T54/><D116/><U56/><E105/><N who="2" m="63703" /><F49/><W69/><G69/><T25/><D132/><U48/><E95/><V45/><F110/><W78/><G134/><T85/><D128/><U62/><E124/><V72/><F67/><W104/><G118/><T58/><D5/><U47/><E126/><V106/><F106/><W82/><G90/><T23/><D43/><U22/><E59/><V131/><F131/><W77/><G104/><T100/><D100/><U36/><E36/><V121/><F121/><W94/><G80/><N who="0" m="49191" /><D65/><U108/><E108/><V60/><F60/><W114/><G114/><T3/><D3/><N who="2" m="1034" /><F7/><W44/><G82/><T97/><D97/><U19/><E11/><V37/><F37/><W127/><G127/><T32/><D71/><U109/><E109/><V66/><F66/><W107/><G107/><T9/><D9/><U4/><E4/><V101/><F101/><W57/><G8/><T63/><D23/><U12/><E17/><V14/><F73/><W41/><REACH who="3" step="1"/><G6/><REACH who="3" ten="198,250,302,240" step="2"/><T119/><D119/><U75/><E75/><V38/><F79/><AGARI ba="0,1" hai="12,19,22,28,29,47,48,52,56,62,64,79,83,84" machi="79" ten="30,5800,0" yaku="7,1,8,1,54,1" doraHai="30" who="1" fromWho="2" sc="198,0,250,68,302,-58,240,0" /><INIT seed="1,1,0,0,3,122" ten="198,318,244,240" oya="1" hai0="92,31,104,127,2,129,91,133,131,55,82,76,101" hai1="10,63,123,16,79,57,39,62,38,119,41,70,107" hai2="35,75,96,50,102,56,7,61,26,33,114,67,36" hai3="83,113,118,84,121,74,45,88,58,48,124,77,43"/><U3/><E123/><V40/><F75/><W13/><G121/><T109/><D2/><U128/><E119/><V78/><F114/><W51/><G124/><T15/><D127/><U69/><E107/><V100/><F78/><W111/><G118/><T28/><D109/><U103/><E103/><V6/><F36/><W71/><G71/><T116/><D116/><U11/><E79/><V132/><F132/><W1/><G1/><T53/><D133/><U110/><E3/><V12/><F100/><W94/><G113/><T27/><D101/><U42/><E57/><V99/><F99/><W72/><G13/><T8/><D104/><U44/><E44/><V73/><F73/><W105/><G105/><T126/><D126/><U9/><E16/><V20/><F12/><W106/><G106/><T90/><D82/><U14/><E14/><V80/><F80/><W34/><G34/><T108/><D76/><U60/><E110/><V21/><F35/><W24/><G24/><T89/><D92/><U115/><E128/><N who="0" m="49225" /><D108/><U87/><E87/><V59/><F33/><W25/><G111/><T134/><D134/><U68/><REACH who="1" step="1"/><E115/><REACH who="1" ten="198,308,244,240" step="2"/><V47/><F59/><W37/><G58/><T66/><D66/><U17/><E17/><V64/><F64/><W93/><G74/><T22/><D31/><U30/><E30/><V52/><F67/><W85/><G25/><T120/><D120/><U125/><E125/><V19/><REACH who="2" step="1"/><F21/><REACH who="2" ten="198,308,234,240" step="2"/><W130/><G130/><T65/><D65/><U117/><E117/><V18/><F18/><AGARI ba="1,2" hai="8,15,18,22,27,28,53,55,89,90,91" m="49225" machi="18" ten="30,1000,0" yaku="19,1" doraHai="122" who="0" fromWho="2" sc="198,33,308,0,234,-13,240,0" /><INIT seed="2,0,0,0,4,62" ten="231,308,221,240" oya="2" hai0="35,94,103,75,115,70,56,50,116,14,131,32,24" hai1="78,10,95,22,100,2,102,98,73,99,0,126,47" hai2="8,1,12,107,51,97,130,121,21,80,55,42,18" hai3="67,6,93,61,34,60,108,38,11,36,135,5,58"/><V26/><F121/><W49/><G34/><T20/><D115/><U114/><E114/><V3/><F130/><W52/><G108/><T17/><D70/><U63/><E126/><V117/><F117/><W43/><G135/><T27/><D116/><U46/><E78/><V59/><F42/><W119/><G119/><T37/><D37/><U44/><E73/><V48/><F80/><W79/><G79/><T124/><D75/><U29/><E10/><V9/><F51/><W76/><G76/><T87/><D131/><U111/><E111/><V40/><F40/><W64/><G93/><T129/><D129/><U53/><E22/><V39/><F39/><W123/><G123/><T4/><D124/><U16/><E29/><V81/><F81/><W120/><G120/><T96/><D87/><U128/><E128/><V66/><F9/><W106/><G106/><T104/><D104/><U45/><E16/><V132/><F132/><W90/><G90/><T77/><D77/><U71/><E47/><V30/><REACH who="2" step="1"/><F66/><REACH who="2" ten="231,308,211,240" step="2"/><W33/><G36/><T84/><D50/><U83/><E83/><V105/><F105/><W125/><G38/><T19/><D94/><N who="1" m="58455" /><E53/><V57/><F57/><W13/><G125/><T134/><D56/><U118/><E118/><V85/><F85/><W23/><G43/><T54/><D84/><U65/><E45/><V28/><F28/><W7/><G67/><T122/><D54/><U86/><E86/><V110/><F110/><W91/><G64/><T112/><D134/><U25/><E46/><V127/><F127/><W15/><G52/><T72/><D122/><RYUUKYOKU ba="0,1" sc="231,-10,308,-10,211,30,240,-10" hai2="1,3,8,12,18,21,26,30,48,55,59,97,107" /><INIT seed="2,1,1,4,5,38" ten="221,298,241,230" oya="2" hai0="27,118,33,87,97,80,88,13,44,107,70,67,48" hai1="65,113,58,47,25,103,89,119,40,32,5,35,122" hai2="75,24,94,22,114,45,10,85,96,98,130,7,86" hai3="49,81,55,2,132,0,28,92,121,15,11,46,23"/><V17/><F75/><W53/><G121/><T34/><D118/><U50/><E113/><V115/><F130/><W135/><G92/><T73/><D73/><U14/><E119/><V29/><F115/><W1/><G81/><T111/><D111/><U131/><E131/><V117/><F117/><W79/><G79/><T133/><D133/><N who="3" m="51273" /><G55/><T101/><D27/><U74/><E74/><V128/><F128/><W60/><G60/><T20/><D67/><U57/><E103/><V56/><F114/><W108/><G108/><T95/><D70/><U127/><E25/><V8/><F56/><W54/><G54/><T31/><D107/><U78/><E78/><V129/><F129/><W37/><G37/><T99/><D99/><N who="2" m="37930" /><F94/><W126/><G126/><T90/><D101/><U72/><E58/><V12/><F45/><W68/><G68/><T41/><REACH who="0" step="1"/><D31/><REACH who="0" ten="211,298,241,230" step="2"/><U64/><E72/><V16/><F29/><W102/><G102/><T18/><AGARI ba="1,2" hai="13,18,20,33,34,41,44,48,80,87,88,90,95,97" machi="18" ten="30,8000,1" yaku="1,1,2,1,0,1,52,1,54,1,53,0" doraHai="38" doraHaiUra="109" who="0" fromWho="0" sc="211,103,298,-21,241,-41,230,-21" /><INIT seed="3,0,0,3,5,51" ten="314,277,200,209" oya="3" hai0="33,11,86,15,82,59,56,36,70,21,42,130,94" hai1="22,71,89,119,50,114,57,0,80,81,68,13,58" hai2="49,27,109,85,73,32,20,106,43,4,47,44,135" hai3="112,74,6,2,117,7,128,45,115,5,18,131,54"/><W12/><G74/><T111/><D33/><U26/><E0/><V98/><F73/><W10/><G117/><T87/><D70/><U97/><E114/><N who="3" m="43562" /><G45/><T104/><D104/><U39/><E39/><V53/><F32/><W28/><G28/><T105/><D105/><U66/><E13/><V107/><F109/><W30/><G30/><T133/><D111/><U24/><E24/><V63/><F135/><W75/><G75/><T96/><D133/><U48/><E71/><V125/><F125/><W95/><G95/><T79/><D36/><U34/><E68/><V14/><F85/><W31/><G31/><T102/><D42/><U29/><E34/><V1/><F1/><W76/><G76/><T90/><D21/><U55/><E119/><V92/><F14/><W69/><G69/><T113/><D113/><U38/><E38/><V118/><F4/><N who="3" m="1643" /><G54/><T129/><D59/><U8/><E8/><AGARI ba="0,0" hai="2,7,8,10,12,18,128,131" m="1643,43562" machi="8" ten="30,2900,0" yaku="34,2" doraHai="51" who="3" fromWho="1" sc="314,0,277,-29,200,0,209,29" /><INIT seed="3,1,0,1,2,3" ten="314,248,200,238" oya="3" hai0="12,134,32,53,57,55,86,14,115,13,23,122,112" hai1="46,80,82,9,89,127,33,49,104,74,124,20,15" hai2="92,54,71,60,42,4,105,114,39,90,51,76,79" hai3="38,18,44,5,120,8,81,36,121,70,34,1,17"/><W45/><G70/><T64/><D122/><U61/><E33/><V27/><F105/><W37/><G34/><T91/><D32/><U19/><E104/><V52/><F114/><N who="0" m="43562" /><D134/><U96/><E61/><V108/><F108/><W22/><G81/><N who="0" m="49615" /><D23/><U43/><E20/><V77/><F27/><W59/><G59/><T72/><D72/><U7/><E19/><V26/><F26/><W2/><G2/><T75/><D75/><U78/><E82/><V93/><F39/><W62/><G62/><AGARI ba="1,0" hai="12,13,14,53,55,57,62,64" m="49615,43562" machi="62" ten="30,1000,0" yaku="11,1" doraHai="3" who="0" fromWho="3" sc="314,13,248,0,200,0,238,-13" owari="327,42.7,248,4.8,200,-30.0,225,-17.5" /></mjloggm>