<mjloggm ver="2.3"><GO type="225" lobby="0"/><UN n0="%E3%81%8B%E3%82%8F%E3%81%A1%E3%82%83%E3%82%93%35%38" n1="%72%61%6B%33" n2="%E5%91%A8%E6%9D%B1" n3="%E3%82%A2%E3%83%9E%E3%83%9D%EF%BD%9E%EF%BD%9E%E3%83%A9" dan="16,16,17,17" rate="2108.05,2085.90,2159.71,2036.29" sx="M,M,M,M"/><TAIKYOKU oya="0"/><INIT seed="0,0,0,3,3,58" ten="250,250,250,250" oya="0" hai0="109,131,18,64,62,128,71,113,13,127,129,86,41" hai1="53,81,66,75,56,77,120,19,20,60,112,78,117" hai2="48,3,121,6,27,126,108,17,37,12,74,15,22" hai3="55,54,87,92,10,23,76,59,125,9,0,49,65"/><T8/><D113/><U16/><E112/><V84/><F74/><W28/><G0/><T36/><D127/><U94/><E117/><V132/><F37/><W105/><G105/><T43/><D36/><U70/><E120/><V5/><F121/><W34/><G34/><T124/><D124/><U118/><E118/><V79/><F126/><W14/><G65/><T63/><D109/><U67/><E78/><V99/><F108/><W57/><G125/><T24/><D86/><U42/><E42/><V82/><F132/><W68/><G68/><T44/><D44/><U52/><E19/><V85/><F3/><W4/><G9/><T29/><REACH who="0" step="1"/><D63/><REACH who="0" ten="240,250,250,250" step="2"/><U115/><E115/><V116/><F116/><W32/><G87/><T7/><D7/><N who="2" m="2570" /><F99/><W130/><G4/><T33/><AGARI ba="0,1" hai="8,13,18,24,29,33,41,43,62,64,71,128,129,131" machi="33" ten="30,11700,0" yaku="1,1,0,1,19,1,52,1,53,0" doraHai="58" doraHaiUra="97" who="0" fromWho="0" sc="240,127,250,-39,250,-39,250,-39" /><INIT seed="0,1,0,1,2,58" ten="367,211,211,211" oya="0" hai0="69,81,122,12,96,9,133,118,29,39,46,64,110" hai1="124,115,44,11,55,8,32,4,101,60,42,38,120" hai2="98,119,114,121,99,106,103,36,78,126,49,93,82" hai3="73,79,0,70,129,35,90,51,61,112,95,111,74"/><T94/><D118/><U108/><E120/><V5/><F119/><W23/><G112/><T40/><D122/><U76/><E115/><V30/><F114/><W33/><G0/><T34/><D133/><U3/><E108/><V26/><F126/><W28/><G129/><T63/><D110/><U83/><E124/><V1/><F36/><W113/><G113/><T89/><D29/><U27/><E11/><V116/><F116/><W62/><G70/><T14/><D34/><U10/><E10/><V77/><F121/><W123/><G123/><T41/><D41/><U13/><E101/><V75/><F78/><W109/><G79/><T91/><D81/><U84/><E32/><V86/><F49/><W67/><G67/><T134/><D134/><U72/><E27/><V50/><F50/><W47/><G35/><T107/><D107/><U104/><E104/><V105/><F98/><N who="3" m="57719" /><G33/><T59/><D91/><U48/><E13/><V15/><F75/><W56/><G74/><T31/><D31/><U135/><E135/><V17/><F1/><W127/><G73/><T87/><D96/><U52/><E48/><V25/><F5/><W85/><G85/><T132/><D132/><U71/><E84/><V66/><F66/><AGARI ba="1,0" hai="3,4,8,38,42,44,52,55,60,66,71,72,76,83" machi="66" ten="40,8000,1" yaku="25,2,52,1,54,1" doraHai="58" who="1" fromWho="2" sc="367,0,211,83,211,-83,211,0" /><INIT seed="1,0,0,5,3,3" ten="367,294,128,211" oya="1" hai0="47,55,131,118,10,107,130,125,44,87,129,89,78" hai1="8,124,123,111,104,128,135,59,19,40,133,99,62" hai2="132,45,88,97,76,18,72,2,134,92,68,23,81" hai3="80,16,71,46,75,86,66,13,121,53,64,21,29"/><U103/><E123/><V95/><F2/><W91/><G75/><T84/><D118/><U101/><E124/><V41/><F68/><W83/><G71/><T93/><D107/><U6/><E128/><V50/><REACH who="2" step="1"/><F95/><REACH who="2" ten="367,294,118,211" step="2"/><W108/><G121/><T67/><D125/><U90/><E135/><V5/><F5/><W110/><G108/><T15/><D130/><U26/><E133/><V73/><F73/><W116/><G110/><T126/><D126/><U24/><E111/><V98/><F98/><W69/><G69/><T54/><D131/><U20/><E104/><V58/><F58/><W109/><G109/><T39/><D129/><U36/><E99/><V33/><F33/><W30/><G116/><T94/><D94/><U14/><E59/><V122/><F122/><W0/><G0/><T51/><D93/><U115/><E6/><V38/><F38/><W4/><G4/><T7/><D39/><U12/><E36/><V56/><F56/><W77/><G66/><T120/><D67/><U49/><E115/><V74/><F74/><N who="3" m="43063" /><G64/><T31/><D120/><U96/><E96/><V79/><F79/><W85/><G85/><T43/><D78/><U127/><E127/><V9/><F9/><W27/><G86/><T42/><D84/><U114/><E8/><V28/><F28/><W65/><G65/><T105/><D31/><U57/><E114/><V35/><F35/><W63/><G30/><T106/><D106/><U37/><E57/><V11/><F11/><W25/><G29/><T112/><D105/><U102/><E37/><V82/><F82/><W60/><G83/><RYUUKYOKU ba="0,1" sc="367,-10,294,-10,118,30,211,-10" hai2="18,23,41,45,50,72,76,81,88,92,97,132,134" /><INIT seed="2,1,1,4,1,109" ten="357,284,148,201" oya="2" hai0="58,101,115,54,12,64,112,113,48,14,45,111,10" hai1="60,1,88,76,33,114,135,61,16,38,6,18,19" hai2="11,121,3,124,84,81,95,36,78,91,79,103,56" hai3="72,69,23,134,90,70,7,35,74,67,131,57,42"/><V8/><F121/><W80/><G35/><T96/><D111/><U46/><E76/><V9/><F3/><W87/><G134/><T98/><D98/><U4/><E114/><V51/><F36/><W85/><G131/><T127/><D127/><U5/><E1/><V29/><F29/><W44/><G7/><T43/><D64/><U32/><E135/><V86/><F124/><W68/><G23/><T100/><D100/><U132/><E132/><V31/><F31/><W99/><G99/><T133/><D133/><U128/><E128/><V37/><F37/><W41/><G87/><T28/><D28/><U59/><E88/><N who="2" m="51215" /><F103/><W123/><G123/><T105/><REACH who="0" step="1"/><D10/><REACH who="0" ten="347,284,148,201" step="2"/><U130/><E130/><V53/><AGARI ba="1,2" hai="8,9,11,51,53,56,78,79,86,91,95" m="51215" machi="53" ten="30,3000,0" yaku="8,1,54,1" doraHai="109" who="2" fromWho="2" sc="347,-11,284,-11,148,53,201,-11" /><INIT seed="2,2,0,3,4,55" ten="336,273,201,190" oya="2" hai0="58,19,56,119,97,23,64,83,10,45,60,15,100" hai1="112,92,12,107,20,110,26,49,104,54,116,3,128" hai2="131,38,123,31,78,33,16,50,7,53,46,5,61" hai3="71,81,109,84,89,66,14,32,105,85,79,25,11"/><V62/><F123/><W111/><G105/><T70/><D119/><U21/><E3/><V118/><F118/><W75/><G71/><T1/><D45/><U132/><E112/><V94/><F131/><W108/><G66/><T106/><D1/><U98/><E116/><V103/><F38/><W42/><G42/><T122/><D122/><U63/><E110/><V133/><F133/><W6/><G89/><T44/><D83/><U87/><E87/><V8/><F78/><W129/><G129/><T24/><REACH who="0" step="1"/><D44/><REACH who="0" ten="326,273,201,190" step="2"/><U114/><E132/><V48/><F33/><W9/><G9/><T30/><AGARI ba="2,1" hai="10,15,19,23,24,30,56,58,60,64,70,97,100,106" machi="30" ten="20,12000,2" yaku="1,1,2,1,0,1,7,1,52,2,53,0" doraHai="55" doraHaiUra="127" who="0" fromWho="0" sc="326,136,273,-32,201,-62,190,-32" /><INIT seed="3,0,0,5,3,81" ten="462,241,139,158" oya="3" hai0="14,123,70,87,124,13,79,89,112,92,68,33,106" hai1="93,43,17,3,20,65,53,72,73,64,37,25,22" hai2="109,47,99,40,66,32,129,131,0,83,46,54,51" hai3="118,91,34,98,100,86,76,61,96,95,18,85,62"/><W67/><G118/><T15/><D123/><U9/><E37/><V102/><F0/><W130/><G130/><T5/><D106/><U11/><E43/><V12/><F32/><W45/><G34/><T49/><D33/><U128/><E93/><V69/><F109/><W16/><G45/><T56/><D70/><U110/><E53/><V90/><F12/><W26/><G26/><T127/><D68/><U133/><E17/><N who="3" m="6762" /><G76/><T84/><D112/><U71/><E71/><V74/><F69/><W1/><G1/><T39/><D39/><U57/><E3/><V30/><F66/><W82/><G98/><T101/><D101/><U104/><E25/><V132/><F30/><W113/><G113/><T27/><D27/><U29/><E29/><V115/><F115/><W7/><G7/><T105/><D105/><U77/><E104/><V116/><F116/><W107/><G107/><T78/><D5/><U75/><E75/><V134/><F74/><W2/><G2/><T52/><D87/><N who="3" m="33289" /><G67/><T103/><D79/><U108/><E77/><V122/><F122/><W125/><G125/><N who="0" m="48203" /><D78/><U111/><E111/><V41/><F131/><W28/><G28/><T24/><D24/><U21/><E128/><V97/><F129/><W38/><G38/><T35/><D35/><U119/><E119/><V6/><F6/><W55/><G55/><T60/><D13/><U19/><E108/><V42/><F47/><W44/><G44/><N who="0" m="27687" /><D14/><U59/><E110/><V114/><F114/><W63/><G100/><T48/><D15/><U126/><E126/><V88/><F102/><W4/><G91/><RYUUKYOKU ba="0,0" sc="462,0,241,0,139,0,158,0" owari="462,56.2,241,4.1,139,-36.1,158,-24.2" /></mjloggm>