<mjloggm ver="2.3"><GO type="225" lobby="0"/><UN n0="%E3%83%96%E3%83%83%E3%83%91%E3%82%AA%E3%83%96%E3%83%81%E3%82%AD%E3%83%B3" n1="%E5%8D%A0%E3%81%84%E5%B8%AB%E8%A3%8F%E3%81%AA%E3%81%84%E3%81%97" n2="%70%68%65%6E%6F%6D%65" n3="%E8%A8%88%E7%AE%97%E6%A9%9F%E8%87%AA%E7%84%B6" dan="16,17,16,17" rate="2076.15,2224.69,2149.95,2139.92" sx="M,M,M,M"/><TAIKYOKU oya="0"/><INIT seed="0,0,0,3,4,9" ten="250,250,250,250" oya="0" hai0="13,130,73,106,42,57,51,128,113,44,111,80,23" hai1="78,26,21,86,123,17,48,100,96,94,8,90,92" hai2="60,40,97,63,20,95,28,109,14,110,65,83,34" hai3="36,47,64,115,50,122,7,116,135,32,18,134,68"/><T121/><D113/><U27/><E123/><V61/><F40/><N who="3" m="22919" /><G18/><N who="0" m="10703" /><D121/><U19/><E78/><V89/><F65/><W1/><G32/><T99/><D73/><U70/><E70/><V119/><F119/><W74/><G74/><T84/><D111/><N who="2" m="42506" /><F83/><W49/><G7/><T3/><D3/><U81/><E48/><N who="3" m="18538" /><G1/><T129/><D57/><U118/><E118/><V0/><F0/><W58/><G122/><T55/><D42/><U91/><E8/><V16/><F34/><W77/><G77/><N who="0" m="46095" /><D99/><N who="1" m="57751" /><E17/><V10/><F28/><W62/><G116/><T88/><D88/><N who="1" m="51279" /><E100/><V35/><F35/><W30/><G30/><T29/><D29/><U112/><E112/><V56/><F10/><W72/><G72/><T38/><D38/><U39/><E39/><V71/><F71/><W37/><G115/><T53/><D55/><U82/><E82/><V127/><F127/><W120/><G120/><T101/><D101/><U114/><E114/><V4/><F4/><W25/><G37/><T54/><D53/><U103/><E103/><V104/><F104/><AGARI ba="0,0" hai="44,51,54,104,106,128,129,130" m="46095,10703" machi="104" ten="30,2900,0" yaku="19,1,52,1" doraHai="9" who="0" fromWho="2" sc="250,29,250,0,250,-29,250,0" /><INIT seed="0,1,0,1,3,120" ten="279,250,221,250" oya="0" hai0="79,4,54,62,27,59,85,83,118,122,7,86,117" hai1="56,92,133,80,58,89,91,46,5,1,35,74,2" hai2="30,90,116,17,106,39,14,87,22,26,10,128,15" hai3="55,60,64,75,127,121,38,100,36,115,88,77,67"/><T71/><D122/><U126/><E35/><V68/><F128/><W41/><G100/><T78/><D71/><U95/><E126/><V98/><F116/><W42/><G75/><T103/><D103/><U16/><E133/><V25/><F68/><W123/><G77/><T50/><D117/><U114/><E114/><V101/><F39/><W31/><G31/><T119/><D119/><U70/><E70/><V6/><REACH who="2" step="1"/><F30/><REACH who="2" ten="279,250,211,250" step="2"/><W76/><G36/><T12/><D118/><U47/><E74/><V34/><F34/><W96/><G38/><T82/><D27/><U40/><E1/><V108/><F108/><W63/><G123/><T13/><REACH who="0" step="1"/><D62/><REACH who="0" ten="269,250,211,250" step="2"/><U110/><E110/><V72/><F72/><W135/><G63/><T3/><D3/><U93/><E2/><V37/><F37/><W73/><G60/><T94/><D94/><AGARI ba="1,2" hai="6,10,14,15,17,22,25,26,87,90,94,98,101,106" machi="94" ten="30,2000,0" yaku="1,1,7,1,53,0" doraHai="120" doraHaiUra="125" who="2" fromWho="0" sc="269,-23,250,0,211,43,250,0" /><INIT seed="1,0,0,1,4,100" ten="246,250,254,250" oya="1" hai0="121,122,12,115,47,70,92,69,96,17,128,81,57" hai1="112,22,44,19,13,124,75,24,48,11,99,21,133" hai2="18,85,102,52,64,36,8,87,38,63,91,117,71" hai3="97,80,25,51,20,109,113,116,16,53,66,23,68"/><U106/><E112/><V28/><F117/><W31/><G109/><T126/><D115/><U50/><E75/><V61/><F28/><W95/><G113/><T37/><D128/><U2/><E133/><V3/><F102/><W65/><G80/><T127/><D57/><U74/><E74/><V123/><F123/><N who="0" m="47114" /><D81/><U103/><E124/><N who="0" m="47657" /><D47/><U30/><REACH who="1" step="1"/><E44/><REACH who="1" ten="246,240,254,250" step="2"/><V84/><F38/><W86/><G116/><T134/><D37/><U27/><E27/><V4/><F36/><W58/><G68/><T132/><D132/><U35/><E35/><V105/><F71/><W125/><G125/><T9/><D134/><U76/><E76/><V79/><F79/><W5/><G86/><T32/><D32/><U101/><E101/><AGARI ba="0,1" hai="9,12,17,69,70,92,96,101" m="47657,47114" machi="101" ten="30,2000,0" yaku="13,1,18,1" doraHai="100" who="0" fromWho="1" sc="246,30,240,-20,254,0,250,0" /><INIT seed="2,0,0,0,2,71" ten="276,220,254,250" oya="2" hai0="50,19,117,92,27,129,17,35,56,58,64,131,32" hai1="96,60,23,132,73,4,55,34,40,118,126,65,79" hai2="57,6,77,90,111,59,43,85,103,95,107,109,3" hai3="83,115,108,28,24,116,135,84,9,82,89,124,15"/><V1/><F77/><W21/><G116/><T51/><D117/><U123/><E118/><V104/><F43/><W72/><G108/><N who="2" m="41545" /><F6/><W2/><G124/><T22/><D92/><U41/><E34/><V105/><F103/><W68/><G68/><T26/><REACH who="0" step="1"/><D22/><REACH who="0" ten="266,220,254,250" step="2"/><U69/><E23/><V66/><F66/><AGARI ba="0,1" hai="17,19,26,27,32,35,50,51,56,58,64,66,129,131" machi="66" ten="25,6400,0" yaku="1,1,2,1,22,2,53,0" doraHai="71" doraHaiUra="18" who="0" fromWho="2" sc="266,74,220,0,254,-64,250,0" /><INIT seed="3,0,0,5,5,26" ten="340,220,190,250" oya="3" hai0="131,114,9,121,41,106,48,110,77,123,86,87,70" hai1="76,34,50,37,104,99,10,89,56,43,90,108,14" hai2="79,111,18,65,61,20,0,22,49,55,24,1,103" hai3="81,38,116,92,33,133,21,35,119,30,59,16,75"/><W54/><G38/><T68/><D106/><U4/><E108/><V71/><F111/><W7/><G7/><T135/><D110/><U88/><E34/><V42/><F79/><W113/><G113/><T11/><D131/><U29/><E37/><V127/><F127/><W94/><G133/><T6/><D135/><U96/><E104/><V63/><F103/><W8/><G8/><T80/><D114/><U115/><E115/><V5/><F5/><W93/><G81/><T122/><D87/><U46/><E76/><V73/><F73/><W97/><G97/><N who="1" m="37450" /><E29/><V2/><F61/><W120/><G120/><T74/><D74/><U95/><E56/><V44/><F20/><W105/><G105/><T129/><D129/><U78/><E78/><V132/><F132/><W91/><G75/><T67/><D67/><U100/><E100/><V53/><F55/><W128/><G128/><T32/><D11/><U39/><E39/><V72/><F72/><W58/><G54/><T101/><D32/><U45/><E45/><V60/><F63/><W130/><G130/><T62/><D62/><U118/><E118/><V69/><REACH who="2" step="1"/><F53/><REACH who="2" ten="340,220,180,250" step="2"/><W31/><G116/><T15/><D101/><U12/><E12/><V125/><F125/><W98/><G119/><T107/><D123/><U28/><E28/><N who="3" m="10794" /><G35/><T3/><D122/><U112/><E112/><V40/><F40/><W23/><G33/><T84/><D121/><U124/><E124/><V57/><AGARI ba="0,1" hai="0,1,2,18,22,24,42,44,49,57,60,65,69,71" machi="57" ten="30,2000,0" yaku="1,1,0,1,53,0" doraHai="26" doraHaiUra="126" who="2" fromWho="2" sc="340,-5,220,-5,180,30,250,-10" owari="335,43.5,215,-18.5,210,-29.0,240,4.0" /></mjloggm>