<mjloggm ver="2.3"><GO type="225" lobby="0"/><UN n0="%E3%83%B4%E3%82%A3%E3%83%AF%E3%82%B3%E3%82%B0%E3%83%8B" n1="%E6%97%A5%E6%9B%9C%E6%97%A5%E3%82%88%E3%82%8A%E3%81%AE%E4%BD%BF%E8%80%85" n2="%E6%81%A5%E6%99%92%E3%81%97" n3="%E3%81%8B%E3%82%8F%E3%81%A1%E3%82%83%E3%82%93%35%38" dan="17,17,16,16" rate="2214.04,2189.59,2145.52,2159.28" sx="M,M,M,M"/><TAIKYOKU oya="0"/><INIT seed="0,0,0,3,2,47" ten="250,250,250,250" oya="0" hai0="21,110,93,15,4,90,50,127,2,63,130,11,107" hai1="17,28,124,66,0,133,13,30,94,95,7,71,72" hai2="18,65,38,129,85,6,32,122,1,111,9,92,37" hai3="67,58,52,61,62,101,48,70,116,119,91,74,46"/><T98/><BYE who="3" /><D130/><U56/><E72/><V89/><F122/><W77/><G77/><T3/><D127/><U103/><E71/><V128/><F111/><W73/><G73/><T22/><D110/><U112/><E0/><V114/><F114/><W69/><G69/><T88/><D107/><U106/><E106/><V113/><F113/><W42/><G42/><T100/><D2/><U36/><E36/><V126/><F126/><UN n3="%E3%81%8B%E3%82%8F%E3%81%A1%E3%82%83%E3%82%93%35%38" /><W96/><G74/><T54/><D63/><N who="1" m="38247" /><E112/><V118/><F32/><W24/><G91/><N who="0" m="34859" /><D3/><U25/><E124/><V75/><F65/><W34/><G24/><T60/><D60/><U59/><E133/><V79/><F118/><W109/><G34/><T53/><D53/><U125/><E125/><V78/><F18/><W43/><REACH who="3" step="1"/><G109/><REACH who="3" ten="250,250,250,240" step="2"/><T123/><D123/><U19/><E25/><V39/><REACH who="2" step="1"/><F75/><REACH who="2" ten="250,250,240,240" step="2"/><W51/><G51/><T105/><D105/><AGARI ba="0,2" hai="43,46,48,52,58,61,62,67,70,96,101,105,116,119" machi="105" ten="30,7700,0" yaku="1,1,7,1,52,1,54,1,53,0" doraHai="47" doraHaiUra="26" who="3" fromWho="0" sc="250,-77,250,0,240,0,240,97" /><INIT seed="1,0,0,0,4,113" ten="173,250,240,337" oya="1" hai0="66,42,79,94,44,133,107,96,59,128,36,117,122" hai1="125,124,97,31,2,45,89,106,34,75,46,58,84" hai2="13,86,27,10,81,80,120,85,39,69,102,103,72" hai3="21,101,8,41,24,49,55,112,98,116,93,71,87"/><U35/><E75/><V78/><F120/><W56/><G112/><T4/><D107/><U134/><E2/><V88/><F69/><W110/><G71/><T54/><D133/><U29/><E58/><V127/><F127/><N who="1" m="48713" /><E97/><V43/><F27/><W25/><G110/><T6/><D122/><U33/><E106/><V77/><F43/><W50/><G116/><T51/><D128/><U109/><E134/><V28/><F28/><N who="1" m="10825" /><E109/><V100/><F39/><W104/><G104/><T111/><D111/><U83/><AGARI ba="0,0" hai="33,34,35,45,46,83,84,89" m="10825,48713" machi="83" ten="40,2100,0" yaku="18,1" doraHai="113" who="1" fromWho="1" sc="173,-7,250,21,240,-7,337,-7" /><INIT seed="1,1,0,4,4,87" ten="166,271,233,330" oya="1" hai0="82,45,66,74,11,114,77,98,133,116,125,1,53" hai1="8,81,2,104,129,31,65,78,37,118,18,72,40" hai2="112,24,119,20,35,7,52,95,14,123,41,29,54" hai3="26,103,84,68,30,69,33,64,97,105,109,23,48"/><U28/><E118/><V34/><F123/><W12/><G109/><T102/><D133/><U60/><E104/><V90/><F119/><W58/><G84/><T128/><D125/><U5/><E129/><V92/><F112/><W38/><G38/><T59/><D128/><U122/><E18/><V9/><F95/><W110/><G110/><T131/><D131/><U16/><E16/><V36/><F41/><W15/><G23/><T89/><D116/><U100/><E100/><V135/><F36/><W57/><G68/><T126/><D126/><U124/><E122/><V13/><F13/><N who="3" m="5195" /><G48/><T83/><D114/><U70/><REACH who="1" step="1"/><E124/><REACH who="1" ten="166,261,233,330" step="2"/><V42/><F135/><W10/><G10/><T79/><D11/><U67/><E67/><V88/><F92/><W106/><G106/><T132/><D132/><U99/><E99/><V96/><F96/><W121/><G121/><T61/><D98/><U134/><E134/><V55/><REACH who="2" step="1"/><F42/><REACH who="2" ten="166,261,223,330" step="2"/><W101/><G101/><T19/><D102/><U127/><E127/><V3/><F3/><W4/><G4/><T21/><D1/><U46/><AGARI ba="1,2" hai="2,5,8,28,31,37,40,46,60,65,70,72,78,81" machi="46" ten="30,12000,1" yaku="1,1,0,1,25,2,53,1" doraHai="87" doraHaiUra="75" who="1" fromWho="1" sc="166,-41,261,143,223,-41,330,-41" /><INIT seed="1,2,0,5,3,92" ten="125,404,182,289" oya="1" hai0="84,62,133,44,105,6,43,122,118,100,97,18,135" hai1="55,31,114,20,12,19,56,24,9,57,4,0,116" hai2="66,85,65,68,120,130,79,123,23,103,76,91,134" hai3="36,28,69,93,117,94,89,70,67,11,26,124,101"/><U25/><E114/><V125/><F130/><W107/><G36/><T128/><D118/><U104/><E116/><V71/><F23/><W60/><G117/><T111/><D128/><U132/><E104/><V22/><F22/><W72/><G72/><T45/><D122/><U78/><E132/><N who="0" m="50761" /><D111/><U74/><E74/><V40/><F134/><W33/><G124/><T95/><D6/><U2/><E78/><V21/><F21/><W27/><G27/><T38/><D18/><U15/><E57/><V129/><F125/><W77/><G77/><T88/><D44/><U110/><E110/><V102/><F85/><W47/><G47/><T49/><D62/><U108/><E108/><V13/><F13/><N who="1" m="5193" /><E56/><V17/><F17/><W98/><G11/><T87/><D84/><U80/><E80/><V30/><F30/><W127/><G127/><T54/><D38/><U53/><E53/><AGARI ba="2,0" hai="43,45,49,53,54,87,88,95,97,100,105" m="50761" machi="53" ten="30,3900,0" yaku="20,1,52,1,54,1" doraHai="92" who="0" fromWho="1" sc="125,45,404,-45,182,0,289,0" /><INIT seed="2,0,0,5,1,118" ten="170,359,182,289" oya="2" hai0="70,133,84,9,36,68,72,71,62,101,91,130,31" hai1="32,75,43,38,120,100,135,3,42,35,21,89,27" hai2="131,114,51,110,129,80,59,47,66,55,127,5,95" hai3="58,12,121,25,82,56,67,50,85,52,116,40,134"/><V2/><F114/><W105/><G116/><T125/><D72/><U86/><E75/><V109/><F127/><W102/><G134/><T83/><D133/><U88/><E3/><V103/><F80/><W18/><G121/><T22/><D125/><U30/><E135/><V64/><F2/><W78/><G105/><T15/><D36/><U46/><E120/><V122/><F5/><W4/><G102/><T132/><D132/><U53/><E100/><V41/><F122/><W107/><G107/><T61/><D130/><N who="2" m="49674" /><F95/><W119/><G119/><T87/><D101/><U29/><E29/><V7/><F7/><W48/><G25/><T94/><D22/><U106/><E106/><V0/><F0/><W39/><G39/><T63/><D31/><U108/><E35/><V19/><F19/><W1/><G1/><T104/><D104/><U69/><E32/><V126/><F126/><W115/><G4/><T79/><REACH who="0" step="1"/><D15/><REACH who="0" ten="160,359,182,289" step="2"/><U20/><E30/><V99/><F103/><W98/><G12/><T96/><D96/><U37/><E21/><V33/><F99/><W44/><G98/><T16/><D16/><U76/><E20/><V45/><F33/><W124/><G124/><T6/><D6/><U92/><E38/><N who="2" m="21687" /><F66/><W74/><G74/><T24/><D24/><U65/><E27/><V81/><F81/><W60/><G115/><T54/><D54/><U26/><E26/><V10/><F10/><AGARI ba="0,1" hai="9,10,61,62,63,68,70,71,79,83,84,87,91,94" machi="10" ten="50,1600,0" yaku="1,1,53,0" doraHai="118" doraHaiUra="14" who="0" fromWho="2" sc="160,26,359,0,182,-16,289,0" /><INIT seed="3,0,0,1,2,47" ten="186,359,166,289" oya="3" hai0="129,44,80,58,79,3,101,39,10,111,86,62,28" hai1="59,109,94,13,32,89,30,55,107,12,51,117,110" hai2="2,99,126,15,26,78,53,60,20,37,24,70,135" hai3="65,31,33,27,40,16,90,97,98,35,45,49,81"/><W85/><G35/><T92/><D111/><N who="1" m="42507" /><E107/><V134/><F2/><W115/><G115/><T76/><D129/><U5/><E5/><V75/><F37/><W9/><REACH who="3" step="1"/><G65/><REACH who="3" ten="186,359,166,279" step="2"/><T46/><D39/><U123/><E123/><V106/><F126/><W7/><G7/><T8/><D3/><U29/><E117/><V64/><F134/><W87/><G87/><T127/><D127/><U128/><E128/><V118/><F135/><W119/><G119/><T82/><D86/><N who="1" m="52535" /><E32/><V1/><F118/><W52/><G52/><T77/><D77/><U104/><E104/><V67/><F64/><W93/><G93/><T83/><D76/><U23/><E30/><V71/><F53/><W122/><G122/><T112/><D28/><U19/><E29/><V17/><F1/><W95/><G95/><T124/><D79/><U73/><E73/><V102/><REACH who="2" step="1"/><F71/><REACH who="2" ten="186,359,156,279" step="2"/><W54/><G54/><N who="0" m="34135" /><D124/><U131/><E131/><V56/><F56/><W25/><G25/><AGARI ba="0,2" hai="12,13,19,23,25,51,55,59" m="52535,42507" machi="25" ten="30,2000,0" yaku="14,1,52,1" doraHai="47" who="1" fromWho="3" sc="186,0,359,40,156,0,279,-20" owari="186,-21.4,399,49.9,156,-34.4,259,5.9" /></mjloggm>