<mjloggm ver="2.3"><GO type="225" lobby="0"/><UN n0="%E3%83%81%E3%83%83%E3%82%BF%E3%82%BD%E3%83%BC" n1="%E7%9A%AE%E3%80%85" n2="%E3%83%96%E3%83%83%E3%83%91%E3%82%AA%E3%83%96%E3%83%81%E3%82%AD%E3%83%B3" n3="%77%72%77%72%77%72%77%72" dan="16,16,17,16" rate="2166.03,2122.18,2228.45,2134.68" sx="F,F,M,M"/><TAIKYOKU oya="0"/><INIT seed="0,0,0,3,1,111" ten="250,250,250,250" oya="0" hai0="84,57,117,96,12,3,114,113,59,43,108,112,88" hai1="33,41,130,21,65,115,87,62,25,85,40,80,91" hai2="120,110,6,71,0,18,105,15,27,100,39,90,26" hai3="135,133,2,37,67,119,23,30,52,76,20,103,75"/><T79/><D117/><U51/><E33/><V97/><F120/><W69/><G119/><T48/><D3/><U94/><E130/><V60/><F110/><W45/><G2/><T56/><D108/><U50/><E115/><V99/><F39/><W46/><G103/><T4/><D96/><U104/><E104/><V14/><F0/><W10/><G10/><T126/><D126/><U34/><E34/><V93/><F6/><W74/><G37/><T32/><D32/><U35/><E35/><V116/><F116/><W31/><G67/><T28/><D28/><N who="3" m="10793" /><G69/><T16/><D4/><U47/><E21/><N who="3" m="8266" /><G76/><T44/><D79/><U63/><E25/><V121/><F121/><W92/><G92/><T9/><REACH who="0" step="1"/><D114/><REACH who="0" ten="240,250,250,250" step="2"/><U53/><E65/><V78/><F78/><W8/><G75/><T89/><D89/><N who="1" m="53567" /><E40/><V123/><F123/><W124/><G74/><T24/><D24/><U5/><E5/><V86/><F27/><W77/><G77/><T70/><D70/><U22/><E22/><V11/><F26/><W102/><G124/><T58/><N who="0" m="14336" /><DORA hai="49" /><T7/><D7/><U81/><E81/><AGARI ba="0,1" hai="9,12,16,43,44,48,81,84,88,112,113" m="14336" machi="81" ten="50,12000,1" yaku="1,1,52,2,54,2,53,0" doraHai="111,49" doraHaiUra="98,101" who="0" fromWho="1" sc="240,130,250,-120,250,0,250,0" /><INIT seed="0,1,0,3,5,5" ten="370,130,250,250" oya="0" hai0="42,64,72,124,86,70,95,119,30,73,98,79,54" hai1="36,8,128,105,12,90,18,68,35,88,101,50,125" hai2="120,24,127,34,115,48,38,6,109,11,33,130,63" hai3="87,96,1,13,41,56,15,45,61,116,0,66,126"/><T80/><D124/><U92/><E36/><V135/><F120/><W83/><G116/><T133/><D133/><U32/><E125/><V55/><F127/><W28/><G126/><T3/><D119/><U107/><E68/><V58/><F115/><W25/><G96/><T131/><D131/><U102/><E128/><V118/><F130/><W84/><G0/><T99/><D3/><U74/><E74/><V40/><F118/><W132/><G1/><T75/><D42/><U122/><E122/><V129/><F129/><W23/><G132/><T59/><D30/><U10/><E92/><V52/><F109/><W31/><G31/><T121/><D121/><U47/><E47/><V9/><F135/><W113/><G113/><T81/><D81/><U46/><E46/><V69/><F24/><W114/><G114/><T27/><D27/><U67/><E50/><V93/><F55/><W104/><G104/><T7/><D7/><U51/><E51/><V112/><F93/><W71/><G71/><T17/><D17/><U53/><E53/><V39/><F39/><W94/><G94/><T49/><REACH who="0" step="1"/><D95/><REACH who="0" ten="360,130,250,250" step="2"/><U57/><E18/><V26/><F26/><W103/><G83/><T106/><D106/><U37/><E37/><V134/><F6/><W76/><G13/><T16/><D16/><U123/><E123/><V117/><F117/><W108/><G15/><T100/><D100/><U19/><E19/><V85/><F134/><W2/><G103/><T22/><D22/><U60/><E12/><V4/><F4/><W97/><G2/><T62/><AGARI ba="1,1" hai="49,54,59,62,64,70,72,73,75,79,80,86,98,99" machi="62" ten="40,3900,0" yaku="1,1,0,1,53,0" doraHai="5" doraHaiUra="21" who="0" fromWho="0" sc="360,52,130,-14,250,-14,250,-14" /><INIT seed="0,2,0,2,0,17" ten="412,116,236,236" oya="0" hai0="18,46,68,41,99,45,78,134,119,38,88,89,72" hai1="105,121,5,24,129,131,21,118,6,84,95,94,74" hai2="63,57,76,79,0,44,66,20,47,14,107,125,128" hai3="49,11,132,62,112,83,56,9,55,65,48,8,59"/><T100/><D134/><U123/><E74/><V50/><F0/><W51/><G112/><T32/><D119/><U54/><E105/><V87/><F107/><W15/><G132/><T106/><D68/><U3/><E54/><N who="2" m="30047" /><F128/><N who="1" m="49225" /><E84/><V110/><F110/><W23/><G83/><T114/><D114/><U93/><E118/><V34/><F34/><W42/><G42/><T81/><D32/><U35/><E35/><V103/><F125/><W29/><G15/><T40/><REACH who="0" step="1"/><D18/><REACH who="0" ten="402,116,236,236" step="2"/><N who="1" m="12343" /><E3/><V101/><F101/><W133/><G133/><T80/><D80/><U60/><E60/><V77/><F103/><W116/><G116/><T120/><D120/><AGARI ba="2,1" hai="5,6,93,94,95,120,121,123" m="12343,49225" machi="120" ten="40,2600,0" yaku="19,1,52,1" doraHai="17" who="1" fromWho="0" sc="402,-32,116,42,236,0,236,0" /><INIT seed="1,0,0,1,2,64" ten="370,158,236,236" oya="1" hai0="57,22,85,120,116,31,63,42,70,93,10,114,67" hai1="66,15,24,39,46,7,47,113,108,115,54,5,101" hai2="132,103,73,131,36,89,96,129,134,20,35,82,28" hai3="125,97,123,95,104,1,117,78,34,4,2,124,60"/><U133/><E133/><N who="2" m="51307" /><F36/><W135/><G135/><T71/><D114/><U50/><E24/><V130/><F35/><W72/><G123/><T128/><D116/><U26/><E101/><V110/><F28/><W126/><G117/><T83/><D120/><U44/><E26/><V3/><F3/><W40/><G34/><T23/><D128/><U21/><E108/><V32/><F32/><W76/><G104/><T68/><D93/><U48/><E39/><V56/><F56/><W81/><G40/><T112/><D112/><U29/><E66/><V55/><F55/><W65/><G76/><T38/><D31/><U74/><E74/><V90/><F20/><W12/><G12/><T45/><REACH who="0" step="1"/><D10/><REACH who="0" ten="360,158,236,236" step="2"/><U87/><E29/><V94/><F110/><W88/><REACH who="3" step="1"/><G4/><REACH who="3" ten="360,158,236,226" step="2"/><T27/><D27/><U19/><E113/><V102/><F73/><W8/><G8/><T105/><D105/><U121/><E115/><V59/><F130/><W49/><G49/><T69/><N who="0" m="17408" /><DORA hai="0" /><T99/><D99/><U53/><E121/><V109/><F131/><W18/><G18/><T80/><D80/><U61/><E61/><V77/><F129/><W51/><G51/><T79/><AGARI ba="0,2" hai="22,23,38,42,45,57,63,67,79,83,85" m="17408" machi="79" ten="60,12000,2" yaku="1,1,0,1,52,4,53,0" doraHai="64,0" doraHaiUra="84,91" who="0" fromWho="0" sc="360,140,158,-60,236,-30,226,-30" /><INIT seed="2,0,0,0,4,72" ten="500,98,206,196" oya="2" hai0="127,74,110,49,13,47,55,23,92,63,2,18,43" hai1="21,133,91,0,134,98,32,52,60,51,109,26,76" hai2="121,50,116,71,10,126,64,94,56,86,40,93,42" hai3="128,87,17,4,80,120,96,101,7,57,106,28,35"/><V99/><F116/><W131/><G120/><T130/><D110/><U111/><E0/><V89/><F121/><W29/><G17/><T41/><D127/><U16/><E32/><V12/><F126/><W53/><G4/><T102/><D130/><N who="3" m="49705" /><G7/><T61/><D74/><U38/><E38/><V44/><F71/><W65/><G65/><T84/><D2/><U14/><E14/><V95/><F42/><N who="0" m="15882" /><D102/><U3/><E3/><V132/><F132/><N who="1" m="50793" /><E60/><V90/><F64/><W88/><G35/><T59/><D47/><N who="1" m="27775" /><E91/><AGARI ba="0,0" hai="13,18,23,49,55,59,61,63,84,91,92" m="15882" machi="91" ten="30,2000,0" yaku="25,1,8,1" doraHai="72" who="0" fromWho="1" sc="500,20,98,-20,206,0,196,0" /><INIT seed="3,0,0,4,1,89" ten="520,78,206,196" oya="3" hai0="3,45,121,72,109,41,125,88,20,99,132,110,133" hai1="61,134,26,58,108,60,93,86,16,90,44,10,111" hai2="70,9,107,19,21,53,14,22,64,6,105,11,33" hai3="127,31,131,17,103,96,46,47,38,94,7,69,126"/><W80/><G69/><T4/><D121/><U83/><E134/><N who="0" m="51817" /><D72/><U0/><E0/><V8/><F33/><W25/><G131/><T55/><D55/><U135/><E135/><V77/><F77/><W113/><G113/><T18/><D125/><N who="3" m="47625" /><G7/><T12/><D4/><U54/><E44/><V2/><F11/><W122/><G122/><T128/><D3/><U120/><E120/><V117/><F117/><W76/><G17/><T59/><D59/><U101/><E60/><V15/><F2/><W97/><G97/><T50/><D128/><U114/><E114/><V27/><F70/><W119/><G38/><T79/><D79/><U102/><E83/><V116/><F6/><W66/><G66/><T78/><D78/><U87/><E87/><V65/><F19/><W1/><G1/><T37/><D37/><U81/><E81/><V92/><F116/><W85/><G119/><T112/><D112/><U32/><E32/><AGARI ba="0,0" hai="25,31,32,46,47,76,80,85,94,96,103" m="47625" machi="32" ten="30,2900,0" yaku="18,1,52,1" doraHai="89" who="3" fromWho="1" sc="520,0,78,-29,206,0,196,29" /><INIT seed="3,1,0,4,5,52" ten="520,49,206,225" oya="3" hai0="93,115,24,50,110,32,20,74,112,113,31,120,2" hai1="129,15,65,14,101,23,121,3,43,127,38,134,68" hai2="107,108,36,30,37,26,18,85,117,1,128,35,114" hai3="90,56,84,0,27,130,8,123,83,106,12,86,132"/><W28/><G123/><T126/><D110/><U104/><E121/><V77/><F114/><W78/><G130/><T21/><D120/><U44/><E23/><V6/><F117/><W41/><G132/><T100/><D126/><U71/><E15/><V80/><F108/><W9/><G106/><T55/><D74/><U118/><E14/><V17/><F128/><W64/><G41/><T111/><D111/><U25/><E129/><V67/><F107/><W11/><G0/><T122/><D2/><U4/><E134/><V125/><F125/><W57/><G64/><T99/><D122/><U40/><E40/><V102/><F102/><W133/><G133/><T47/><AGARI ba="1,0" hai="20,21,24,31,32,47,50,55,93,99,100,112,113,115" machi="47" ten="30,2000,0" yaku="0,1,11,1" doraHai="52" who="0" fromWho="0" sc="520,23,49,-6,206,-6,225,-11" owari="543,64.3,43,-45.7,200,-20.0,214,1.4" /></mjloggm>