<mjloggm ver="2.3"><GO type="225" lobby="0"/><UN n0="%E5%91%A8%E6%9D%B1" n1="%E6%B7%91%E5%A5%B3%E3%81%AE%E5%97%9C%E3%81%BF" n2="%E9%BB%99%E8%81%B4%E3%81%AE%E3%81%99%E3%82%9D%E3%82%81" n3="%E3%81%8B%E3%82%8F%E3%81%A1%E3%82%83%E3%82%93%35%38" dan="17,16,16,16" rate="2275.23,2107.64,2141.93,2132.69" sx="M,M,M,M"/><TAIKYOKU oya="0"/><INIT seed="0,0,0,1,2,7" ten="250,250,250,250" oya="0" hai0="104,24,122,66,17,103,31,87,40,6,75,131,85" hai1="56,54,84,59,93,135,69,60,20,50,100,11,72" hai2="29,46,70,33,91,49,65,88,113,21,62,73,120" hai3="80,4,127,41,47,112,78,43,92,126,0,8,129"/><T34/><D122/><U5/><E72/><V97/><F113/><W1/><G112/><T124/><D75/><U130/><E130/><V118/><F73/><N who="3" m="43087" /><G129/><T19/><D40/><U102/><E69/><V15/><F120/><W23/><G43/><T37/><D37/><U86/><E20/><V119/><F33/><W71/><G92/><T61/><D131/><U13/><E135/><V22/><F22/><W51/><G23/><T90/><D6/><U109/><E109/><V14/><F29/><W125/><G71/><T96/><D124/><N who="3" m="31745" /><W67/><DORA hai="134" /><G67/><T27/><D27/><U35/><E35/><V2/><F2/><AGARI ba="0,0" hai="0,1,2,4,8,41,47,51" m="31745,43087" machi="2" ten="40,12000,2" yaku="18,1,52,5" doraHai="7,134" who="3" fromWho="2" sc="250,0,250,0,250,-120,250,120" /><INIT seed="1,0,0,2,1,30" ten="250,250,130,370" oya="1" hai0="88,48,24,126,99,44,9,51,56,105,58,3,84" hai1="125,65,21,1,16,50,8,71,85,61,122,78,87" hai2="117,93,27,15,57,132,38,39,113,89,63,121,73" hai3="0,72,46,116,111,107,110,42,29,54,106,108,92"/><U103/><E122/><V120/><F117/><W43/><G116/><T53/><D126/><U25/><E125/><V114/><F73/><W97/><G72/><T94/><D3/><U82/><E103/><V67/><F15/><W36/><G0/><T123/><D123/><N who="2" m="47178" /><F27/><W37/><G54/><T101/><D9/><U47/><E85/><V64/><F89/><N who="3" m="55439" /><G29/><T91/><D24/><U66/><E66/><N who="2" m="25131" /><F93/><W77/><G77/><T2/><D2/><U79/><E79/><V49/><F49/><N who="3" m="26839" /><G43/><T60/><D60/><U28/><E28/><V134/><F57/><W5/><G5/><T76/><D76/><U86/><E1/><V83/><F83/><W62/><G62/><T33/><D91/><U70/><E70/><V23/><F23/><W22/><G22/><T17/><D17/><U96/><E8/><V45/><F63/><W131/><G131/><T104/><D104/><AGARI ba="0,0" hai="36,37,104,106,107,108,110,111" m="26839,55439" machi="104" ten="40,1300,0" yaku="14,1" doraHai="30" who="3" fromWho="0" sc="250,-13,250,0,130,0,370,13" /><INIT seed="2,0,0,5,0,54" ten="237,250,130,383" oya="2" hai0="91,98,66,74,67,30,81,77,70,75,14,69,131" hai1="115,128,109,0,47,58,39,61,101,40,124,123,112" hai2="88,2,106,23,25,121,79,116,94,100,76,117,3" hai3="49,36,27,73,51,44,64,130,38,68,95,46,83"/><V26/><F121/><W90/><G130/><T120/><D120/><U87/><E0/><V78/><F106/><W126/><G126/><T113/><D113/><N who="1" m="43595" /><E87/><V134/><F100/><W80/><G27/><T28/><D131/><U10/><E10/><V50/><F134/><W42/><G64/><T125/><D125/><U72/><E72/><V18/><F26/><W63/><G63/><T22/><D75/><U41/><E101/><V96/><REACH who="2" step="1"/><F50/><REACH who="2" ten="237,250,120,383" step="2"/><W4/><G51/><T110/><D110/><U19/><E123/><V11/><F11/><W16/><G49/><T108/><D108/><U86/><E124/><V102/><F102/><W37/><G37/><T43/><D22/><U17/><E39/><V111/><F111/><W133/><G38/><T29/><D29/><U105/><E105/><V135/><F135/><W84/><G36/><T71/><D28/><U45/><E128/><V21/><F21/><W93/><G133/><T1/><D30/><U107/><E107/><V103/><F103/><W35/><G35/><T129/><D129/><U12/><E109/><V31/><F31/><W56/><G44/><T53/><D71/><U24/><E24/><V59/><F59/><W57/><G46/><T52/><D70/><U118/><E45/><V20/><F20/><W97/><G56/><T5/><D69/><U48/><E47/><V132/><F132/><W8/><G57/><T6/><D43/><U7/><E41/><V33/><F33/><W15/><G68/><T32/><D32/><U55/><E40/><V119/><AGARI ba="0,1" hai="2,3,18,23,25,76,78,79,88,94,96,116,117,119" machi="119" ten="40,7800,0" yaku="1,1,0,1,54,1,53,0" doraHai="54" doraHaiUra="127" who="2" fromWho="2" sc="237,-26,250,-26,120,88,383,-26" /><INIT seed="2,1,0,0,5,41" ten="211,224,208,357" oya="2" hai0="84,8,128,37,40,114,28,120,107,105,83,4,75" hai1="82,69,3,127,121,32,46,16,62,131,72,102,125" hai2="35,2,132,68,67,104,81,88,116,27,64,9,36" hai3="94,52,66,135,65,43,51,50,11,133,111,29,19"/><V49/><F36/><W60/><G111/><T86/><D120/><U58/><E32/><V31/><F104/><W110/><G110/><T21/><D114/><U59/><E3/><V47/><F116/><W85/><G29/><T126/><D86/><U22/><E121/><V108/><F132/><W10/><G43/><T54/><D54/><U6/><E6/><V71/><F108/><W90/><G50/><T113/><D113/><U38/><E131/><V80/><F2/><W13/><G10/><T48/><D75/><U18/><E102/><V115/><F9/><W129/><G129/><T0/><D37/><U76/><E69/><V39/><F39/><W15/><G15/><T74/><D74/><U56/><E62/><V57/><F115/><W97/><G97/><T63/><D63/><U77/><E77/><V44/><F71/><W17/><G17/><T130/><D128/><U53/><E38/><V119/><F119/><W123/><G123/><T87/><D130/><U106/><E106/><V79/><F68/><W118/><G118/><T112/><D112/><U99/><E99/><V101/><F101/><W7/><G7/><T98/><D98/><U55/><E18/><V61/><F67/><N who="3" m="25611" /><G60/><T45/><D107/><U23/><E16/><V20/><F35/><W89/><G89/><N who="0" m="51359" /><D105/><U96/><E55/><V117/><F117/><W124/><G124/><N who="1" m="47690" /><E96/><V12/><F79/><W25/><G25/><N who="0" m="16431" /><D126/><U33/><E33/><N who="2" m="20735" /><F49/><AGARI ba="1,0" hai="22,23,46,49,53,56,58,59,72,76,82" m="47690" machi="49" ten="30,2000,0" yaku="18,1,52,1" doraHai="41" who="1" fromWho="2" sc="211,0,224,23,208,-23,357,0" /><INIT seed="3,0,0,2,4,124" ten="211,247,185,357" oya="3" hai0="58,65,89,47,68,125,78,30,20,69,102,61,31" hai1="15,116,80,63,23,18,60,90,118,38,1,24,70" hai2="128,35,95,43,127,39,72,121,4,25,13,8,77" hai3="74,33,76,26,119,132,110,54,113,32,83,41,123"/><W0/><G41/><T126/><D102/><U3/><E38/><V49/><F127/><N who="0" m="48650" /><D78/><U44/><E44/><V103/><F121/><W22/><G54/><T96/><D47/><U84/><E15/><V9/><F39/><W107/><G22/><T71/><D20/><U29/><E118/><V51/><F43/><W56/><G56/><T87/><D96/><U112/><E116/><V53/><F72/><W134/><G83/><AGARI ba="0,0" hai="30,31,58,61,65,68,69,71,83,87,89" m="48650" machi="83" ten="40,1300,0" yaku="18,1" doraHai="124" who="0" fromWho="3" sc="211,13,247,0,185,0,357,-13" owari="224,-17.6,247,4.7,185,-31.5,344,44.4" /></mjloggm>