<mjloggm ver="2.3"><GO type="225" lobby="0"/><UN n0="%E3%83%A9%E3%82%B9%E7%8E%87%EF%BC%93%E5%89%B2" n1="%33%74%72%65%65" n2="%E4%BF%BA%E3%81%A8%E5%A6%96%E5%A4%A2" n3="%E5%A4%8F%E9%88%B4%E9%88%B4%E5%A4%8F" dan="16,17,16,16" rate="2132.41,2189.36,2198.45,2126.85" sx="F,F,F,F"/><TAIKYOKU oya="0"/><INIT seed="0,0,0,3,2,68" ten="250,250,250,250" oya="0" hai0="135,51,89,34,38,73,76,133,52,102,88,95,31" hai1="79,30,132,20,28,106,85,62,26,72,7,127,12" hai2="92,67,14,123,121,22,45,122,111,61,15,55,93" hai3="109,42,58,118,87,115,107,78,0,74,1,59,120"/><T9/><D34/><U96/><E132/><N who="0" m="50761" /><D31/><U60/><E127/><V113/><F113/><W126/><G107/><T83/><D38/><U8/><E72/><V124/><F124/><W10/><G74/><T48/><D48/><U43/><E30/><V57/><F111/><W75/><G0/><T66/><D66/><U71/><E71/><V100/><F100/><W4/><G1/><T91/><D9/><U104/><E104/><V27/><F45/><W16/><G10/><T125/><D125/><U129/><E129/><V53/><F14/><W11/><G11/><T70/><D70/><U56/><E43/><V29/><F15/><W119/><G42/><T82/><D82/><N who="1" m="47327" /><E106/><V25/><F27/><W103/><G126/><T116/><D116/><U49/><E96/><V134/><F134/><W18/><G119/><T97/><D102/><U13/><E13/><V24/><F24/><W65/><G103/><T114/><D114/><U2/><E2/><V37/><F37/><W5/><G118/><T94/><D97/><U21/><E21/><V39/><F39/><W35/><G35/><T17/><D17/><U98/><E98/><V50/><REACH who="2" step="1"/><F55/><AGARI ba="0,0" hai="7,8,12,20,26,28,49,55,56,60,62" m="47327" machi="55" ten="30,1000,0" yaku="8,1" doraHai="68" who="1" fromWho="2" sc="250,0,250,10,250,-10,250,0" /><INIT seed="1,0,0,1,2,43" ten="250,260,240,250" oya="1" hai0="133,124,86,52,123,49,2,72,88,25,83,37,5" hai1="21,33,35,98,13,130,67,60,3,122,11,78,44" hai2="58,128,24,111,87,4,20,110,38,59,96,135,117" hai3="61,80,126,74,53,85,90,84,76,69,22,127,109"/><U1/><E122/><V94/><F117/><W55/><G109/><N who="2" m="41481" /><F135/><W89/><G22/><T18/><D37/><U17/><E130/><V51/><F128/><W102/><G102/><T131/><D131/><U29/><E78/><V64/><F38/><W57/><G53/><T26/><D133/><U32/><E98/><V77/><F4/><W19/><G19/><T48/><D124/><U79/><E79/><V93/><F64/><W10/><G10/><T9/><D123/><U82/><E82/><N who="2" m="47567" /><F51/><W7/><G7/><T114/><D114/><U15/><E1/><V27/><F94/><W34/><G34/><T30/><D72/><U8/><E3/><V118/><F118/><W97/><G97/><T134/><D134/><U103/><E67/><V115/><F115/><W107/><G107/><T39/><D39/><U14/><E60/><V0/><F0/><W63/><G63/><T6/><D49/><U104/><E104/><V12/><F12/><W45/><G127/><T125/><D125/><U106/><E14/><V75/><F75/><W71/><G126/><T31/><D6/><U46/><E13/><V91/><F27/><W23/><G74/><T95/><D95/><U100/><E106/><V116/><F116/><W50/><G71/><T62/><D62/><U42/><E11/><V73/><F73/><N who="3" m="43023" /><G69/><T16/><D26/><U119/><E119/><V70/><F70/><W28/><G85/><T40/><D40/><U66/><E66/><V54/><F54/><N who="3" m="30031" /><G84/><T113/><D113/><U99/><E42/><V132/><F132/><W81/><G81/><T121/><D121/><RYUUKYOKU ba="0,0" sc="250,-15,260,-15,240,15,250,15" hai2="20,24,58,59,91,93,96" hai3="23,28,55,57,61,89,90" /><INIT seed="2,1,0,2,3,57" ten="235,245,255,265" oya="2" hai0="114,113,126,83,11,22,134,53,89,67,31,0,50" hai1="10,48,95,119,80,87,72,47,20,38,101,107,70" hai2="59,6,76,43,82,23,92,42,30,8,118,34,79" hai3="29,32,103,93,7,75,97,135,64,96,15,124,77"/><V65/><F34/><W69/><G124/><T25/><D126/><U9/><E119/><V102/><F118/><W110/><G110/><T94/><D134/><U37/><E70/><V33/><F33/><W71/><G135/><T51/><D83/><U127/><E127/><V74/><F79/><W128/><G128/><T131/><D131/><U104/><E72/><V56/><F23/><W66/><G77/><T1/><D67/><U133/><E133/><V123/><F30/><W129/><G75/><T24/><D51/><U78/><E95/><V86/><F123/><W21/><G21/><T105/><D25/><U106/><E101/><V45/><F65/><W41/><G41/><T68/><D105/><U19/><E38/><V61/><F61/><W112/><G66/><T28/><D28/><U116/><E37/><V36/><F43/><W16/><G64/><T17/><D68/><U63/><E63/><V120/><F120/><W2/><G69/><T3/><D11/><U18/><E116/><V44/><F44/><W81/><G71/><T12/><D24/><U90/><E78/><V4/><F4/><W111/><G7/><T88/><D89/><U132/><E132/><V62/><F62/><W60/><G60/><T58/><REACH who="0" step="1"/><D31/><REACH who="0" ten="225,245,255,265" step="2"/><U99/><E10/><V39/><F36/><W122/><G29/><T130/><D130/><U52/><E9/><V125/><F125/><W73/><G129/><T98/><AGARI ba="1,1" hai="0,1,3,12,17,22,50,53,58,88,94,98,113,114" machi="98" ten="30,7900,0" yaku="1,1,0,1,54,1,53,1" doraHai="57" doraHaiUra="13" who="0" fromWho="0" sc="225,92,245,-21,255,-40,265,-21" /><INIT seed="3,0,0,0,3,64" ten="317,224,215,244" oya="3" hai0="111,96,55,49,85,56,133,79,126,34,63,83,80" hai1="101,36,114,32,43,132,67,27,31,47,92,76,110" hai2="3,41,22,53,104,6,23,21,69,124,5,50,18" hai3="97,65,103,73,25,16,60,66,20,90,130,125,26"/><W105/><G125/><T52/><D126/><U45/><E114/><V33/><F124/><W17/><G130/><T113/><D113/><U108/><E132/><V116/><F116/><W107/><G73/><T13/><D34/><U39/><E67/><V62/><F33/><W30/><G107/><T128/><D128/><U94/><E76/><V2/><F104/><W4/><G4/><N who="2" m="1641" /><F2/><W135/><G135/><T87/><D111/><N who="1" m="42539" /><E101/><V82/><F3/><W8/><G90/><N who="0" m="51495" /><D133/><U127/><E127/><V72/><F72/><W93/><G105/><T75/><D75/><U24/><E24/><N who="2" m="14391" /><F69/><W44/><G26/><T0/><D0/><U54/><E36/><V112/><F112/><W115/><G115/><T102/><D13/><U35/><E35/><V59/><F82/><W48/><G8/><T129/><D129/><U84/><E84/><V100/><F100/><W95/><G95/><N who="0" m="58655" /><D55/><U37/><E54/><N who="2" m="34167" /><F41/><AGARI ba="0,0" hai="27,31,32,37,39,41,43,45,47,92,94" m="42539" machi="41" ten="30,1000,0" yaku="14,1" doraHai="64" who="1" fromWho="2" sc="317,0,224,10,215,-10,244,0" owari="317,41.7,234,-16.6,205,-29.5,244,4.4" /></mjloggm>