<mjloggm ver="2.3"><GO type="225" lobby="0"/><UN n0="%E3%83%A9%E3%82%B9%E7%8E%87%EF%BC%93%E5%89%B2" n1="%E3%81%8B%E3%82%8F%E3%81%A1%E3%82%83%E3%82%93%35%38" n2="%E6%9C%88%E5%B3%B6%E5%9F%BA" n3="%E4%BF%BA%E3%81%A8%E5%A6%96%E5%A4%A2" dan="17,16,17,16" rate="2198.94,2167.03,2210.77,2179.38" sx="F,M,M,F"/><TAIKYOKU oya="0"/><INIT seed="0,0,0,1,3,46" ten="250,250,250,250" oya="0" hai0="20,41,133,7,45,51,96,29,33,104,121,70,48" hai1="97,91,23,93,26,67,132,9,69,79,109,76,30" hai2="74,100,120,56,52,118,71,60,117,90,111,28,135" hai3="32,12,88,61,128,94,84,87,38,24,78,55,134"/><T124/><D121/><U99/><E109/><V75/><F120/><W10/><G38/><T25/><D133/><U47/><E132/><V50/><F135/><W39/><G39/><T13/><D124/><U85/><E69/><V86/><F111/><W21/><G134/><T98/><D70/><U16/><E67/><N who="2" m="41447" /><F100/><W43/><G43/><T27/><D104/><U116/><E116/><N who="2" m="44651" /><F28/><W131/><G32/><T17/><REACH who="0" step="1"/><D51/><REACH who="0" ten="240,250,250,250" step="2"/><U123/><E123/><V36/><F36/><W57/><G131/><T49/><D49/><U31/><E47/><V108/><F108/><W1/><G128/><T34/><D34/><U62/><E62/><V64/><F64/><W4/><G1/><T73/><D73/><U37/><E37/><V63/><F63/><W2/><G2/><T65/><D65/><U66/><E66/><V129/><F129/><W68/><G68/><T122/><D122/><U80/><E79/><V81/><AGARI ba="0,1" hai="50,52,56,74,75,81,86,90" m="44651,41447" machi="81" ten="30,4000,0" yaku="12,1,52,1,54,1" doraHai="46" who="2" fromWho="2" sc="240,-20,250,-10,250,50,250,-10" /><INIT seed="1,0,0,0,3,116" ten="220,240,300,240" oya="1" hai0="82,57,72,93,84,18,111,2,35,51,135,64,56" hai1="106,94,131,102,81,23,69,120,71,49,114,5,46" hai2="9,65,17,1,133,90,39,12,92,118,28,80,61" hai3="78,58,10,70,122,67,40,113,29,47,26,8,110"/><U75/><E114/><V66/><F118/><W43/><G113/><T95/><D2/><U45/><E106/><V0/><F39/><W4/><G110/><T22/><D35/><U107/><E107/><V112/><F112/><W91/><G70/><T37/><D72/><U119/><E119/><V105/><F105/><W63/><G78/><T13/><D135/><U86/><E75/><V100/><F133/><W19/><G19/><T59/><D37/><U99/><E131/><V53/><F100/><W104/><G104/><T16/><D111/><U27/><E5/><V130/><F80/><W124/><G124/><T31/><D31/><U42/><E46/><V36/><F36/><W76/><G76/><T96/><D18/><U88/><REACH who="1" step="1"/><E120/><REACH who="1" ten="220,230,300,240" step="2"/><V134/><F134/><W74/><G74/><T103/><D95/><U7/><E7/><V89/><F92/><W68/><G122/><T125/><D125/><U79/><E79/><V83/><F130/><W60/><G47/><T44/><D82/><U54/><E54/><V126/><F53/><W38/><G4/><T6/><D6/><U127/><E127/><V21/><F83/><W87/><G40/><N who="0" m="24967" /><D84/><U34/><E34/><V30/><F126/><W62/><G43/><T98/><D98/><U117/><E117/><V33/><F33/><W85/><G87/><T108/><D108/><U123/><E123/><V14/><F1/><W121/><G121/><T20/><D64/><U50/><E50/><V25/><F0/><W55/><G38/><T32/><D32/><U41/><E41/><V128/><F128/><W132/><G132/><RYUUKYOKU ba="0,1" sc="220,15,230,15,300,-15,240,-15" hai0="13,16,20,22,56,57,59,93,96,103" hai1="23,27,42,45,49,69,71,81,86,88,94,99,102" /><INIT seed="1,1,1,2,1,81" ten="235,245,285,225" oya="1" hai0="25,41,62,104,86,101,128,23,73,17,7,120,93" hai1="42,15,14,66,83,11,95,22,117,68,13,82,1" hai2="126,89,19,74,60,36,3,54,37,2,58,45,67" hai3="33,43,39,90,0,97,27,40,124,116,91,119,96"/><U59/><E117/><N who="3" m="45130" /><G0/><T55/><D128/><U76/><E68/><V34/><F74/><W109/><G109/><T46/><D120/><U28/><E42/><N who="3" m="15914" /><G39/><T47/><D73/><U20/><E1/><V69/><F34/><W99/><G124/><T112/><D112/><U131/><E131/><V118/><F126/><W30/><AGARI ba="1,1" hai="27,30,33,90,91,96,97,99" m="15914,45130" machi="30" ten="40,1500,0" yaku="12,1" doraHai="81" who="3" fromWho="3" sc="235,-5,245,-8,285,-5,225,28" /><INIT seed="2,0,0,5,0,22" ten="230,237,280,253" oya="2" hai0="60,55,107,109,86,122,56,16,101,41,2,65,84" hai1="19,17,88,63,118,123,113,36,14,130,78,61,104" hai2="80,76,85,40,45,54,132,95,71,108,92,46,72" hai3="7,13,15,81,94,79,135,100,33,98,120,116,103"/><V26/><F71/><W62/><G116/><T91/><D122/><U128/><E118/><V87/><F132/><W89/><G120/><T67/><D109/><U32/><E123/><V134/><F134/><W110/><G135/><T18/><D2/><U28/><E104/><V38/><F108/><W96/><G110/><T90/><D41/><U44/><E78/><V11/><F72/><W77/><G33/><T127/><D127/><U43/><E113/><V8/><F38/><W114/><G114/><T37/><D37/><U50/><E36/><V102/><F40/><W131/><G131/><N who="1" m="50218" /><E19/><N who="0" m="7209" /><D101/><U23/><E88/><N who="0" m="33833" /><D107/><U9/><E32/><V0/><F0/><W6/><G89/><T117/><D117/><U51/><E51/><V27/><F102/><W82/><REACH who="3" step="1"/><G62/><REACH who="3" ten="230,237,280,243" step="2"/><T10/><D10/><U75/><E63/><V129/><F11/><W31/><G31/><T74/><D74/><U5/><E75/><V97/><F8/><W49/><G49/><T99/><D99/><U30/><E61/><V48/><F97/><W58/><G58/><T57/><D57/><U83/><E83/><V1/><F80/><W121/><G121/><T53/><D67/><U105/><E105/><V93/><F129/><W112/><G112/><T12/><D12/><AGARI ba="0,1" hai="5,9,12,14,17,23,28,30,43,44,50" m="50218" machi="12" ten="30,1000,0" yaku="19,1" doraHai="22" who="1" fromWho="0" sc="230,-10,237,20,280,0,243,0" /><INIT seed="3,0,0,4,1,129" ten="220,257,280,243" oya="3" hai0="123,110,37,50,73,38,58,113,103,69,77,14,5" hai1="107,74,27,9,55,17,68,60,61,120,0,65,12" hai2="53,19,21,36,41,122,88,112,132,76,7,45,8" hai3="91,93,104,125,121,18,20,108,6,67,15,2,126"/><W105/><G121/><T10/><D123/><U102/><E120/><V82/><F132/><W116/><G116/><T100/><D69/><U11/><E74/><N who="2" m="43287" /><F122/><W78/><G78/><T135/><D110/><U131/><E131/><V80/><F112/><W97/><G67/><T64/><D113/><U35/><E60/><V95/><F80/><W81/><G81/><T42/><D77/><U119/><E55/><V54/><F19/><W99/><G108/><T124/><D124/><N who="3" m="47721" /><G97/><T34/><D34/><U13/><E0/><N who="2" m="103" /><F21/><W63/><G63/><T48/><D73/><U52/><E52/><V24/><F24/><W28/><G28/><T46/><D135/><U84/><E84/><AGARI ba="0,0" hai="36,41,45,53,54,84,88,95" m="103,43287" machi="84" ten="30,2000,0" yaku="25,1,54,1" doraHai="129" who="2" fromWho="1" sc="220,0,257,-20,280,20,243,0" owari="220,-28.0,237,-16.3,300,40.0,243,4.3" /></mjloggm>