<mjloggm ver="2.3"><GO type="225" lobby="0"/><UN n0="%E7%AB%8B%E7%9B%B4%E5%A5%BD%E6%A3%92%40%E5%BF%98" n1="%E5%91%A8%E6%9D%B1" n2="%E3%83%B4%E3%83%A0%EF%BC%99%E3%81%A6" n3="%E7%9A%AE%E3%80%85" dan="17,17,16,16" rate="2150.63,2179.20,2150.27,2130.14" sx="M,M,M,F"/><TAIKYOKU oya="0"/><INIT seed="0,0,0,3,2,40" ten="250,250,250,250" oya="0" hai0="38,101,19,23,134,26,32,20,4,51,114,122,25" hai1="94,127,107,115,8,123,77,62,3,99,28,124,80" hai2="91,22,71,110,88,116,65,56,78,7,49,97,72" hai3="83,76,82,55,37,128,87,121,73,126,105,53,18"/><T135/><D38/><U9/><E123/><V42/><F110/><W90/><G121/><T131/><D122/><U81/><E107/><V117/><F7/><W96/><G128/><T48/><D101/><U52/><E28/><V61/><F22/><W11/><G37/><T60/><D114/><U75/><E81/><N who="2" m="45255" /><F97/><W109/><G109/><T36/><D36/><U44/><E115/><V106/><F106/><W67/><G67/><T17/><D60/><U108/><E108/><V95/><F95/><W2/><G126/><N who="1" m="48170" /><E3/><V133/><F133/><W64/><G64/><T5/><REACH who="0" step="1"/><D32/><REACH who="0" ten="240,250,250,250" step="2"/><U35/><E35/><V21/><F61/><W113/><G113/><T45/><D45/><U10/><E62/><V29/><F116/><W125/><G125/><T92/><D92/><U112/><E112/><V103/><F117/><W66/><G105/><T39/><D39/><U132/><E132/><V79/><F103/><W68/><G82/><T31/><D31/><U129/><E129/><AGARI ba="0,1" hai="4,5,17,19,20,23,25,26,48,51,129,131,134,135" machi="129" ten="25,12000,1" yaku="1,1,22,2,53,2" doraHai="40" doraHaiUra="1" who="0" fromWho="1" sc="240,130,250,-120,250,0,250,0" /><INIT seed="0,1,0,1,2,117" ten="370,130,250,250" oya="0" hai0="40,14,49,70,30,81,99,62,115,67,69,97,12" hai1="107,64,46,7,24,42,127,9,25,120,29,22,90" hai2="134,54,73,112,11,52,56,95,1,5,15,132,43" hai3="68,102,106,88,33,92,118,87,3,74,72,98,0"/><T16/><D115/><U116/><E116/><V57/><F112/><W111/><G118/><T35/><D70/><U36/><E127/><V135/><F73/><W20/><G33/><T59/><D14/><U122/><E107/><V21/><F43/><W121/><G68/><T131/><D131/><U129/><E129/><V19/><F56/><W55/><G55/><T85/><D30/><U66/><E90/><V4/><F4/><W133/><G111/><T53/><D35/><U50/><E36/><V47/><F47/><W123/><G133/><T82/><D40/><U23/><E66/><V84/><F57/><W76/><G20/><T103/><D85/><U48/><E48/><V37/><F37/><W119/><G119/><T45/><D69/><U126/><E64/><V13/><F1/><N who="3" m="587" /><G74/><T113/><D113/><U8/><E126/><V51/><F51/><W79/><G79/><T109/><D109/><U6/><E7/><V31/><F31/><W91/><G91/><AGARI ba="1,0" hai="5,11,13,15,19,21,52,54,84,91,95,132,134,135" machi="91" ten="40,2600,0" yaku="20,1,54,1" doraHai="117" who="2" fromWho="3" sc="370,0,130,0,250,29,250,-29" /><INIT seed="1,0,0,4,4,68" ten="370,130,279,221" oya="1" hai0="108,43,94,81,102,17,99,103,56,8,89,118,88" hai1="24,44,70,127,110,15,42,13,12,109,5,63,37" hai2="78,3,52,84,132,66,22,46,1,87,90,53,72" hai3="120,112,51,130,134,0,86,20,73,135,69,23,32"/><U119/><E119/><V14/><F132/><N who="3" m="50731" /><G73/><T41/><D118/><U62/><E127/><V2/><F66/><W26/><G112/><T60/><D108/><N who="1" m="41579" /><E70/><V113/><F113/><W95/><G120/><T30/><D30/><U101/><E101/><N who="0" m="38409" /><D81/><U117/><E117/><V11/><F22/><W45/><G69/><T36/><D36/><U131/><E131/><V47/><F72/><W122/><G122/><T21/><D8/><U128/><E128/><V91/><F78/><W121/><G121/><T85/><D85/><U9/><E24/><V7/><F46/><W98/><G0/><AGARI ba="0,0" hai="0,5,9,12,13,15,37,42,44,62,63" m="41579" machi="0" ten="30,5800,0" yaku="14,1,10,1,52,1" doraHai="68" who="1" fromWho="3" sc="370,0,130,58,279,0,221,-58" /><INIT seed="1,1,0,1,2,109" ten="370,188,279,163" oya="1" hai0="41,12,99,129,57,118,108,60,25,47,7,117,0" hai1="13,51,83,131,64,29,65,97,133,104,92,20,101" hai2="5,72,95,121,56,30,124,75,82,100,68,3,28" hai3="31,15,10,53,16,39,69,17,105,4,62,90,132"/><U38/><E38/><V112/><F68/><W46/><G132/><T134/><D0/><U49/><E133/><V107/><F121/><W81/><G105/><T42/><D108/><U35/><E131/><V36/><F107/><W40/><G31/><T67/><D134/><U120/><E120/><V27/><F124/><W125/><G125/><T96/><D129/><U89/><E35/><V103/><F30/><W52/><G69/><T130/><D130/><U119/><E119/><V127/><F127/><W66/><G66/><N who="1" m="25706" /><E104/><V55/><F36/><W80/><G53/><T9/><D117/><U22/><E20/><V78/><F75/><W123/><G123/><T74/><D74/><U23/><E22/><V85/><F72/><W91/><G80/><T61/><D61/><U14/><E13/><V32/><F95/><W128/><G128/><T110/><D118/><U98/><E98/><N who="0" m="37417" /><D110/><U94/><E94/><V76/><F76/><W44/><G44/><T2/><D2/><U50/><E29/><V63/><F112/><W87/><REACH who="3" step="1"/><G91/><REACH who="3" ten="370,188,279,153" step="2"/><T45/><D47/><U58/><E58/><AGARI ba="1,1" hai="4,10,15,16,17,39,40,46,52,58,62,81,87,90" machi="58" ten="40,8000,1" yaku="1,1,2,1,54,2,53,1" doraHai="109" doraHaiUra="48" who="3" fromWho="1" sc="370,0,188,-83,279,0,153,93" /><INIT seed="2,0,0,4,0,115" ten="370,105,279,246" oya="2" hai0="7,105,54,110,12,82,28,88,6,133,126,62,66" hai1="19,27,128,25,57,32,109,111,10,52,50,91,116" hai2="11,80,65,14,94,95,31,72,16,24,77,107,117" hai3="84,56,78,132,39,38,9,98,35,135,68,45,134"/><V44/><F107/><W79/><G68/><T85/><D105/><U53/><E32/><V90/><F117/><W41/><G35/><T120/><D120/><U108/><E128/><V100/><F100/><W63/><G98/><T69/><D110/><U37/><E37/><V23/><F65/><N who="3" m="39143" /><G9/><T129/><D129/><U97/><E10/><V34/><F90/><W119/><G119/><T75/><D75/><U99/><E116/><V15/><REACH who="2" step="1"/><F44/><REACH who="2" ten="370,105,269,246" step="2"/><W123/><G45/><T114/><D88/><U13/><E91/><V102/><F102/><W86/><G134/><T40/><D66/><U20/><REACH who="1" step="1"/><E53/><REACH who="1" ten="370,95,269,246" step="2"/><V127/><F127/><W64/><G135/><T92/><D54/><U118/><E118/><V59/><F59/><W49/><G132/><T42/><D133/><U61/><E61/><V30/><F30/><W106/><G123/><T103/><D62/><U58/><E58/><V89/><F89/><W74/><G64/><T93/><D28/><U130/><E130/><V29/><F29/><W83/><G79/><T71/><D71/><U124/><E124/><V125/><F125/><W81/><G78/><T2/><D69/><U73/><E73/><V1/><F1/><W26/><G74/><T87/><D2/><U5/><E5/><AGARI ba="0,2" hai="5,11,14,15,16,23,24,31,34,72,77,80,94,95" machi="5" ten="30,5800,0" yaku="1,1,7,1,54,1,53,0" doraHai="115" doraHaiUra="36" who="2" fromWho="1" sc="370,0,95,-58,269,78,246,0" /><INIT seed="2,1,0,5,3,90" ten="370,37,347,246" oya="2" hai0="53,17,125,48,49,120,42,111,105,85,124,1,128" hai1="121,6,117,126,16,122,41,116,58,59,9,7,91" hai2="44,27,54,5,83,47,135,61,130,115,87,76,46" hai3="0,13,70,24,30,38,35,89,34,95,113,69,26"/><V62/><F115/><W18/><G0/><T33/><D120/><U118/><E91/><V119/><F119/><W80/><G80/><T97/><D111/><U56/><E41/><V104/><F104/><W43/><G113/><T74/><D74/><U57/><N who="1" m="14336" /><DORA hai="94" /><U84/><E84/><V60/><F130/><W14/><G14/><T32/><D1/><U82/><E82/><V86/><F135/><W133/><G133/><T55/><D17/><U12/><REACH who="1" step="1"/><E126/><REACH who="1" ten="370,27,347,246" step="2"/><V99/><F86/><W39/><G43/><T36/><D85/><U11/><E11/><V129/><F129/><W106/><G89/><T109/><D42/><U131/><E131/><V31/><F54/><W108/><G69/><T100/><D128/><U4/><AGARI ba="1,1" hai="4,6,7,9,12,16,116,117,118,121,122" m="14336" machi="4" ten="60,8000,1" yaku="1,1,0,1,29,2,54,1,53,0" doraHai="90,94" doraHaiUra="37,101" who="1" fromWho="1" sc="370,-21,27,93,347,-41,246,-21" /><BYE who="0" /><BYE who="3" /><UN n0="%E7%AB%8B%E7%9B%B4%E5%A5%BD%E6%A3%92%40%E5%BF%98" /><INIT seed="3,0,0,2,5,32" ten="349,120,306,225" oya="3" hai0="125,121,88,60,51,53,105,74,39,67,120,12,30" hai1="1,52,11,21,68,7,87,89,111,50,8,122,71" hai2="24,93,119,100,15,43,69,25,4,61,79,95,92" hai3="62,94,123,108,82,86,99,37,73,113,97,57,6"/><W0/><G0/><T134/><BYE who="1" /><D39/><UN n3="%E7%9A%AE%E3%80%85" /><U16/><E16/><V126/><F119/><UN n1="%E5%91%A8%E6%9D%B1" /><W45/><G123/><T65/><D105/><U58/><E122/><V131/><F131/><W124/><G113/><T103/><D74/><U29/><E111/><V33/><F126/><W85/><G73/><T42/><D103/><U117/><E117/><V63/><F100/><W72/><G72/><T76/><D76/><U64/><E64/><V106/><F106/><W17/><G6/><T35/><D125/><U81/><REACH who="1" step="1"/><E11/><REACH who="1" ten="349,110,306,225" step="2"/><N who="2" m="4583" /><F33/><W98/><G124/><T18/><D35/><U5/><E5/><V22/><F69/><W130/><G17/><T28/><D120/><U91/><E91/><V27/><F79/><W77/><G108/><T56/><D121/><U83/><E83/><V116/><F116/><W70/><G82/><T66/><D88/><U3/><E3/><V49/><F22/><W114/><G77/><T127/><D127/><U44/><E44/><AGARI ba="0,1" hai="24,25,27,43,44,49,61,63,92,93,95" m="4583" machi="44" ten="30,1000,0" yaku="8,1" doraHai="32" who="2" fromWho="1" sc="349,0,110,-10,306,20,225,0" owari="349,44.9,100,-40.0,326,12.6,225,-17.5" /></mjloggm>