<mjloggm ver="2.3"><GO type="225" lobby="0"/><UN n0="%E3%83%96%E3%83%83%E3%83%91%E3%82%AA%E3%83%96%E3%83%81%E3%82%AD%E3%83%B3" n1="%E3%83%9D%E3%83%B3%E3%83%9D%E3%82%B3%E5%95%86%E4%BA%8B" n2="%E8%9B%87%E3%81%AE%E8%A1%80" n3="%E3%83%81%E3%83%83%E3%82%BF%E3%82%BD%E3%83%BC" dan="17,16,16,16" rate="2236.08,2159.92,2068.19,2172.39" sx="M,M,M,F"/><TAIKYOKU oya="0"/><INIT seed="0,0,0,1,5,19" ten="250,250,250,250" oya="0" hai0="79,67,115,35,111,122,23,66,51,107,127,109,78" hai1="38,57,14,5,88,8,27,84,100,83,22,61,72" hai2="12,131,37,73,74,125,17,48,103,53,6,34,4" hai3="98,85,9,0,97,118,39,45,76,68,119,11,101"/><T134/><D115/><U47/><E72/><V112/><F112/><W133/><G68/><T54/><D122/><U96/><E38/><V70/><F37/><W116/><G133/><T31/><D35/><U90/><E47/><V28/><F70/><W26/><G26/><N who="0" m="16863" /><D107/><U113/><E113/><V121/><F121/><W91/><G76/><N who="0" m="29227" /><D134/><U99/><E90/><V64/><F64/><W94/><G0/><T32/><D32/><U18/><REACH who="1" step="1"/><E100/><REACH who="1" ten="250,240,250,250" step="2"/><V87/><F103/><W126/><G101/><T95/><D127/><U110/><E110/><N who="0" m="41993" /><D95/><U120/><E120/><V59/><F125/><W25/><G126/><T33/><D33/><U56/><E56/><AGARI ba="0,1" hai="51,54,56,66,67" m="41993,29227,16863" machi="56" ten="30,5800,0" yaku="14,1,10,1,52,1" doraHai="19" who="0" fromWho="1" sc="250,68,240,-58,250,0,250,0" /><INIT seed="0,1,0,3,1,22" ten="318,182,250,250" oya="0" hai0="33,9,94,42,84,6,46,112,67,113,126,47,125" hai1="71,109,97,2,31,82,32,110,90,79,135,59,128" hai2="76,52,102,69,51,64,104,13,57,45,10,23,39" hai3="0,106,34,30,66,108,119,12,15,26,37,58,107"/><T133/><D33/><U49/><E71/><V70/><F76/><W36/><G119/><T95/><D67/><U93/><E2/><V60/><F23/><W75/><G75/><T54/><D54/><N who="1" m="32207" /><E128/><V65/><F65/><W17/><G0/><T18/><D18/><U5/><E5/><V55/><F39/><W88/><G108/><N who="1" m="41578" /><E135/><V68/><F102/><W14/><G17/><T83/><D133/><U4/><E4/><V27/><F104/><W29/><G30/><T8/><D6/><U41/><E41/><V115/><F115/><W127/><G127/><T77/><D42/><U129/><E129/><V100/><F100/><W38/><G106/><T1/><D1/><U134/><E134/><V114/><F114/><W81/><G107/><T62/><D77/><U121/><E121/><V101/><F101/><W103/><G103/><T53/><D53/><U118/><E118/><V120/><F120/><W130/><G130/><T61/><REACH who="0" step="1"/><D83/><REACH who="0" ten="308,182,250,250" step="2"/><U28/><E32/><V3/><F3/><W86/><G66/><T73/><D73/><AGARI ba="1,1" hai="28,31,73,79,82,90,93,97" m="41578,32207" machi="73" ten="30,1000,0" yaku="14,1" doraHai="22" who="1" fromWho="0" sc="308,-13,182,23,250,0,250,0" /><INIT seed="1,0,0,5,1,121" ten="295,205,250,250" oya="1" hai0="134,0,96,58,128,44,8,118,74,22,41,113,15" hai1="10,95,117,116,30,31,64,97,47,56,61,28,71" hai2="115,49,70,103,37,57,46,101,38,40,124,62,12" hai3="114,42,94,93,87,65,90,27,100,72,131,39,125"/><U24/><E71/><V36/><F101/><W79/><G114/><T21/><D113/><U20/><E117/><V98/><F115/><W13/><G125/><T9/><D118/><U29/><E116/><V6/><F124/><W119/><G131/><T66/><D74/><U126/><E126/><V5/><F12/><W120/><G120/><T48/><D128/><U59/><E59/><V84/><F84/><W111/><G27/><T77/><D134/><U92/><E10/><V106/><REACH who="2" step="1"/><F70/><REACH who="2" ten="295,205,240,250" step="2"/><W3/><G87/><T2/><D15/><U26/><E26/><V135/><F135/><W25/><G13/><T127/><D127/><U85/><E85/><V51/><F51/><W132/><G132/><T105/><D48/><U75/><E75/><V7/><F7/><W54/><G72/><T33/><D0/><U122/><E122/><V43/><F43/><W45/><G42/><T82/><D41/><U1/><E1/><V109/><F109/><W14/><G111/><T34/><D2/><U80/><E80/><V99/><F99/><W123/><G3/><T55/><D96/><U78/><E78/><V23/><F23/><W73/><G79/><T11/><D22/><U129/><E129/><V53/><AGARI ba="0,1" hai="5,6,36,37,38,40,46,49,53,57,62,98,103,106" machi="53" ten="30,4000,0" yaku="1,1,0,1,53,1" doraHai="121" doraHaiUra="102" who="2" fromWho="2" sc="295,-10,205,-20,240,50,250,-10" /><INIT seed="2,0,0,2,4,24" ten="285,185,290,240" oya="2" hai0="34,52,120,68,55,59,50,130,78,98,58,63,91" hai1="13,14,97,70,23,96,17,28,20,36,115,10,89" hai2="103,1,53,62,8,47,27,107,100,18,26,108,114" hai3="6,87,74,117,29,60,94,131,69,112,0,51,82"/><V32/><F114/><W41/><G117/><T35/><D120/><U54/><E115/><V75/><F75/><W106/><G112/><T92/><D130/><U7/><E70/><V72/><F72/><W113/><G106/><T86/><D68/><U85/><E36/><V44/><F108/><W134/><G113/><T9/><D9/><U15/><E54/><V56/><F1/><W3/><G131/><T31/><D31/><U124/><E124/><V48/><F107/><W22/><G134/><T77/><REACH who="0" step="1"/><D77/><REACH who="0" ten="275,185,290,240" step="2"/><U99/><E28/><V104/><F8/><W66/><G29/><T126/><D126/><U2/><REACH who="1" step="1"/><E23/><REACH who="1" ten="275,175,290,240" step="2"/><V42/><F32/><W109/><G22/><T119/><D119/><U19/><E19/><V71/><F18/><W84/><G6/><T49/><D49/><U11/><E11/><V39/><F48/><W101/><G51/><T67/><D67/><U80/><AGARI ba="0,2" hai="2,7,10,13,14,15,17,20,80,85,89,96,97,99" machi="80" ten="30,2000,0" yaku="1,1,0,1,53,0" doraHai="24" doraHaiUra="61" who="1" fromWho="1" sc="275,-5,175,40,290,-10,240,-5" /><INIT seed="3,0,0,4,3,44" ten="270,215,280,235" oya="3" hai0="48,21,121,88,58,112,46,11,0,97,40,115,34" hai1="103,53,70,77,91,126,65,108,122,69,94,66,104" hai2="1,22,90,130,106,82,42,128,123,56,5,80,16" hai3="105,12,95,107,23,57,18,24,84,14,15,127,81"/><W92/><G127/><T117/><D117/><U17/><E122/><V36/><F106/><W116/><G116/><T61/><D121/><U28/><E126/><V31/><F123/><W98/><G105/><T134/><D34/><U38/><E38/><V132/><F132/><W101/><REACH who="3" step="1"/><G57/><REACH who="3" ten="270,215,280,225" step="2"/><T4/><D134/><U86/><E104/><V83/><F56/><W2/><G2/><T111/><D111/><U72/><E108/><V37/><F1/><W30/><G30/><T8/><D58/><U19/><E28/><V33/><F31/><W131/><G131/><T64/><D0/><U47/><E70/><V87/><F128/><W25/><G25/><T79/><D115/><U99/><E69/><V49/><F130/><W13/><N who="3" m="3072" /><DORA hai="54" /><W10/><G10/><T7/><D11/><U76/><E17/><V50/><F16/><W85/><G85/><T89/><D8/><U39/><E19/><V102/><F87/><W27/><G27/><T93/><D112/><U135/><E135/><V45/><F5/><W51/><G51/><T109/><D48/><N who="1" m="28831" /><E39/><V75/><F36/><W96/><G96/><T73/><D97/><U63/><E72/><V20/><F75/><W133/><G133/><T118/><D73/><U6/><E6/><V100/><F37/><W41/><G41/><T67/><D40/><U3/><E3/><V120/><F42/><W59/><G59/><T113/><D109/><U78/><E63/><V26/><F120/><W125/><G125/><T55/><D61/><U71/><E71/><V124/><F124/><W114/><G114/><T32/><D113/><RYUUKYOKU ba="0,1" sc="270,-15,215,15,280,-15,225,15" hai1="65,66,76,77,78,86,91,94,99,103" hai3="18,23,24,81,84,92,95,98,101,107" /><INIT seed="3,1,1,5,5,66" ten="255,230,265,240" oya="3" hai0="29,123,62,109,70,88,105,118,23,134,46,89,80" hai1="114,25,22,68,41,18,130,96,3,2,67,11,121" hai2="117,77,103,113,37,33,44,102,4,99,129,116,106" hai3="12,115,45,48,28,20,19,79,56,120,104,83,72"/><W84/><G115/><T125/><D118/><U81/><E121/><V133/><F33/><W31/><G120/><T74/><D123/><U6/><E114/><V58/><F4/><W119/><G119/><N who="2" m="45641" /><F58/><W82/><G104/><T57/><D105/><U95/><E2/><V92/><F44/><W124/><G56/><T111/><D46/><U128/><E41/><V126/><F37/><W73/><G124/><T127/><D134/><U14/><E81/><V100/><F113/><W24/><G82/><T5/><D5/><U21/><E67/><V47/><F47/><W30/><REACH who="3" step="1"/><G24/><REACH who="3" ten="255,230,265,230" step="2"/><N who="0" m="16543" /><D57/><U110/><E68/><V131/><F106/><W54/><AGARI ba="1,2" hai="12,19,20,28,30,31,45,48,54,72,73,79,83,84" machi="54" ten="30,6000,0" yaku="1,1,0,1,53,1" doraHai="66" doraHaiUra="42" who="3" fromWho="3" sc="255,-21,230,-21,265,-21,230,83" owari="234,-16.6,209,-29.1,244,4.4,313,41.3" /></mjloggm>