<mjloggm ver="2.3"><GO type="225" lobby="0"/><UN n0="%E6%B8%A1%E5%A4%A9%E8%97%8D" n1="%E6%98%93%E5%88%A9%E8%96%A9%E4%BC%AF" n2="%43%68%65" n3="%E6%A1%9C%E8%8A%B1%E9%96%83%E3%80%85" dan="16,17,16,16" rate="2069.18,2187.04,2145.41,2113.94" sx="M,F,M,M"/><TAIKYOKU oya="0"/><INIT seed="0,0,0,5,2,90" ten="250,250,250,250" oya="0" hai0="112,126,12,14,135,132,18,93,130,124,21,113,56" hai1="105,15,91,2,0,27,118,72,94,42,28,13,121" hai2="111,79,31,11,127,22,49,106,77,52,86,73,88" hai3="75,50,60,66,45,76,67,80,108,69,4,123,43"/><T3/><D56/><U26/><E105/><V47/><F106/><W16/><G108/><T64/><D64/><U61/><E118/><V32/><F32/><W51/><G123/><T38/><D38/><U46/><E72/><V23/><F73/><W122/><G122/><T117/><D3/><U41/><E61/><V1/><F111/><W102/><G4/><T78/><D78/><U35/><E27/><N who="2" m="16887" /><F1/><W8/><G102/><T71/><D71/><U65/><E65/><V68/><F68/><W57/><G67/><T36/><D36/><U115/><E115/><N who="0" m="44105" /><D93/><U131/><E131/><V99/><F99/><W89/><G69/><T63/><D63/><U125/><E125/><N who="0" m="48233" /><D117/><U54/><E0/><V97/><F97/><W81/><G51/><T19/><D130/><U96/><E2/><V34/><F127/><W92/><G76/><T109/><D109/><U59/><E121/><V53/><F34/><W119/><G75/><T116/><D116/><U9/><E46/><V103/><F103/><W44/><G44/><T114/><N who="0" m="44113" /><T98/><DORA hai="20" /><D98/><U6/><E59/><V129/><F129/><W101/><G101/><T82/><D82/><U70/><E70/><V7/><F79/><W10/><G119/><T33/><D33/><U110/><E110/><V25/><F77/><W39/><G39/><T85/><D85/><U37/><E37/><V87/><F87/><N who="3" m="52287" /><G81/><T84/><D84/><U17/><REACH who="1" step="1"/><E54/><REACH who="1" ten="250,240,250,250" step="2"/><V120/><F53/><W40/><G45/><T104/><D104/><U30/><E30/><N who="2" m="17727" /><F120/><W62/><G62/><T5/><D5/><U55/><E55/><RYUUKYOKU ba="0,1" sc="250,15,240,15,250,-15,250,-15" hai0="12,14,18,19,21,132,135" hai1="6,9,13,15,17,26,28,35,41,42,91,94,96" /><INIT seed="0,1,1,5,5,98" ten="265,255,235,235" oya="0" hai0="38,50,105,76,62,47,40,5,17,69,112,120,115" hai1="57,94,68,59,13,29,77,113,18,44,93,121,91" hai2="46,126,81,87,63,118,130,128,92,10,11,103,31" hai3="110,102,61,25,37,114,82,88,4,117,135,109,90"/><T75/><D120/><U129/><E68/><V28/><F126/><W119/><G37/><T83/><D105/><U33/><E121/><V30/><F118/><N who="3" m="45067" /><G4/><T125/><D125/><U73/><E129/><N who="2" m="49771" /><F63/><W49/><G49/><T54/><D5/><U15/><E73/><V52/><F81/><W132/><G25/><T8/><D8/><N who="2" m="3114" /><F87/><N who="3" m="50295" /><G61/><T23/><D69/><U134/><E44/><V60/><F46/><W65/><G65/><T32/><D32/><U122/><E77/><V35/><F35/><W127/><G127/><T34/><D34/><U104/><E33/><V111/><F111/><N who="3" m="42507" /><G114/><T41/><D62/><U123/><E113/><V12/><F12/><W6/><G6/><T107/><D38/><U133/><E13/><V53/><F60/><W99/><G90/><T36/><D36/><U85/><E15/><V84/><F31/><W64/><G64/><T45/><D115/><U39/><E29/><V100/><F30/><W70/><G70/><T24/><D112/><U106/><E39/><V72/><F28/><W0/><G0/><T96/><D45/><U2/><E2/><V9/><F9/><W78/><G78/><T48/><D48/><U3/><E3/><V1/><F1/><W21/><G21/><T27/><D27/><U79/><E79/><V22/><F22/><W74/><G74/><T26/><D26/><U58/><E91/><N who="2" m="53351" /><F72/><W86/><G86/><T97/><D40/><U89/><E59/><V51/><F51/><W56/><G56/><T14/><D41/><U124/><E124/><V101/><AGARI ba="1,1" hai="52,53,100,101,103" m="53351,3114,49771" machi="101" ten="40,8000,1" yaku="19,1,52,3,54,1" doraHai="98" who="2" fromWho="2" sc="265,-41,255,-21,235,93,235,-21" /><INIT seed="1,0,0,0,3,127" ten="224,234,328,214" oya="1" hai0="55,121,26,103,119,57,6,4,42,123,17,93,41" hai1="72,135,96,10,77,58,63,101,25,7,38,86,89" hai2="18,37,130,105,62,30,91,59,100,5,98,69,48" hai3="120,16,107,45,112,39,29,24,49,14,23,64,70"/><U2/><E135/><V66/><F37/><W131/><G120/><N who="0" m="46155" /><D119/><U109/><E109/><V67/><F5/><N who="0" m="2154" /><D103/><U61/><E38/><V33/><F18/><W13/><G112/><T85/><D93/><U106/><E25/><N who="2" m="18639" /><F67/><W125/><G131/><T128/><D128/><U12/><E2/><V47/><F59/><W132/><G125/><T43/><D85/><U134/><E134/><V9/><F9/><W52/><G132/><T88/><D88/><U56/><E58/><V53/><F91/><W90/><G107/><T126/><D126/><U36/><E36/><V65/><F65/><W19/><G39/><T22/><D41/><U108/><E108/><V110/><F110/><W79/><G79/><T116/><D116/><U104/><E104/><V114/><F130/><W34/><G90/><T1/><D1/><U102/><E102/><V87/><F87/><W115/><G115/><AGARI ba="0,0" hai="47,48,53,62,66,69,98,100,105,114,115" m="18639" machi="115" ten="30,1000,0" yaku="25,1" doraHai="127" who="2" fromWho="3" sc="224,0,234,0,328,10,214,-10" /><INIT seed="2,0,0,2,1,2" ten="224,234,338,204" oya="2" hai0="77,72,101,95,115,66,37,120,25,55,47,128,52" hai1="88,122,105,129,121,111,68,131,29,134,100,107,12" hai2="64,53,32,39,30,113,116,15,125,92,21,9,85" hai3="36,7,42,81,112,117,61,22,0,34,16,3,56"/><V4/><F113/><W76/><G117/><T40/><D115/><U38/><E68/><V86/><F116/><W74/><G112/><T106/><D120/><N who="1" m="46187" /><E38/><V24/><F39/><W87/><G34/><T108/><D108/><U6/><E29/><V98/><F125/><W132/><G132/><T70/><D128/><N who="1" m="49227" /><E111/><V91/><F32/><W8/><G0/><T28/><D106/><U82/><E100/><V78/><F78/><W80/><G42/><T126/><D126/><U79/><E134/><V83/><F83/><W14/><G36/><T19/><D19/><U93/><E12/><V51/><REACH who="2" step="1"/><F64/><REACH who="2" ten="224,234,328,204" step="2"/><W62/><G56/><AGARI ba="0,1" hai="4,9,15,21,24,30,51,53,56,85,86,91,92,98" machi="56" ten="30,18000,2" yaku="1,1,2,1,7,1,8,1,52,1,53,1" doraHai="2" doraHaiUra="17" who="2" fromWho="3" sc="224,0,234,0,328,190,204,-180" /><INIT seed="2,1,0,3,5,123" ten="224,234,518,24" oya="2" hai0="72,49,31,112,133,69,86,32,64,42,51,47,95" hai1="108,55,94,115,9,22,75,29,78,10,134,71,30" hai2="26,89,33,101,88,43,8,67,90,59,73,79,85" hai3="35,127,23,18,70,124,113,20,24,37,19,56,128"/><V122/><F122/><W98/><G70/><T34/><D72/><U120/><E71/><V105/><F43/><W74/><G74/><T21/><D112/><U96/><E115/><V83/><F8/><W92/><G37/><T99/><D133/><U91/><E134/><V45/><F45/><W5/><G113/><T131/><D131/><U11/><E108/><V80/><F67/><W46/><G46/><T27/><D86/><U68/><E68/><V48/><F48/><W114/><G114/><T117/><D117/><U53/><E120/><V84/><F59/><W87/><G87/><T4/><D4/><U61/><E22/><V102/><F26/><W17/><G56/><T119/><D119/><U25/><E25/><V16/><F16/><W125/><G128/><T38/><D49/><U109/><E109/><V103/><F33/><W41/><G41/><T28/><D28/><U97/><E97/><N who="2" m="61615" /><F90/><W65/><G65/><T132/><D132/><U6/><E6/><V13/><F13/><W107/><G107/><T7/><D7/><U66/><E55/><V1/><F1/><W50/><G50/><T135/><D51/><U12/><E12/><V76/><F76/><W2/><G92/><AGARI ba="1,0" hai="73,79,80,83,84,85,88,89,92,102,103" m="61615" machi="92" ten="30,18000,2" yaku="24,1,35,5,54,1" doraHai="123" who="2" fromWho="3" sc="224,0,234,0,518,183,24,-183" owari="224,-17.6,234,3.4,701,80.1,-159,-65.9" /></mjloggm>