<mjloggm ver="2.3"><GO type="225" lobby="0"/><UN n0="%E3%83%96%E3%83%83%E3%83%91%E3%82%AA%E3%83%96%E3%83%81%E3%82%AD%E3%83%B3" n1="%E3%82%A4%E3%83%BC%E3%82%B1%E3%83%97%E3%83%A9" n2="%E3%81%A0%E3%81%8A" n3="%E3%81%BD%E3%81%A1%E3%81%9F%E3%81%93%E3%82%84" dan="16,16,17,17" rate="2153.06,2142.79,2069.11,2150.47" sx="M,M,M,M"/><TAIKYOKU oya="0"/><INIT seed="0,0,0,2,2,68" ten="250,250,250,250" oya="0" hai0="104,115,51,62,18,65,54,45,66,105,70,25,56" hai1="40,60,77,135,88,53,89,42,49,120,92,119,57" hai2="78,80,106,131,15,102,100,13,10,47,75,127,96" hai3="21,122,5,118,103,130,63,126,117,52,27,32,30"/><T20/><D115/><U7/><E119/><V11/><F127/><W37/><G126/><T64/><REACH who="0" step="1"/><D70/><REACH who="0" ten="240,250,250,250" step="2"/><U50/><E120/><V41/><F131/><W61/><G130/><T108/><D108/><U74/><E135/><V116/><F116/><W110/><G110/><T76/><D76/><U19/><E77/><V1/><F102/><W29/><G122/><T43/><AGARI ba="0,1" hai="18,20,25,43,45,51,54,56,62,64,65,66,104,105" machi="43" ten="30,3000,0" yaku="1,1,0,1,53,0" doraHai="68" doraHaiUra="28" who="0" fromWho="0" sc="240,40,250,-10,250,-10,250,-10" /><INIT seed="0,1,0,2,2,24" ten="280,240,240,240" oya="0" hai0="122,43,17,40,70,48,131,59,91,114,11,31,73" hai1="84,104,57,55,116,53,7,29,16,89,46,13,111" hai2="134,135,63,9,64,36,58,81,100,42,18,85,15" hai3="3,30,130,102,23,71,45,49,67,12,61,96,52"/><T22/><D114/><U19/><E116/><V35/><F35/><W60/><G130/><T106/><D122/><U34/><E104/><V33/><F33/><W68/><G3/><T76/><D70/><U20/><E111/><V32/><F32/><W78/><G78/><T39/><D106/><U119/><E119/><V90/><REACH who="2" step="1"/><F100/><REACH who="2" ten="280,240,230,240" step="2"/><W37/><G37/><T123/><D123/><U1/><E34/><V66/><F66/><W51/><G67/><T129/><D39/><U21/><E1/><V86/><F86/><W108/><G108/><T8/><D131/><U44/><E7/><V98/><F98/><W54/><G71/><T10/><D129/><U127/><E127/><V6/><F6/><W26/><G68/><T0/><D0/><U101/><E101/><V126/><F126/><W77/><G77/><T47/><D76/><U121/><E121/><V93/><F93/><N who="3" m="58639" /><G12/><T94/><D73/><U117/><E117/><V132/><F132/><W65/><G65/><T124/><D124/><U125/><E125/><V103/><F103/><W113/><G113/><T83/><D94/><U75/><E75/><V69/><F69/><W56/><AGARI ba="1,1" hai="23,26,30,45,49,51,52,54,56,60,61" m="58639" machi="56" ten="30,4000,0" yaku="8,1,52,1,54,1" doraHai="24" who="3" fromWho="3" sc="280,-21,240,-11,230,-11,240,53" /><INIT seed="1,0,0,0,3,123" ten="259,229,219,293" oya="1" hai0="114,41,10,99,24,116,79,106,83,112,61,31,62" hai1="125,28,110,85,132,118,131,0,29,57,40,37,16" hai2="25,84,19,104,58,86,46,9,22,102,67,59,20" hai3="36,127,75,117,134,101,4,47,107,42,120,2,128"/><U8/><E118/><V33/><F33/><W52/><RYUUKYOKU type="yao9" ba="0,0" sc="259,0,229,0,219,0,293,0" hai3="2,4,36,42,47,52,75,101,107,117,120,127,128,134" /><INIT seed="1,1,0,0,4,116" ten="259,229,219,293" oya="1" hai0="36,102,46,114,21,105,103,33,120,18,93,44,94" hai1="76,107,25,24,113,119,51,49,133,55,90,40,23" hai2="13,63,22,56,8,83,131,88,45,134,34,101,78" hai3="0,96,87,5,57,77,39,43,7,27,95,50,126"/><U69/><E119/><V128/><F34/><W110/><G110/><T135/><D114/><U37/><E113/><V108/><F108/><W61/><G126/><T28/><D135/><U68/><E107/><V98/><F134/><W15/><G0/><T35/><D105/><U84/><E133/><V52/><F22/><W89/><G39/><T99/><D28/><U85/><E37/><V100/><F45/><N who="3" m="25919" /><G27/><T130/><D36/><U81/><E40/><V38/><F38/><W17/><G87/><T127/><D127/><U132/><E132/><V79/><F128/><W75/><G77/><N who="2" m="29193" /><F131/><W58/><G75/><T91/><D130/><U125/><E51/><V109/><F109/><W122/><G122/><T62/><D62/><U59/><E125/><V92/><F83/><W117/><G57/><T104/><D104/><U71/><REACH who="1" step="1"/><E23/><REACH who="1" ten="259,219,219,293" step="2"/><V121/><F121/><W2/><G117/><T11/><D21/><U111/><E111/><V66/><F66/><N who="3" m="39223" /><G2/><T72/><D120/><U64/><E64/><V29/><F29/><W32/><G32/><T73/><D35/><U70/><N who="1" m="17408" /><DORA hai="12" /><U14/><E14/><V26/><F26/><W74/><G74/><T31/><D72/><U6/><E6/><AGARI ba="1,1" hai="6,8,13,52,56,63,88,92,98,100,101" m="29193" machi="6" ten="30,3900,0" yaku="8,1,54,2" doraHai="116,12" who="2" fromWho="1" sc="259,0,219,-42,219,52,293,0" /><INIT seed="2,0,0,3,1,9" ten="259,177,271,293" oya="2" hai0="92,22,78,135,109,84,32,43,112,93,30,73,59" hai1="106,117,35,20,67,44,45,31,83,128,16,55,71" hai2="133,111,11,127,108,121,52,119,2,95,76,24,34" hai3="98,51,40,57,91,79,116,132,114,54,29,105,124"/><V85/><F119/><W17/><G116/><T80/><D112/><U61/><E128/><V37/><F121/><W36/><G114/><T7/><D109/><N who="2" m="42058" /><F37/><W99/><G132/><T0/><D135/><U56/><E117/><V58/><F133/><W10/><G79/><T27/><D43/><U94/><E106/><V77/><F127/><W72/><G72/><T48/><D73/><U123/><E123/><V70/><F70/><W101/><G29/><T21/><D0/><U50/><E83/><V66/><F66/><W75/><G75/><T19/><D7/><U60/><E94/><V110/><F24/><W126/><G98/><T13/><REACH who="0" step="1"/><D32/><REACH who="0" ten="249,177,271,293" step="2"/><U39/><E39/><V1/><F34/><W49/><G36/><T3/><D3/><U125/><E125/><V41/><F41/><W62/><G40/><T113/><D113/><U104/><E104/><V107/><F1/><W5/><G124/><T89/><D89/><U86/><E35/><V130/><F107/><W53/><G126/><T33/><D33/><U82/><E31/><V26/><F110/><W47/><G91/><T87/><D87/><U46/><E86/><V90/><F2/><N who="3" m="311" /><G17/><T120/><D120/><U6/><E6/><V25/><F90/><W103/><G103/><T14/><D14/><U18/><E18/><V8/><F85/><W81/><G101/><T118/><D118/><U131/><E131/><V65/><F25/><W69/><G105/><T68/><D68/><U74/><E74/><V38/><F26/><W23/><G69/><T97/><D97/><U88/><E71/><V12/><F38/><RYUUKYOKU ba="0,1" sc="249,30,177,-10,271,-10,293,-10" hai0="13,19,21,22,27,30,48,59,78,80,84,92,93" /><INIT seed="3,1,1,1,1,74" ten="279,167,261,283" oya="3" hai0="101,39,56,10,19,17,92,40,24,89,107,90,134" hai1="62,26,2,77,127,73,66,122,46,70,118,133,131" hai2="129,103,34,84,99,11,110,28,82,95,87,105,120" hai3="83,91,116,7,55,27,115,128,1,44,93,47,38"/><W49/><G115/><T51/><D134/><U16/><E122/><V111/><F120/><W23/><G116/><T4/><D107/><U48/><E2/><V86/><F11/><W75/><G128/><T37/><D37/><U5/><E133/><V36/><F36/><W58/><G1/><T123/><D39/><U71/><E131/><V96/><F129/><W8/><G38/><T114/><D114/><U104/><E104/><V35/><F28/><W112/><G112/><T60/><D123/><U6/><E71/><V29/><F29/><W53/><G75/><T31/><D101/><U94/><E127/><V63/><F63/><W54/><G83/><T25/><D89/><U119/><E94/><V80/><F34/><W76/><G76/><T78/><D78/><U20/><E77/><V41/><F41/><N who="3" m="24719" /><G47/><N who="0" m="26087" /><D10/><U12/><E73/><V30/><F30/><N who="3" m="17791" /><G8/><T42/><D42/><N who="1" m="24663" /><E26/><N who="0" m="10345" /><D31/><U9/><E9/><V135/><F35/><W33/><G33/><T108/><D108/><N who="2" m="41514" /><F135/><W109/><G109/><T18/><D4/><U43/><E43/><V124/><F124/><W59/><G7/><T0/><D0/><U130/><E130/><V98/><F98/><AGARI ba="1,1" hai="53,54,55,58,59,91,93,98" m="17791,24719" machi="98" ten="30,1500,0" yaku="8,1" doraHai="74" who="3" fromWho="2" sc="279,0,167,0,261,-18,283,28" owari="279,7.9,167,-33.3,243,-15.7,311,41.1" /></mjloggm>