<mjloggm ver="2.3"><GO type="225" lobby="0"/><UN n0="%72%69%6F%75%63%68%61%6E" n1="%E3%80%93%E3%81%97%E3%83%BC%E3%82%89%E3%80%93" n2="%E6%98%93%E5%88%A9%E8%96%A9%E4%BC%AF" n3="%E4%BF%BA%E3%81%A8%E5%A6%96%E5%A4%A2" dan="16,16,17,16" rate="2096.42,2209.32,2169.07,2208.29" sx="M,M,F,F"/><TAIKYOKU oya="0"/><INIT seed="0,0,0,0,4,20" ten="250,250,250,250" oya="0" hai0="4,9,93,101,94,61,34,107,48,110,82,95,85" hai1="32,109,8,90,35,15,74,134,5,132,40,24,46" hai2="67,62,124,113,23,1,131,0,31,125,7,103,123" hai3="2,130,30,86,19,3,66,100,112,83,14,106,16"/><T64/><D110/><U18/><E74/><V68/><F123/><W70/><G112/><T115/><D115/><U55/><E55/><V114/><F103/><W33/><G130/><T53/><D34/><N who="1" m="12843" /><E90/><V129/><F23/><W118/><G118/><T45/><D107/><U56/><E56/><V43/><F31/><W99/><G19/><T60/><D101/><U81/><E81/><V57/><F43/><W91/><G30/><T17/><D17/><U119/><E46/><V121/><F121/><W89/><G33/><T127/><D127/><N who="2" m="48714" /><F1/><W102/><G102/><T120/><D120/><U87/><E87/><V28/><F28/><W51/><G51/><T128/><D128/><N who="2" m="49226" /><F57/><W10/><REACH who="3" step="1"/><G89/><REACH who="3" ten="250,250,250,240" step="2"/><T126/><D126/><U88/><E88/><V77/><F77/><W117/><G117/><T58/><D60/><AGARI ba="0,1" hai="2,3,10,14,16,60,66,70,83,86,91,99,100,106" machi="60" ten="40,2600,0" yaku="1,1,54,1,53,0" doraHai="20" doraHaiUra="104" who="3" fromWho="0" sc="250,-26,250,0,250,0,240,36" /><INIT seed="1,0,0,2,2,96" ten="224,250,250,276" oya="1" hai0="58,122,88,24,84,115,26,112,37,53,123,1,40" hai1="90,49,39,55,99,10,41,72,103,98,11,21,3" hai2="33,43,35,61,54,133,29,50,95,17,45,76,65" hai3="102,85,14,108,106,92,110,80,34,4,64,125,116"/><U42/><E72/><V52/><F133/><W101/><G34/><T31/><D1/><U70/><E70/><V2/><F2/><W44/><G106/><T126/><D126/><U97/><E39/><V104/><F104/><W100/><G125/><T66/><D66/><U48/><E3/><V13/><F76/><W81/><G64/><T59/><D40/><N who="1" m="15467" /><E90/><V9/><F95/><W91/><G44/><T30/><D37/><U71/><E71/><V36/><F29/><N who="0" m="10762" /><D24/><U113/><E113/><N who="0" m="43593" /><D26/><U109/><E109/><N who="3" m="42090" /><G116/><T79/><D79/><U47/><E21/><V132/><F132/><W20/><G20/><T73/><D73/><U23/><E23/><V127/><F127/><W6/><G6/><T22/><D22/><U118/><E118/><V131/><F131/><W5/><G5/><T129/><D129/><U124/><E124/><V86/><F86/><W28/><G28/><T135/><D135/><U134/><E134/><V114/><F114/><W8/><AGARI ba="0,0" hai="4,8,14,80,81,85,91,92,100,101,102" m="42090" machi="8" ten="40,8000,1" yaku="14,1,52,3" doraHai="96" who="3" fromWho="3" sc="224,-20,250,-40,250,-20,276,80" /><INIT seed="2,0,0,1,0,118" ten="204,210,230,356" oya="2" hai0="2,76,40,110,130,28,107,112,67,39,51,65,3" hai1="62,80,63,72,79,99,94,88,32,30,7,29,129" hai2="113,8,117,44,27,54,38,53,58,90,114,74,83" hai3="115,36,35,42,5,135,109,59,124,106,15,18,45"/><V48/><F117/><W121/><G106/><T108/><D112/><U105/><E129/><V11/><F27/><W78/><G35/><T46/><D130/><U119/><E119/><V96/><F38/><W49/><G115/><T14/><D107/><U134/><E134/><V95/><F74/><W104/><G104/><T64/><D76/><U69/><E7/><V17/><F83/><W92/><G5/><T68/><D68/><U43/><E43/><V122/><F122/><W71/><G71/><T120/><D120/><U102/><E32/><V23/><F114/><W6/><G6/><T87/><D87/><N who="1" m="52511" /><E69/><V131/><F131/><W20/><G135/><T16/><D28/><AGARI ba="0,0" hai="28,29,30,62,63,72,79,80,99,102,105" m="52511" machi="28" ten="30,2000,0" yaku="24,1,54,1" doraHai="118" who="1" fromWho="0" sc="204,-20,210,20,230,0,356,0" /><INIT seed="3,0,0,0,3,27" ten="184,230,230,356" oya="3" hai0="3,67,117,71,43,85,118,25,115,79,124,101,95" hai1="53,88,46,22,29,133,10,20,87,104,70,41,9" hai2="108,31,59,92,77,98,4,36,131,129,32,121,83" hai3="97,37,63,127,34,33,19,120,116,62,74,128,105"/><W30/><G116/><T130/><D3/><U78/><E70/><V112/><F112/><W68/><G120/><T24/><D115/><U76/><E104/><V40/><F108/><W11/><G74/><T52/><D124/><U16/><E133/><V26/><F4/><W102/><G37/><T69/><D130/><N who="2" m="49674" /><F121/><W54/><G128/><T44/><D118/><U38/><E76/><V103/><F59/><W45/><G127/><T72/><D117/><U13/><E78/><V48/><F48/><W96/><G96/><T42/><D72/><U2/><E53/><V134/><F134/><W119/><G119/><T28/><D24/><U99/><E99/><V100/><F100/><W7/><G19/><T109/><D109/><U14/><E2/><V122/><F122/><W132/><G132/><T90/><D79/><U57/><E57/><V73/><F40/><W81/><G81/><T1/><D1/><U12/><E12/><V0/><F0/><W126/><G62/><T50/><D101/><U21/><E21/><V35/><F36/><W58/><G126/><T94/><D94/><U82/><E29/><V107/><F35/><W84/><G34/><T5/><D5/><AGARI ba="0,0" hai="5,9,10,13,14,16,20,22,38,41,46,82,87,88" machi="5" ten="30,3900,0" yaku="7,1,54,2" doraHai="27" who="1" fromWho="0" sc="184,-39,230,39,230,0,356,0" owari="145,-35.5,269,6.9,230,-17.0,356,45.6" /></mjloggm>