<mjloggm ver="2.3"><GO type="225" lobby="0"/><UN n0="%72%61%6B%33" n1="%E3%81%A4%E3%81%A3%E3%81%B1%E3%82%8A%E3%83%9D%E3%83%BC%E3%83%AB" n2="%E8%81%B7%E6%A5%AD%E3%80%81%E9%A2%A8%32" n3="%72%65%6E%6B%75%6E" dan="16,17,16,17" rate="2081.68,2172.83,2151.35,2215.57" sx="M,M,M,M"/><TAIKYOKU oya="0"/><INIT seed="0,0,0,2,2,103" ten="250,250,250,250" oya="0" hai0="102,42,3,77,110,54,104,123,35,64,67,118,62" hai1="135,48,90,81,93,26,57,50,69,89,32,125,2" hai2="85,13,27,12,117,30,55,100,129,75,126,9,83" hai3="73,7,101,28,31,63,44,91,53,15,66,11,107"/><T21/><D35/><U17/><E69/><V120/><F120/><W33/><G73/><T10/><D123/><U34/><E135/><V60/><F126/><W97/><G91/><T79/><D118/><U80/><E2/><V78/><F117/><W14/><G14/><T74/><D42/><U88/><E125/><V130/><F100/><W4/><G4/><T109/><D21/><N who="1" m="13615" /><E32/><V45/><F75/><W116/><G116/><T41/><D41/><U70/><E70/><V61/><F13/><W37/><G33/><T40/><D40/><U113/><E34/><V134/><F134/><W38/><G53/><T1/><D54/><N who="1" m="31943" /><E113/><V72/><F72/><W132/><G132/><T29/><D29/><U105/><E105/><V86/><F30/><W127/><G127/><T36/><D36/><U96/><E50/><N who="2" m="29135" /><F27/><W51/><G51/><T43/><D43/><U98/><E98/><V46/><F46/><W122/><G122/><T5/><D3/><U65/><E65/><V115/><F115/><W22/><G44/><T92/><D104/><U39/><E39/><V111/><F60/><W59/><REACH who="3" step="1"/><G28/><REACH who="3" ten="250,250,250,240" step="2"/><T76/><D74/><U82/><AGARI ba="0,1" hai="80,81,82,88,89,90,93,96" m="31943,13615" machi="82" ten="30,2000,0" yaku="8,1,54,1" doraHai="103" who="1" fromWho="1" sc="250,-10,250,30,250,-5,240,-5" /><INIT seed="1,0,0,3,2,46" ten="240,280,245,235" oya="1" hai0="67,40,65,8,80,52,120,70,66,31,122,116,90" hai1="64,110,95,59,111,133,76,25,115,88,78,126,35" hai2="23,12,103,85,113,29,107,38,134,105,42,89,56" hai3="57,100,18,1,109,17,61,68,128,32,71,69,63"/><U87/><E115/><V60/><F134/><W118/><G1/><T19/><D116/><U101/><E133/><V98/><F113/><W73/><G73/><T2/><D40/><U11/><E126/><V91/><F107/><W21/><G32/><T117/><D117/><U84/><E101/><V39/><F42/><W44/><G118/><T96/><D31/><N who="1" m="19951" /><E11/><V14/><F91/><W53/><G100/><T28/><D28/><U45/><E45/><V48/><F14/><W13/><G128/><T49/><D70/><U51/><E87/><V93/><F29/><W24/><G44/><N who="0" m="27687" /><D96/><U125/><E125/><V74/><F74/><W112/><G112/><T81/><D2/><U104/><E104/><V94/><F105/><W82/><G82/><T41/><D41/><U0/><E0/><V9/><F23/><W130/><G130/><T72/><D72/><U6/><E6/><V123/><F123/><N who="0" m="47146" /><D90/><U15/><E88/><V20/><F39/><W92/><G69/><T97/><D97/><U33/><E33/><V102/><F38/><W132/><G71/><T108/><D108/><U7/><E111/><V43/><F102/><W26/><G109/><T4/><D4/><U106/><E7/><V50/><F43/><W119/><G119/><T16/><D8/><U79/><E110/><V37/><F37/><W36/><G36/><T22/><D19/><U99/><E99/><V47/><F47/><W75/><G75/><T127/><D127/><U62/><E106/><V129/><F9/><N who="3" m="6319" /><G132/><T10/><D10/><U54/><E79/><V77/><F77/><W27/><G92/><RYUUKYOKU ba="0,0" sc="240,15,280,-15,245,-15,235,15" hai0="16,22,65,66,67,80,81" hai3="18,21,24,26,27,53,57,61,63,68" /><INIT seed="2,1,0,1,2,45" ten="255,265,230,250" oya="2" hai0="99,85,50,104,16,12,122,9,80,100,24,42,37" hai1="120,97,61,87,124,114,96,125,74,31,84,71,15" hai2="53,121,93,132,5,95,20,90,22,92,129,41,102" hai3="25,21,33,34,0,106,23,83,49,118,115,88,2"/><V109/><F121/><W77/><G106/><T78/><D122/><U47/><E74/><V51/><F129/><W1/><G118/><T55/><D37/><U105/><E120/><V91/><F132/><W86/><G115/><T134/><D134/><U26/><E114/><V35/><F35/><W65/><G65/><T19/><D42/><U29/><E15/><V62/><F109/><W44/><G77/><T63/><D63/><U58/><E47/><N who="2" m="26095" /><F102/><W59/><G59/><T135/><D135/><U10/><E71/><V66/><F66/><W36/><G36/><T117/><D117/><U40/><E40/><V17/><F5/><W112/><G112/><T6/><D24/><U101/><E101/><V107/><F107/><W27/><G23/><N who="2" m="8745" /><F17/><W116/><G116/><T79/><D79/><U110/><E105/><V127/><F127/><W32/><REACH who="3" step="1"/><G21/><REACH who="3" ten="255,265,230,240" step="2"/><T8/><D8/><U13/><E124/><V68/><F68/><W72/><G72/><T89/><D78/><U113/><E125/><V48/><F62/><W28/><G28/><T73/><D73/><U54/><E31/><V82/><F82/><W94/><G94/><T119/><D119/><U3/><E113/><V98/><F98/><W126/><G126/><T46/><AGARI ba="1,1" hai="6,9,12,16,19,46,50,55,80,85,89,99,100,104" machi="46" ten="20,5200,0" yaku="0,1,7,1,52,1,54,1" doraHai="45" who="0" fromWho="0" sc="255,65,265,-14,230,-27,240,-14" /><INIT seed="3,0,0,1,2,44" ten="320,251,203,226" oya="3" hai0="114,64,133,23,18,73,69,129,91,88,53,71,36" hai1="1,12,4,135,132,17,115,55,76,109,61,5,131" hai2="68,85,125,63,67,45,86,124,7,31,59,106,101" hai3="70,79,113,51,40,89,6,62,108,98,28,118,92"/><W52/><G113/><T75/><D36/><U60/><E115/><V82/><F7/><N who="1" m="2633" /><E1/><V116/><F116/><W94/><G118/><T119/><D64/><U65/><E109/><V16/><F31/><W104/><G104/><T57/><D57/><U77/><E55/><V107/><F68/><W30/><G108/><T38/><D23/><N who="1" m="11687" /><E131/><V43/><F86/><N who="3" m="52279" /><G79/><N who="1" m="30282" /><E65/><V39/><F101/><N who="3" m="60631" /><G6/><T47/><D38/><U34/><E34/><V122/><F122/><W99/><G70/><T110/><D110/><U95/><E95/><V50/><F39/><W58/><G99/><T2/><D2/><U80/><E80/><V42/><F42/><W19/><G19/><T56/><D18/><U127/><E127/><N who="2" m="48715" /><F16/><W84/><G84/><T8/><D114/><U83/><E83/><V54/><F43/><W105/><G105/><N who="2" m="39945" /><F82/><W0/><G0/><T112/><D112/><U120/><E120/><V27/><F85/><W121/><G121/><T3/><D69/><U66/><E66/><V10/><F10/><W20/><G20/><T123/><D8/><U117/><E117/><V130/><F130/><W78/><G78/><T97/><D129/><U15/><E15/><V9/><F9/><W14/><G14/><T90/><D119/><U103/><E103/><V100/><F100/><W11/><G11/><T48/><D3/><U21/><E21/><V37/><F37/><W96/><G96/><T74/><D71/><U81/><E81/><V134/><F27/><W72/><G72/><N who="0" m="27755" /><D123/><U93/><E93/><V29/><F29/><N who="3" m="11371" /><G40/><N who="0" m="24679" /><D75/><U35/><E35/><V22/><F22/><W24/><G24/><RYUUKYOKU ba="0,0" sc="320,-30,251,10,203,10,226,10" hai1="60,61,132,135" hai2="45,50,54,59,63,67,134" hai3="51,52,58,62" /><INIT seed="3,1,0,1,1,18" ten="290,261,213,236" oya="3" hai0="90,122,65,108,96,82,77,127,7,47,28,76,97" hai1="89,79,52,38,41,88,25,8,93,37,66,54,87" hai2="78,86,117,13,19,30,105,104,70,48,34,33,102" hai3="83,11,16,60,107,0,9,24,124,17,5,112,32"/><W31/><G107/><T118/><D118/><U120/><E120/><V91/><F117/><W67/><G112/><T55/><D122/><U53/><E79/><N who="0" m="30281" /><D108/><U116/><E116/><V135/><F70/><W109/><G109/><T106/><D106/><U73/><E73/><V129/><F105/><W62/><G124/><T94/><D127/><U64/><E25/><V26/><F34/><W39/><G39/><T130/><D130/><U23/><E23/><V56/><F78/><W115/><G115/><T81/><D65/><U75/><E75/><V44/><F129/><W92/><G83/><N who="0" m="31755" /><D7/><U2/><E89/><V61/><F135/><W3/><G92/><T35/><D35/><U27/><E27/><V42/><F104/><W74/><G74/><T98/><D28/><U29/><E29/><V21/><F102/><W71/><G62/><T123/><D123/><U134/><E134/><V126/><F126/><W40/><G40/><T6/><D6/><AGARI ba="1,0" hai="0,3,5,6,9,11,16,17,24,31,32,60,67,71" machi="6" ten="40,3900,0" yaku="9,1,54,1" doraHai="18" who="3" fromWho="0" sc="290,-42,261,0,213,0,236,42" /><INIT seed="3,2,0,0,3,95" ten="248,261,213,278" oya="3" hai0="124,14,46,87,33,5,118,32,122,96,86,22,117" hai1="23,47,104,38,45,58,49,130,82,55,12,113,69" hai2="108,90,31,91,112,119,94,65,7,127,70,44,109" hai3="8,103,114,17,19,131,30,36,42,102,61,53,2"/><W34/><G114/><T28/><D122/><U62/><E104/><V115/><F119/><W75/><G75/><T37/><D5/><U110/><E113/><N who="2" m="43595" /><F127/><W64/><G53/><T123/><D123/><U129/><E110/><N who="2" m="42603" /><F7/><W16/><G131/><N who="1" m="50186" /><E82/><V125/><F125/><W134/><G134/><T59/><D124/><U13/><E23/><V41/><F31/><W88/><G42/><T101/><D22/><U79/><E79/><V9/><F9/><W120/><G36/><T126/><D28/><U48/><E38/><N who="2" m="21559" /><F94/><W35/><G120/><T121/><D121/><U18/><E18/><V83/><F83/><W60/><G8/><T26/><D126/><U52/><E69/><V27/><F27/><W21/><G2/><T40/><D26/><U72/><E72/><V81/><F81/><W66/><G30/><T100/><D118/><U1/><E1/><V78/><F78/><W77/><G77/><T3/><D3/><U6/><E6/><V39/><F39/><W85/><G21/><T74/><D74/><U93/><E93/><V133/><F133/><W63/><G34/><T20/><D117/><U71/><E71/><V25/><F25/><W54/><G35/><T57/><D32/><U80/><E80/><V15/><F15/><W128/><G128/><T43/><D33/><U92/><E92/><V135/><F135/><W76/><G76/><T97/><D14/><U106/><E106/><V132/><F132/><W56/><G19/><T24/><D37/><U67/><AGARI ba="2,0" hai="12,13,45,47,48,49,52,55,58,62,67" m="50186" machi="67" ten="30,2000,0" yaku="19,1,54,1" doraHai="95" who="1" fromWho="1" sc="248,-7,261,26,213,-7,278,-12" /><INIT seed="4,0,0,3,1,0" ten="241,287,206,266" oya="0" hai0="72,95,75,91,24,114,64,109,12,92,132,40,36" hai1="119,53,102,15,31,134,46,73,32,112,80,67,58" hai2="89,127,29,9,130,123,61,20,27,49,106,21,77" hai3="84,56,28,126,74,69,83,125,16,35,79,47,45"/><T65/><D114/><U115/><E119/><V88/><F123/><W120/><G69/><T96/><D132/><U66/><E134/><V55/><F106/><W82/><G120/><T43/><D109/><U38/><E102/><V85/><F127/><N who="3" m="48651" /><G56/><T70/><D24/><N who="1" m="18535" /><E15/><V10/><F130/><W62/><G62/><T99/><D12/><U26/><E26/><N who="2" m="16583" /><F61/><W108/><G108/><T90/><REACH who="0" step="1"/><D70/><REACH who="0" ten="231,287,206,266" step="2"/><U117/><E115/><V121/><F121/><W68/><G68/><T60/><D60/><U63/><E63/><V51/><F27/><N who="3" m="18847" /><G16/><T87/><D87/><U71/><E112/><V18/><F85/><W101/><G101/><T54/><D54/><U113/><E53/><V133/><F55/><W30/><G30/><T100/><D100/><U93/><E113/><V110/><F110/><W103/><G103/><T116/><D116/><U122/><E117/><V39/><F133/><W41/><G41/><T19/><D19/><U124/><E71/><V37/><F18/><W17/><G17/><T52/><D52/><U98/><E124/><V4/><F4/><W8/><G8/><T3/><D3/><U129/><E122/><V44/><F10/><W104/><G104/><T97/><D97/><U23/><E98/><V2/><F9/><W25/><G25/><T50/><D50/><U42/><E42/><V5/><F51/><W34/><G34/><T57/><D57/><U131/><E58/><V81/><F49/><W118/><G118/><T107/><D107/><U59/><E131/><V86/><F5/><W48/><G48/><T13/><D13/><U135/><E129/><RYUUKYOKU ba="0,1" sc="231,15,287,-15,206,-15,266,15" hai0="36,40,43,64,65,72,75,90,91,92,95,96,99" hai3="45,47,74,79,82,83,84" /><INIT seed="4,1,1,4,0,71" ten="246,272,191,281" oya="0" hai0="11,40,104,132,135,85,29,82,119,115,17,81,89" hai1="6,75,130,30,26,128,20,105,9,122,79,106,34" hai2="59,73,78,62,54,25,61,68,12,97,51,58,23" hai3="32,21,117,76,102,66,50,112,56,103,2,48,118"/><T96/><D119/><U3/><E122/><V121/><F121/><W67/><G32/><T70/><D70/><U7/><E7/><V64/><F73/><W116/><G2/><T92/><D29/><U109/><E109/><V49/><F78/><W87/><G112/><T42/><D115/><U114/><E114/><V19/><F68/><W127/><G21/><T57/><D104/><N who="1" m="40043" /><E20/><V14/><F97/><W120/><G87/><T4/><D17/><U123/><E123/><V41/><F41/><W110/><G76/><T88/><D57/><U27/><E27/><V43/><F43/><W33/><G33/><T35/><D35/><U90/><E90/><V86/><F86/><W83/><G83/><AGARI ba="1,1" hai="3,6,9,26,30,34,75,79,83,128,130" m="40043" machi="83" ten="30,1000,0" yaku="23,1" doraHai="71" who="1" fromWho="3" sc="246,0,272,23,191,0,281,-13" /><INIT seed="5,0,0,4,5,33" ten="246,295,191,268" oya="1" hai0="89,90,52,56,91,8,103,7,49,84,109,114,134" hai1="15,60,65,38,27,26,74,86,117,22,54,53,135" hai2="31,40,0,47,104,76,78,110,119,127,20,10,73" hai3="55,105,96,77,112,113,14,5,25,19,34,39,16"/><U85/><E74/><V80/><F78/><W9/><G39/><T83/><D109/><U122/><E38/><N who="2" m="21911" /><F110/><W129/><G129/><T87/><D114/><N who="3" m="44137" /><G77/><T63/><D134/><U18/><E135/><V115/><F119/><W81/><G81/><T94/><D103/><U102/><E122/><V128/><F115/><W69/><G69/><T59/><D91/><U79/><E102/><V21/><F128/><W124/><G124/><T66/><D8/><U95/><E117/><V4/><F127/><W71/><G71/><T130/><D130/><U108/><E95/><V131/><F131/><W116/><G116/><T32/><D32/><U30/><E108/><V62/><F104/><W111/><G111/><T101/><D101/><U46/><E46/><V48/><F31/><N who="3" m="19823" /><G96/><T43/><D43/><U37/><E37/><V120/><F120/><W92/><G92/><T82/><D7/><U58/><E27/><V35/><F35/><W88/><G105/><T75/><D75/><U42/><E42/><V6/><F62/><W29/><G29/><T57/><D94/><U3/><E79/><V24/><F24/><W107/><G107/><T17/><D17/><N who="3" m="6729" /><G55/><N who="1" m="21002" /><E86/><V70/><F70/><AGARI ba="0,0" hai="49,52,56,57,59,63,66,70,82,83,84,87,89,90" machi="70" ten="30,3900,0" yaku="7,1,9,1,54,1" doraHai="33" who="0" fromWho="2" sc="246,39,295,0,191,-39,268,0" /><INIT seed="6,0,0,3,3,119" ten="285,295,152,268" oya="2" hai0="29,1,6,39,15,36,75,118,50,53,33,135,5" hai1="69,89,85,22,107,28,110,32,106,56,79,104,132" hai2="52,111,103,41,83,9,38,99,17,18,92,58,45" hai3="37,44,12,25,125,87,13,65,55,133,35,78,48"/><V116/><F116/><W130/><G37/><T108/><D118/><U19/><E69/><V80/><F111/><W60/><G130/><T7/><D108/><U121/><E110/><V43/><F43/><W23/><G35/><T102/><D1/><U62/><E79/><V88/><F9/><W113/><G133/><T70/><D70/><U126/><E132/><V10/><F10/><W2/><G2/><T61/><D75/><U57/><E28/><V24/><F103/><W81/><G125/><T72/><D72/><U94/><E32/><V21/><REACH who="2" step="1"/><F18/><REACH who="2" ten="285,295,142,268" step="2"/><N who="3" m="12535" /><G113/><T117/><D117/><U101/><E101/><V49/><AGARI ba="0,1" hai="17,21,24,38,41,45,49,52,58,80,83,88,92,99" machi="49" ten="20,12000,1" yaku="1,1,0,1,7,1,54,2,53,0" doraHai="119" doraHaiUra="74" who="2" fromWho="2" sc="285,-40,295,-40,142,130,268,-40" /><INIT seed="6,1,0,2,4,90" ten="245,255,272,228" oya="2" hai0="54,32,8,115,126,53,11,107,63,56,86,3,125" hai1="50,91,100,70,62,61,69,76,104,105,1,33,31" hai2="48,74,113,52,65,38,43,87,106,29,21,88,79" hai3="72,5,73,133,22,98,121,82,134,68,114,96,132"/><V0/><F0/><W27/><G68/><T12/><D32/><U41/><E1/><V66/><F113/><W58/><G121/><T94/><D107/><U102/><E76/><V64/><F106/><W6/><G58/><T35/><D35/><U39/><E33/><V92/><F38/><W118/><G118/><T122/><D122/><U77/><E77/><V89/><F43/><W110/><G110/><T7/><D115/><U101/><E31/><V135/><F135/><N who="3" m="34563" /><W67/><DORA hai="93" /><G67/><T23/><D23/><U28/><E28/><V117/><F117/><W18/><G114/><T36/><D36/><U130/><E39/><V112/><F112/><W108/><G108/><T34/><D34/><U57/><E57/><N who="2" m="32903" /><F74/><N who="3" m="28779" /><G82/><T4/><D54/><U24/><E70/><V19/><F29/><W55/><G55/><T42/><D42/><U26/><E69/><V25/><F79/><W111/><G111/><T75/><D75/><U84/><E41/><V71/><F71/><W85/><G85/><T109/><D109/><U123/><E84/><N who="2" m="52231" /><F65/><W14/><G27/><T78/><D78/><U116/><E26/><V129/><F129/><W119/><G119/><T81/><D81/><AGARI ba="1,0" hai="19,21,25,64,66,81,87,89" m="52231,32903" machi="81" ten="30,11600,0" yaku="8,1,52,1,54,2" doraHai="90,93" who="2" fromWho="0" sc="245,-119,255,0,272,119,228,0" owari="126,-37.4,255,5.5,391,49.1,228,-17.2" /></mjloggm>