<mjloggm ver="2.3"><GO type="225" lobby="0"/><UN n0="%E3%81%B2%E3%81%AA%E3%81%AE%E3%82%8A%E3%81%8F" n1="%E3%81%AF%E3%82%88%E3%81%8A%E3%81%98%E3%81%95%E3%82%93" n2="%E8%A8%88%E7%AE%97%E6%A9%9F%E8%87%AA%E7%84%B6" n3="%E6%97%A5%E6%9B%9C%E6%97%A5%E3%82%88%E3%82%8A%E3%81%AE%E4%BD%BF%E8%80%85" dan="16,17,17,17" rate="2108.11,2193.39,2154.22,2245.90" sx="M,M,M,M"/><TAIKYOKU oya="0"/><INIT seed="0,0,0,1,3,100" ten="250,250,250,250" oya="0" hai0="104,95,44,74,75,53,64,60,127,34,113,47,132" hai1="111,29,7,42,12,51,129,56,123,87,6,77,61" hai2="79,65,135,70,27,107,114,133,43,97,118,4,84" hai3="62,122,78,91,102,22,2,25,30,39,82,37,13"/><T11/><D113/><U124/><E123/><V14/><F114/><W58/><G2/><T41/><D34/><U125/><E111/><V72/><F72/><W80/><G122/><T103/><D132/><N who="2" m="50762" /><F43/><W1/><G1/><T0/><D127/><N who="1" m="48715" /><E29/><V54/><F54/><W48/><G48/><T88/><D53/><N who="1" m="33935" /><E129/><V40/><F27/><W86/><G13/><T10/><D0/><U15/><E77/><V24/><F24/><W116/><G116/><T98/><D75/><U93/><E87/><V31/><F84/><W81/><G102/><T83/><D74/><U112/><E93/><V33/><F79/><W71/><G78/><T3/><D3/><U23/><E112/><V52/><F31/><W19/><G30/><T45/><D41/><U96/><E96/><V76/><F97/><W92/><REACH who="3" step="1"/><G71/><REACH who="3" ten="250,250,250,240" step="2"/><T50/><D50/><U130/><E130/><V8/><F70/><W32/><G32/><T9/><D83/><U35/><E35/><V36/><F33/><W20/><G20/><T57/><REACH who="0" step="1"/><D88/><REACH who="0" ten="240,250,250,240" step="2"/><U38/><E51/><V110/><F76/><W108/><G108/><T5/><D5/><U119/><E119/><V121/><F4/><W105/><G105/><AGARI ba="0,2" hai="9,10,11,44,45,47,57,60,64,95,98,103,104,105" machi="105" ten="40,7700,0" yaku="1,1,52,2,53,0" doraHai="100" doraHaiUra="67" who="0" fromWho="3" sc="240,97,250,0,250,0,240,-77" /><INIT seed="0,1,0,4,0,104" ten="337,250,250,163" oya="0" hai0="36,3,57,47,30,8,117,15,133,132,77,23,90" hai1="44,88,39,31,119,112,59,10,121,56,113,55,101" hai2="60,92,50,129,89,111,12,122,48,69,25,19,51" hai3="21,75,40,74,127,9,103,106,80,32,42,110,87"/><T94/><D3/><U109/><E121/><V37/><F122/><W29/><G32/><T118/><D77/><U73/><E119/><V26/><F37/><W14/><G106/><T96/><D57/><U114/><E109/><V5/><F5/><W58/><G103/><T97/><D97/><U79/><E101/><V100/><F129/><W22/><G110/><T81/><D81/><N who="1" m="45295" /><E31/><V45/><F100/><W99/><G99/><T95/><D95/><U105/><E105/><V20/><F45/><W54/><G127/><T63/><D63/><U131/><E131/><V49/><F111/><W65/><G65/><T126/><D126/><U98/><E10/><V7/><F7/><W35/><G35/><T125/><D125/><U120/><E120/><V108/><F108/><W93/><G93/><T85/><D96/><U115/><E115/><V91/><N who="2" m="12288" /><DORA hai="6" /><V107/><F107/><W46/><G9/><T71/><D71/><U33/><E55/><V52/><F69/><W16/><G46/><T123/><D123/><U24/><E24/><N who="2" m="9323" /><F92/><W86/><G54/><T78/><D30/><U68/><E68/><V53/><F53/><W1/><G29/><T116/><D116/><U61/><E33/><V83/><F83/><W0/><G80/><T28/><D118/><U130/><E130/><V43/><F43/><W34/><G34/><T11/><D28/><U72/><E61/><V128/><F128/><W102/><G102/><T2/><D117/><U38/><E38/><V27/><N who="2" m="9331" /><V82/><DORA hai="17" /><F82/><W64/><G42/><T41/><D41/><N who="1" m="22591" /><E72/><V84/><F84/><RYUUKYOKU ba="1,0" sc="337,-15,250,15,250,15,163,-15" hai1="56,59,88,98,112,113,114" hai2="12,19,20,52,60,89,91" /><INIT seed="1,2,0,2,4,106" ten="322,265,265,148" oya="1" hai0="90,102,118,21,33,56,129,55,48,119,86,9,112" hai1="19,11,110,59,101,120,35,7,70,45,53,95,65" hai2="5,111,29,68,104,74,47,26,44,115,25,92,18" hai3="20,126,99,60,76,73,121,109,82,113,41,62,100"/><U14/><E120/><V130/><F104/><W27/><G121/><T8/><D33/><U114/><E114/><V31/><F68/><W32/><G113/><T67/><D112/><U122/><E122/><V6/><F115/><W75/><G32/><T81/><D129/><U125/><E35/><V28/><F74/><W83/><G41/><T132/><D132/><U2/><E125/><V89/><F111/><W16/><G109/><T94/><D67/><U134/><E110/><V51/><F130/><W123/><G126/><T37/><D37/><U127/><E127/><V38/><F38/><W0/><G0/><T64/><D64/><U3/><E134/><V49/><F18/><W88/><G123/><T77/><D102/><U93/><E45/><N who="2" m="17483" /><F92/><W98/><G98/><T108/><D21/><U135/><E135/><V63/><F63/><W128/><G128/><T117/><REACH who="0" step="1"/><D108/><REACH who="0" ten="312,265,265,148" step="2"/><U69/><E101/><V54/><F29/><W46/><G46/><T4/><D4/><U1/><E7/><V40/><F28/><W58/><G58/><T80/><D80/><U96/><E65/><V34/><F5/><W22/><G22/><T133/><D133/><U30/><E30/><V105/><F6/><W12/><G100/><T72/><AGARI ba="2,1" hai="8,9,48,55,56,72,77,81,86,90,94,117,118,119" machi="72" ten="30,4000,0" yaku="1,1,0,1,52,1,53,0" doraHai="106" doraHaiUra="103" who="0" fromWho="0" sc="312,56,265,-22,265,-12,148,-12" /><INIT seed="2,0,0,3,0,69" ten="368,243,253,136" oya="2" hai0="67,101,17,61,54,99,44,43,21,56,131,104,65" hai1="19,2,48,22,50,60,117,35,119,3,127,12,118" hai2="27,23,115,29,81,70,33,123,134,58,75,11,116" hai3="72,0,14,59,91,49,90,86,124,42,77,41,129"/><V120/><F70/><W82/><G0/><T52/><D67/><U87/><E127/><V46/><F115/><W45/><G124/><T74/><D74/><U66/><E35/><V71/><F71/><W97/><G129/><T83/><D83/><U89/><E2/><V85/><F75/><W132/><G132/><T105/><D105/><U113/><E3/><V93/><F116/><W34/><G34/><T111/><D111/><U57/><REACH who="1" step="1"/><E113/><REACH who="1" ten="368,233,253,136" step="2"/><V94/><F33/><W18/><G72/><T47/><D131/><U84/><E84/><V55/><F134/><W16/><G42/><T88/><D43/><U126/><E126/><V38/><F123/><W63/><G97/><T96/><D99/><U51/><E51/><N who="2" m="29175" /><F120/><W68/><G68/><T39/><D96/><U4/><E4/><V80/><F85/><W26/><G26/><T73/><D73/><U7/><E7/><V100/><F27/><W15/><G15/><T24/><D24/><U79/><E79/><V121/><F121/><W9/><REACH who="3" step="1"/><G18/><REACH who="3" ten="368,233,253,126" step="2"/><T31/><D17/><U53/><E53/><AGARI ba="0,2" hai="9,14,16,41,45,49,53,59,63,77,82,86,90,91" machi="53" ten="30,8000,1" yaku="1,1,2,1,7,1,8,1,54,1,53,0" doraHai="69" doraHaiUra="122" who="3" fromWho="1" sc="368,0,233,-80,253,0,126,100" /><INIT seed="3,0,0,2,0,17" ten="368,153,253,226" oya="3" hai0="76,121,3,57,84,54,116,103,52,53,118,24,93" hai1="85,23,102,130,94,110,27,5,2,11,128,56,58" hai2="67,16,83,59,71,131,101,132,107,42,32,127,22" hai3="123,100,9,79,109,89,51,80,78,15,29,106,68"/><W91/><G68/><T77/><D3/><U20/><E110/><V63/><F32/><W125/><G123/><T4/><D4/><U28/><E102/><V36/><F131/><W40/><G106/><T99/><D121/><U7/><E94/><V113/><F113/><W69/><G69/><T14/><D14/><U104/><E104/><V135/><F127/><W25/><G100/><T81/><D76/><U108/><E108/><V37/><F42/><W1/><G1/><T19/><D57/><U64/><E85/><V21/><F21/><N who="1" m="8265" /><E64/><V70/><F71/><W134/><G79/><T10/><D24/><U120/><E120/><V114/><F70/><W45/><G125/><T38/><D38/><U111/><E111/><V33/><F37/><W88/><G109/><T98/><D98/><U44/><E44/><V96/><F36/><W119/><G78/><T124/><D124/><U43/><E43/><V18/><F107/><W82/><G45/><T95/><D95/><U97/><E97/><V48/><F96/><W72/><G40/><T35/><D84/><U115/><E115/><V49/><F67/><W90/><G82/><T47/><D81/><U30/><E7/><V50/><F114/><W46/><G46/><T86/><D99/><U8/><E8/><V26/><F101/><W92/><G9/><T112/><D10/><U73/><E73/><V31/><F83/><W105/><G80/><T55/><D47/><U74/><E74/><V34/><F26/><W66/><G72/><T60/><D112/><U62/><E27/><V129/><F33/><W87/><G25/><RYUUKYOKU ba="0,0" sc="368,0,153,0,253,0,226,0" owari="368,46.8,153,-34.7,253,5.3,226,-17.4" /></mjloggm>