<mjloggm ver="2.3"><GO type="225" lobby="0"/><UN n0="%E9%A6%AC%E5%BC%95%E7%81%AB%33" n1="%E4%BB%8A%E6%97%A5%E4%B8%80" n2="%72%61%6B%33" n3="%E3%81%A4%E3%81%A3%E3%81%B1%E3%82%8A%E3%83%9D%E3%83%BC%E3%83%AB" dan="16,17,16,17" rate="2101.05,2183.49,2139.50,2220.01" sx="M,F,M,M"/><TAIKYOKU oya="0"/><INIT seed="0,0,0,5,4,94" ten="250,250,250,250" oya="0" hai0="118,15,11,73,5,68,49,71,70,33,105,129,3" hai1="92,38,62,22,31,106,117,23,66,116,25,135,19" hai2="18,74,127,119,124,93,77,85,131,101,123,4,120" hai3="69,26,126,13,67,0,2,90,9,80,84,24,103"/><T53/><D118/><U133/><E106/><V43/><F4/><W61/><G126/><N who="2" m="48169" /><F18/><W99/><G2/><T44/><D129/><U51/><E51/><V59/><F59/><W21/><G0/><T122/><D122/><N who="2" m="46634" /><F43/><W108/><G108/><T79/><D105/><U37/><E38/><V78/><F131/><W54/><G54/><T57/><D33/><U130/><E37/><V128/><F128/><W114/><G114/><T34/><D34/><U7/><E7/><V86/><F119/><W113/><G21/><T10/><D79/><N who="2" m="30218" /><F74/><W28/><G28/><T112/><D73/><U89/><E130/><V40/><F40/><W115/><G115/><T42/><D112/><U132/><E23/><V30/><F30/><W55/><G55/><T75/><D75/><U27/><E25/><V107/><F107/><W58/><G69/><T41/><D44/><U87/><REACH who="1" step="1"/><E31/><REACH who="1" ten="250,240,250,250" step="2"/><V81/><F81/><W100/><G113/><T20/><D20/><U109/><E109/><V95/><F95/><N who="3" m="56823" /><G26/><T1/><D1/><U64/><E64/><V60/><F60/><W83/><G24/><T48/><D48/><U17/><E17/><V97/><AGARI ba="0,1" hai="85,86,93,97,101" m="30218,46634,48169" machi="97" ten="40,8000,1" yaku="18,1,34,2,52,1" doraHai="94" who="2" fromWho="2" sc="250,-40,240,-20,250,90,250,-20" /><INIT seed="1,0,0,4,1,37" ten="210,220,340,230" oya="1" hai0="89,99,118,25,74,10,54,96,105,133,32,15,4" hai1="61,7,124,39,129,125,111,128,69,83,115,49,40" hai2="34,127,80,0,45,72,87,84,109,41,108,114,47" hai3="126,91,78,48,18,62,135,27,90,110,57,97,46"/><U38/><E7/><V85/><F127/><N who="1" m="48713" /><E83/><V130/><F130/><N who="1" m="50281" /><E115/><V59/><F114/><W82/><G126/><T20/><D133/><U52/><E111/><V95/><F34/><W122/><G135/><T17/><D118/><U51/><E40/><V13/><F0/><W81/><G122/><T5/><D74/><U67/><E51/><V94/><F72/><W104/><G110/><T24/><D4/><U28/><E28/><V58/><F80/><W102/><G82/><T107/><D5/><U44/><AGARI ba="0,0" hai="38,39,44,49,52,61,67,69" m="50281,48713" machi="44" ten="30,12000,1" yaku="18,1,19,1,34,2,54,1" doraHai="37" who="1" fromWho="1" sc="210,-40,220,120,340,-40,230,-40" /><INIT seed="1,1,0,0,5,118" ten="170,340,300,190" oya="1" hai0="101,24,48,131,66,30,78,67,109,36,70,33,98" hai1="49,125,41,60,79,28,45,94,112,12,39,75,129" hai2="124,127,32,69,43,135,38,100,51,91,105,58,53" hai3="44,19,62,83,4,87,18,72,0,34,14,128,55"/><U80/><E112/><V50/><F32/><W104/><G128/><T116/><D116/><U59/><E125/><N who="2" m="48203" /><F91/><W121/><G104/><T119/><D119/><U81/><E129/><V71/><F100/><W103/><G72/><T46/><D131/><U8/><E28/><V86/><F86/><W102/><G34/><T93/><D109/><U47/><E94/><V117/><F105/><W6/><G0/><T2/><D36/><U122/><E122/><V84/><F84/><W16/><G121/><T89/><D2/><U126/><E126/><V65/><F117/><W130/><G130/><T95/><D78/><U17/><E79/><V26/><F26/><W42/><G55/><T20/><D70/><N who="2" m="26634" /><F65/><W61/><G102/><T7/><D7/><N who="3" m="2601" /><G103/><T63/><D63/><N who="3" m="24073" /><G14/><T110/><D110/><U82/><E75/><V99/><F99/><W115/><G115/><T123/><D123/><U68/><E68/><V5/><F5/><W13/><G13/><T132/><D33/><U74/><E74/><V37/><F135/><W73/><G73/><T11/><D132/><U10/><E10/><V85/><F85/><W52/><G87/><N who="0" m="52415" /><D11/><U108/><E108/><V3/><F3/><W106/><G106/><T15/><D15/><U35/><E35/><V22/><F22/><W92/><G83/><T76/><D76/><U111/><E111/><V1/><F1/><W134/><G134/><T64/><D64/><N who="1" m="38943" /><E82/><V25/><F25/><W21/><G92/><T88/><D101/><U107/><E107/><V90/><F90/><W57/><G21/><T54/><AGARI ba="1,0" hai="20,24,30,46,48,54,66,67,88,95,98" m="52415" machi="54" ten="30,2000,0" yaku="8,1,54,1" doraHai="118" who="0" fromWho="0" sc="170,23,340,-11,300,-6,190,-6" /><INIT seed="2,0,0,3,0,77" ten="193,329,294,184" oya="2" hai0="25,100,119,31,32,55,83,80,107,26,33,127,135" hai1="62,105,23,56,67,15,118,1,12,44,123,102,69" hai2="27,130,101,85,132,22,115,128,54,74,49,34,53" hai3="4,21,93,79,86,48,117,50,29,73,7,94,38"/><V108/><F74/><W71/><G38/><T70/><D70/><U6/><E1/><V96/><F115/><W46/><G71/><T19/><D127/><U97/><E123/><V17/><F132/><W131/><G73/><T68/><D135/><U3/><E3/><V45/><F108/><W106/><G106/><T103/><D68/><U61/><E118/><V42/><F34/><W9/><G117/><T47/><D119/><U36/><E6/><N who="3" m="2090" /><G9/><T65/><D65/><U78/><E78/><V95/><REACH who="2" step="1"/><F85/><REACH who="2" ten="193,329,284,184" step="2"/><W30/><G131/><AGARI ba="0,1" hai="17,22,27,42,45,49,53,54,95,96,101,128,130,131" machi="131" ten="40,7700,0" yaku="1,1,2,1,19,1,53,0" doraHai="77" doraHaiUra="120" who="2" fromWho="3" sc="193,0,329,0,284,87,184,-77" /><INIT seed="2,1,0,3,0,112" ten="193,329,371,107" oya="2" hai0="135,75,0,67,18,99,26,89,132,13,108,52,19" hai1="28,116,50,62,54,103,123,16,106,115,5,68,42" hai2="131,76,44,128,121,86,125,9,14,48,111,25,34" hai3="7,23,82,122,70,113,47,97,72,93,29,59,95"/><V43/><F121/><W77/><G70/><T101/><D108/><U39/><E115/><V71/><F71/><W119/><G122/><T60/><D0/><U88/><E123/><V85/><F111/><W78/><G113/><T117/><D75/><U114/><E114/><V3/><F3/><W105/><G7/><T92/><D117/><U130/><E5/><N who="2" m="3375" /><F125/><W124/><G124/><T102/><D26/><U21/><E28/><N who="2" m="19727" /><F85/><W8/><G8/><N who="0" m="6439" /><D19/><U118/><E103/><V134/><F134/><N who="0" m="51242" /><D52/><U79/><E79/><V129/><F86/><W22/><G72/><T107/><D107/><U51/><E106/><V31/><F76/><W74/><G78/><T15/><D15/><U73/><E73/><V96/><F96/><W104/><G104/><T61/><D61/><U69/><E62/><V27/><F27/><W133/><G105/><T83/><D83/><U109/><E109/><V38/><F31/><W110/><G133/><T127/><D127/><U63/><E63/><V1/><F1/><W64/><G110/><T49/><D49/><AGARI ba="1,0" hai="38,43,44,48,49,128,129,131" m="19727,3375" machi="49" ten="30,1500,0" yaku="19,1" doraHai="112" who="2" fromWho="0" sc="193,-18,329,0,371,18,107,0" /><INIT seed="2,2,0,0,5,32" ten="175,329,389,107" oya="2" hai0="60,37,43,49,35,55,101,123,76,42,2,33,63" hai1="69,3,92,127,134,109,24,47,106,58,70,131,13" hai2="91,128,66,34,108,94,132,38,41,82,113,90,85" hai3="45,8,51,78,22,75,77,21,16,130,25,40,74"/><V96/><F113/><W122/><G122/><T44/><D123/><U20/><E106/><V30/><F66/><W7/><G130/><T133/><D2/><U125/><E131/><V15/><F128/><W6/><G22/><T105/><D76/><U59/><E134/><V54/><F132/><W61/><G61/><T62/><D133/><U26/><E109/><V10/><F108/><W14/><REACH who="3" step="1"/><G7/><REACH who="3" ten="175,329,389,97" step="2"/><T95/><D63/><U52/><E20/><V88/><F34/><W31/><G31/><T68/><D62/><U18/><E127/><V86/><F30/><W87/><G87/><T102/><D60/><U48/><E125/><V104/><F85/><W1/><G1/><T89/><D33/><U97/><E3/><V64/><F86/><W99/><G99/><T53/><D35/><U67/><E70/><V11/><F96/><W17/><G17/><T56/><D68/><U124/><E124/><V107/><F64/><W129/><G129/><T4/><D4/><U19/><E67/><V121/><F121/><W12/><G12/><T98/><D98/><U115/><E69/><V29/><F15/><W36/><G36/><T118/><D37/><U65/><E65/><V83/><F29/><W5/><G5/><T119/><D119/><U111/><E111/><V80/><F38/><W46/><G46/><T0/><D44/><U112/><E19/><V57/><F10/><W39/><G39/><T114/><D0/><U100/><E13/><V9/><F11/><W79/><AGARI ba="2,1" hai="6,8,14,16,21,25,40,45,51,74,75,77,78,79" machi="79" ten="30,12000,2" yaku="1,1,0,1,54,1,53,3" doraHai="32" doraHaiUra="72" who="3" fromWho="3" sc="175,-32,329,-32,389,-62,97,136" /><INIT seed="3,0,0,2,5,52" ten="143,297,327,233" oya="3" hai0="129,92,112,78,100,134,128,20,103,60,26,39,45" hai1="114,5,21,18,41,61,119,15,16,10,123,127,84" hai2="24,58,97,53,96,19,22,72,67,44,55,38,2" hai3="124,64,133,74,131,83,49,27,85,76,106,94,48"/><W35/><G133/><T130/><D134/><U88/><E123/><V98/><F72/><W70/><G131/><T73/><D112/><U62/><E114/><V47/><F2/><W57/><G124/><T125/><D125/><U1/><E119/><V90/><F38/><W86/><G70/><T9/><D9/><U120/><E120/><V71/><F71/><W12/><G106/><T4/><D4/><U36/><E127/><V75/><F75/><W113/><G113/><T37/><D60/><U105/><E105/><V110/><F110/><W33/><G33/><T54/><D54/><N who="2" m="20490" /><F90/><N who="3" m="53591" /><G35/><T31/><D45/><U107/><E107/><V50/><F50/><W82/><G82/><T51/><D51/><U115/><E115/><V111/><F111/><W63/><G74/><T14/><D14/><U121/><E121/><V117/><F117/><W32/><G32/><T135/><D135/><U81/><E41/><V30/><F30/><W80/><G80/><T101/><REACH who="0" step="1"/><D92/><REACH who="0" ten="133,297,327,233" step="2"/><U99/><E36/><V59/><F67/><N who="3" m="39407" /><G12/><T3/><D3/><U69/><E1/><V0/><F0/><W28/><G64/><T68/><D68/><U77/><E69/><V65/><F65/><W126/><G126/><T102/><N who="0" m="25600" /><DORA hai="46" /><T29/><D29/><U34/><E15/><V66/><F66/><W93/><G93/><T11/><D11/><U43/><E10/><V87/><F44/><W79/><G48/><T40/><D40/><U13/><E43/><V17/><F47/><W7/><G49/><T23/><D23/><U104/><E21/><V118/><F22/><W6/><G28/><RYUUKYOKU ba="0,1" sc="133,30,297,-10,327,-10,233,-10" hai0="20,26,31,37,39,73,78,128,129,130" owari="163,-33.7,287,8.7,327,42.7,223,-17.7" /></mjloggm>