<mjloggm ver="2.3"><GO type="225" lobby="0"/><UN n0="%E9%A6%AC%E5%BC%95%E7%81%AB%33" n1="%33%74%72%65%65" n2="%E5%A4%A7%E5%A4%A7%E5%B2%A1%E5%B1%B1%EF%BC%A0%E6%A8%AA%E6%B5%9C" n3="%E3%82%89%E3%81%84%E3%81%B5%E3%81%8C%E3%83%BC%E3%81%A9%E3%81%99%E3%81%8D" dan="16,17,16,17" rate="2137.56,2198.18,2099.20,2090.66" sx="M,F,M,M"/><TAIKYOKU oya="0"/><INIT seed="0,0,0,0,5,121" ten="250,250,250,250" oya="0" hai0="120,44,133,119,100,10,75,48,59,21,14,126,117" hai1="36,64,68,3,51,61,135,2,58,74,54,15,115" hai2="111,88,98,89,113,41,77,31,69,80,101,110,8" hai3="71,127,87,5,95,91,96,28,107,49,22,86,65"/><T129/><D120/><U124/><E124/><V83/><F69/><W27/><G127/><T26/><D126/><U132/><E115/><V118/><F31/><W84/><G5/><T46/><D75/><U0/><E74/><N who="2" m="43063" /><F41/><W17/><G71/><T20/><D129/><U37/><REACH who="1" step="1"/><E15/><REACH who="1" ten="250,240,250,250" step="2"/><V92/><F113/><W85/><G107/><T109/><D14/><U125/><E125/><V18/><F118/><W30/><G65/><T104/><D119/><U7/><E7/><V4/><F4/><W9/><G9/><T39/><D104/><U97/><E97/><N who="2" m="57479" /><F8/><W99/><G99/><T16/><D10/><U78/><E78/><V25/><F25/><W106/><G106/><T63/><D26/><U45/><E45/><V52/><F18/><W130/><G130/><T56/><D44/><U114/><E114/><V1/><F1/><W81/><REACH who="3" step="1"/><G49/><REACH who="3" ten="250,240,250,240" step="2"/><T82/><D48/><U79/><E79/><AGARI ba="0,2" hai="17,22,27,28,30,79,81,84,85,86,87,91,95,96" machi="79" ten="40,5200,0" yaku="1,1,2,1,8,1,53,0" doraHai="121" doraHaiUra="134" who="3" fromWho="1" sc="250,0,240,-52,250,0,240,72" /><INIT seed="1,0,0,0,3,112" ten="250,188,250,312" oya="1" hai0="75,62,98,113,79,54,39,110,37,96,72,74,50" hai1="80,123,127,13,46,67,9,4,120,81,14,17,121" hai2="19,60,52,58,41,103,42,2,115,129,91,3,125" hai3="63,101,55,78,117,105,30,51,25,126,84,94,47"/><U104/><E127/><V83/><F125/><W5/><G126/><T29/><D113/><U1/><E104/><V6/><F115/><W89/><G5/><T15/><D79/><U57/><E46/><V7/><F103/><W124/><G124/><T22/><D110/><U45/><E45/><V38/><F38/><W56/><G117/><T130/><D130/><U87/><E17/><V133/><F129/><W64/><G78/><T23/><D62/><U28/><E28/><V8/><F133/><W43/><G105/><T21/><D29/><U36/><E36/><N who="0" m="13897" /><D15/><U131/><E131/><V108/><F108/><W61/><G101/><T73/><N who="0" m="18432" /><DORA hai="24" /><T119/><D119/><U16/><E87/><V49/><F19/><W33/><REACH who="3" step="1"/><G63/><REACH who="3" ten="250,188,250,302" step="2"/><T132/><D132/><U118/><E118/><V114/><F114/><W18/><G18/><T90/><D90/><U70/><E16/><V99/><F60/><W128/><G128/><T44/><D44/><U88/><E88/><V76/><F91/><W71/><G71/><T34/><D34/><U100/><E70/><V12/><F76/><W20/><G20/><T35/><D35/><U32/><E32/><V86/><F7/><W26/><G26/><T109/><D109/><U66/><E4/><V77/><REACH who="2" step="1"/><F99/><REACH who="2" ten="250,188,240,302" step="2"/><W134/><G134/><T65/><D98/><U135/><E135/><V68/><F68/><W59/><G59/><N who="0" m="33239" /><D96/><U107/><E100/><V31/><F31/><W11/><G11/><T106/><D106/><U40/><E107/><V53/><F53/><AGARI ba="0,2" hai="25,30,33,43,47,51,53,55,56,61,64,84,89,94" machi="53" ten="40,2600,0" yaku="1,1,52,1,53,0" doraHai="112,24" doraHaiUra="97,92" who="3" fromWho="2" sc="250,0,188,0,240,-26,302,46" /><INIT seed="2,0,0,2,3,42" ten="250,188,214,348" oya="2" hai0="15,74,20,22,50,122,59,131,95,105,38,53,76" hai1="41,134,116,49,52,63,82,84,100,10,51,118,67" hai2="133,71,132,129,54,68,44,48,77,111,24,75,135" hai3="102,85,61,119,31,39,16,97,110,112,13,5,94"/><V83/><F129/><W120/><G119/><T1/><D105/><U114/><E114/><V115/><F115/><W130/><G112/><T87/><D1/><U46/><E134/><V57/><F111/><W106/><G120/><T35/><D35/><U9/><E100/><V98/><F98/><W99/><G39/><T56/><D38/><U64/><E118/><V65/><F24/><W18/><G110/><T40/><D40/><U124/><E124/><V43/><REACH who="2" step="1"/><F65/><REACH who="2" ten="250,188,204,348" step="2"/><N who="1" m="25161" /><E116/><V12/><F12/><W108/><G99/><T101/><D15/><U89/><E63/><AGARI ba="0,1" hai="43,44,48,54,57,63,68,71,75,77,83,132,133,135" machi="63" ten="40,12000,1" yaku="1,1,20,1,52,1,53,1" doraHai="42" doraHaiUra="45" who="2" fromWho="1" sc="250,0,188,-120,204,130,348,0" /><INIT seed="2,1,0,0,3,110" ten="250,68,334,348" oya="2" hai0="1,135,70,123,128,112,43,4,50,54,17,11,65" hai1="118,24,101,131,89,90,105,99,5,62,31,80,13" hai2="87,125,8,6,111,9,10,38,126,12,102,94,64" hai3="25,51,68,49,33,29,47,44,7,134,78,0,93"/><V37/><F111/><W35/><G68/><T117/><D123/><U120/><E118/><V36/><F64/><W41/><G134/><T16/><D135/><U66/><E120/><V53/><F53/><W28/><G78/><T119/><D128/><U32/><E131/><V42/><F42/><W22/><G29/><T19/><D112/><U59/><E80/><V109/><F109/><W75/><G75/><T98/><D43/><U79/><E79/><V114/><F114/><W91/><G7/><T113/><D113/><U58/><E89/><V23/><F23/><W74/><G0/><T3/><D3/><U127/><E90/><V77/><F77/><W100/><G74/><T96/><D65/><U67/><E127/><V83/><F83/><W104/><G104/><T76/><D70/><U106/><E106/><V26/><F26/><W71/><G100/><T40/><D40/><U85/><E85/><V72/><F72/><W116/><G116/><N who="0" m="44619" /><D76/><U86/><E86/><V27/><F27/><W34/><G71/><T95/><D95/><U129/><E129/><V124/><F87/><W48/><G41/><T73/><D73/><U115/><E115/><V52/><F52/><W108/><G108/><T46/><AGARI ba="1,0" hai="1,4,11,16,17,19,46,50,54,96,98" m="44619" machi="46" ten="30,2000,0" yaku="12,1,54,1" doraHai="110" who="0" fromWho="0" sc="250,23,68,-6,334,-11,348,-6" /><INIT seed="3,0,0,2,5,117" ten="273,62,323,342" oya="3" hai0="92,115,75,111,24,11,82,118,45,54,120,27,90" hai1="102,113,23,50,86,132,63,76,16,4,25,60,119" hai2="35,47,71,2,107,8,19,3,29,101,88,80,32" hai3="95,14,81,61,93,133,98,1,33,83,31,56,128"/><W52/><G1/><T89/><D118/><U94/><E113/><V100/><F71/><W37/><G37/><T110/><D115/><U17/><E132/><V5/><F2/><W34/><G133/><T121/><D11/><U13/><E119/><V49/><F107/><W20/><G128/><T57/><D45/><U122/><E122/><N who="0" m="47209" /><D75/><U59/><E4/><V123/><F123/><W72/><G72/><T125/><D82/><U124/><E124/><V46/><F46/><W78/><G83/><T53/><D125/><U12/><E76/><V131/><F29/><W114/><G114/><T106/><D106/><U73/><E73/><V28/><F28/><W44/><G44/><T10/><D10/><U0/><E0/><V9/><F131/><W129/><G129/><T18/><D18/><U39/><E39/><V112/><F32/><W48/><G81/><T21/><D21/><U7/><E7/><V70/><F70/><W109/><G78/><T74/><D74/><U68/><E68/><V134/><F35/><W43/><G34/><T40/><D40/><U87/><E25/><N who="0" m="9801" /><D57/><U15/><E15/><N who="2" m="7663" /><F134/><W127/><G127/><T84/><D89/><U108/><E108/><AGARI ba="0,0" hai="53,54,84,90,92,108,110,111" m="9801,47209" machi="108" ten="30,7700,0" yaku="14,1,52,3" doraHai="117" who="0" fromWho="1" sc="273,77,62,-77,323,0,342,0" owari="350,45.0,-15,-51.5,323,-7.7,342,14.2" /></mjloggm>