<mjloggm ver="2.3"><GO type="225" lobby="0"/><UN n0="%E7%9A%AE%E3%80%85" n1="%E7%B4%94%E6%BD%94%E3%83%94%E3%83%A9%E3%83%8B%E3%82%A2" n2="%E6%9C%88%E5%B3%B6%E5%9F%BA" n3="%E3%81%95%E3%81%8D%E3%81%9F%E3%81%BE%E6%9E%97%E6%AA%8E" dan="16,17,17,16" rate="2136.32,2179.21,2181.12,2115.04" sx="M,M,M,M"/><TAIKYOKU oya="0"/><INIT seed="0,0,0,1,3,88" ten="250,250,250,250" oya="0" hai0="68,9,86,125,103,99,118,134,115,14,126,19,113" hai1="43,108,50,94,110,7,32,48,37,10,74,20,53" hai2="8,106,56,58,11,13,22,34,76,65,104,116,123" hai3="27,38,121,75,54,105,130,117,91,18,30,131,63"/><T82/><D118/><U44/><E32/><V51/><F34/><W133/><G117/><T57/><D57/><U36/><E74/><V42/><F123/><W98/><G38/><T96/><D68/><U132/><E20/><V2/><F76/><W16/><G75/><T90/><D134/><U97/><E132/><V62/><F2/><W40/><G40/><T33/><D33/><U17/><E17/><N who="2" m="10543" /><F106/><W66/><G54/><T55/><D55/><U80/><E80/><V31/><F104/><W69/><G133/><T92/><REACH who="0" step="1"/><D96/><REACH who="0" ten="240,250,250,250" step="2"/><U59/><E108/><V21/><F58/><W122/><G121/><T64/><D64/><U73/><E110/><V77/><F116/><W29/><G122/><T23/><D23/><U112/><E112/><AGARI ba="0,1" hai="9,14,19,82,86,90,92,99,103,112,113,115,125,126" machi="112" ten="40,3900,0" yaku="1,1,52,1,53,0" doraHai="88" doraHaiUra="3" who="0" fromWho="1" sc="240,49,250,-39,250,0,250,0" /><INIT seed="0,1,0,1,1,41" ten="289,211,250,250" oya="0" hai0="65,33,101,40,4,71,132,56,128,52,133,119,129" hai1="121,59,48,19,113,84,11,35,134,79,34,55,122" hai2="70,36,62,53,124,50,103,95,114,25,63,26,51" hai3="107,68,13,87,100,89,29,7,90,32,24,112,21"/><T108/><D33/><U69/><E69/><V135/><F114/><W81/><G112/><T125/><D119/><U54/><E113/><V10/><F36/><W60/><G90/><T126/><D4/><U5/><E134/><N who="0" m="51817" /><D40/><U130/><E130/><N who="0" m="50281" /><D101/><U8/><E19/><V111/><F103/><W64/><G7/><T30/><D30/><U88/><E79/><V97/><F135/><W18/><G100/><T73/><D73/><U99/><E99/><V80/><F97/><W39/><G39/><T127/><D108/><U3/><E8/><V116/><F10/><W110/><REACH who="3" step="1"/><G107/><REACH who="3" ten="289,211,250,240" step="2"/><T72/><D72/><U20/><E121/><V82/><F116/><W78/><G78/><T0/><D0/><U91/><E122/><V23/><F111/><AGARI ba="1,1" hai="13,18,21,24,29,32,60,64,68,81,87,89,110,111" machi="111" ten="40,1300,0" yaku="1,1,53,0" doraHai="41" doraHaiUra="49" who="3" fromWho="2" sc="289,0,211,0,250,-16,240,26" /><INIT seed="1,0,0,4,0,135" ten="289,211,234,266" oya="1" hai0="68,111,62,33,17,131,41,34,67,46,21,19,129" hai1="3,123,93,69,74,78,45,90,110,11,76,31,98" hai2="113,109,14,119,27,16,39,5,115,10,72,13,103" hai3="7,38,28,35,56,91,64,6,125,95,4,54,65"/><U112/><E112/><N who="2" m="43083" /><F72/><W83/><G38/><T101/><D101/><U85/><E123/><V120/><F39/><W48/><G35/><T126/><D111/><U114/><E114/><V133/><F103/><W105/><G105/><T24/><D17/><U66/><E74/><V18/><F133/><W118/><G118/><T53/><D53/><U108/><E31/><V25/><F109/><N who="1" m="42089" /><E45/><V47/><F47/><W77/><G28/><T55/><D55/><U60/><E85/><V9/><F119/><W102/><G102/><T96/><D96/><U20/><E20/><N who="2" m="11279" /><F120/><W50/><G50/><T26/><D26/><U122/><E122/><V71/><F71/><W42/><G42/><T70/><D70/><U75/><E75/><V0/><AGARI ba="0,0" hai="0,5,9,10,14,18,25,27" m="11279,43083" machi="0" ten="30,7900,0" yaku="11,1,34,2,54,1" doraHai="135" who="2" fromWho="2" sc="289,-20,211,-39,234,79,266,-20" /><INIT seed="2,0,0,1,4,95" ten="269,172,313,246" oya="2" hai0="39,41,2,46,73,64,43,89,80,134,92,110,15" hai1="6,38,14,62,54,83,100,90,66,33,118,5,11" hai2="69,29,121,109,65,111,84,22,1,87,129,114,116" hai3="44,60,72,105,12,102,120,27,128,8,13,112,50"/><V125/><F1/><W85/><G120/><T79/><D2/><U97/><E118/><V61/><F116/><W135/><G135/><T104/><D110/><N who="2" m="41994" /><F114/><W47/><G128/><T0/><D134/><U37/><E33/><V30/><F121/><W63/><G85/><N who="2" m="32841" /><F129/><W76/><G102/><T86/><D0/><U28/><E28/><N who="2" m="10859" /><F22/><W107/><G112/><T99/><D41/><U19/><E83/><V51/><F51/><W106/><G50/><T17/><D64/><U101/><E37/><V132/><F132/><W67/><G67/><T68/><D68/><U126/><E38/><V70/><F70/><W32/><G32/><T133/><D133/><U127/><E54/><V71/><F71/><W49/><G49/><T16/><D15/><U115/><E115/><V56/><F69/><W58/><G13/><T77/><D77/><U98/><E66/><V91/><F91/><W42/><G12/><T21/><D21/><U52/><E90/><V3/><F3/><W48/><G76/><T59/><D59/><N who="1" m="35175" /><E127/><AGARI ba="0,0" hai="56,61,65,125,127" m="10859,32841,41994" machi="127" ten="40,3900,0" yaku="14,1,10,1" doraHai="95" who="2" fromWho="1" sc="269,0,172,-39,313,39,246,0" /><INIT seed="2,1,0,0,0,123" ten="269,133,352,246" oya="2" hai0="41,115,101,81,78,82,30,112,61,87,28,86,9" hai1="108,13,29,35,62,131,27,44,67,92,107,31,128" hai2="64,80,124,102,119,133,14,93,111,79,65,16,15" hai3="8,4,95,22,73,34,105,25,46,19,96,114,6"/><V17/><F119/><W103/><G114/><T40/><D101/><U36/><E13/><V135/><F124/><W76/><G34/><T0/><D61/><U109/><E107/><V84/><F102/><W118/><G118/><T77/><REACH who="0" step="1"/><D9/><REACH who="0" ten="259,133,352,246" step="2"/><U47/><E29/><V48/><F133/><W127/><G8/><T116/><D116/><U38/><E92/><V91/><F135/><W50/><G95/><T71/><D71/><N who="1" m="42487" /><E44/><V121/><F93/><W69/><G69/><T104/><D104/><U134/><E134/><V98/><F121/><W122/><G122/><T24/><D24/><U21/><E21/><V66/><F80/><W117/><G117/><T72/><D72/><U33/><E33/><V100/><F100/><W18/><G73/><T68/><D68/><U63/><E63/><V11/><F11/><W59/><G103/><T90/><D90/><U26/><E27/><V55/><F91/><W85/><G25/><T97/><D97/><U99/><E99/><V7/><F98/><W2/><G96/><T110/><D110/><N who="1" m="42603" /><E47/><V54/><F111/><W37/><G46/><T52/><D52/><U51/><E51/><V94/><F55/><W10/><G50/><T89/><D89/><U60/><E60/><V49/><F54/><W1/><G105/><T113/><D113/><U129/><AGARI ba="1,1" hai="26,31,35,36,38,128,129,131" m="42603,42487" machi="129" ten="40,12000,2" yaku="19,1,14,1,23,1,52,3" doraHai="123" who="1" fromWho="1" sc="259,-31,133,133,352,-61,246,-31" /><INIT seed="3,0,0,2,4,127" ten="228,266,291,215" oya="3" hai0="87,1,2,95,49,15,106,13,105,128,109,57,29" hai1="88,73,62,71,121,16,35,7,34,90,59,66,46" hai2="21,97,6,30,38,58,110,0,54,118,52,63,28" hai3="124,37,11,96,116,17,91,53,108,103,134,132,31"/><W44/><G116/><T98/><D109/><U3/><E121/><V24/><F38/><W60/><G124/><T23/><D1/><U80/><E71/><V86/><F118/><W130/><G108/><T50/><D2/><U125/><E125/><V10/><F110/><W51/><G31/><T102/><D128/><U92/><E7/><V133/><F133/><N who="3" m="51307" /><G91/><T113/><D113/><U94/><E3/><V115/><F115/><W75/><G75/><T76/><D106/><U48/><E80/><V9/><F9/><W33/><G33/><T126/><D126/><U61/><E73/><V43/><F43/><N who="3" m="22639" /><G60/><T131/><D131/><U4/><E4/><V5/><F5/><W81/><G81/><N who="0" m="47527" /><D105/><U99/><E62/><V18/><F30/><W25/><G130/><T117/><D117/><U27/><E16/><V20/><F28/><W12/><G25/><N who="0" m="16575" /><D49/><U107/><E27/><V68/><F24/><W119/><G119/><T129/><D129/><U36/><E36/><V47/><F0/><W8/><G8/><T70/><D70/><U79/><E79/><V83/><F68/><W114/><G114/><T42/><D42/><U89/><E35/><V22/><F10/><W55/><G51/><T111/><D111/><U64/><E34/><V72/><F72/><W82/><G82/><T69/><D69/><U56/><E107/><AGARI ba="0,0" hai="11,12,17,53,55,96,103,107" m="22639,51307" machi="107" ten="30,1500,0" yaku="20,1" doraHai="127" who="3" fromWho="1" sc="228,0,266,-15,291,0,215,15" /><INIT seed="3,1,0,4,3,36" ten="228,251,291,230" oya="3" hai0="30,90,133,111,88,54,124,12,53,51,63,21,18" hai1="80,121,120,106,22,128,105,97,42,99,113,126,6" hai2="68,101,24,27,122,48,14,43,92,73,95,33,50" hai3="71,110,123,3,100,103,4,32,20,114,94,112,29"/><W81/><G123/><T52/><D111/><U5/><E80/><V34/><F73/><W85/><G71/><T62/><D133/><U17/><E126/><V127/><F68/><W28/><G32/><T67/><D124/><U91/><E128/><V117/><F117/><W79/><G114/><T75/><D75/><U78/><E78/><V82/><F82/><W60/><G112/><T38/><D38/><U61/><E61/><N who="0" m="23049" /><D67/><U16/><E113/><V26/><F101/><N who="3" m="38987" /><G3/><T76/><D76/><U23/><E91/><N who="0" m="34857" /><D30/><N who="3" m="11881" /><G110/><T65/><D65/><U135/><E135/><V31/><F31/><W58/><G4/><T7/><D7/><U107/><E105/><V115/><F127/><W98/><G20/><T69/><D69/><U129/><E129/><V89/><F115/><W104/><G104/><T47/><AGARI ba="1,0" hai="12,18,21,47,51,52,53,54" m="34857,23049" machi="47" ten="30,4000,0" yaku="8,1,54,2" doraHai="36" who="0" fromWho="0" sc="228,43,251,-11,291,-11,230,-21" /><INIT seed="4,0,0,2,0,129" ten="271,240,280,209" oya="0" hai0="66,13,91,50,128,56,93,40,98,118,41,89,23" hai1="64,119,17,24,26,49,52,47,44,112,113,2,106" hai2="108,70,73,57,14,65,122,107,34,38,88,51,101" hai3="5,111,16,133,97,83,62,100,22,103,76,121,36"/><T4/><D118/><U135/><E119/><V82/><F108/><W18/><G111/><T63/><D128/><U59/><E106/><V35/><F122/><W15/><G15/><T30/><BYE who="3" /><D50/><U42/><E2/><V3/><F88/><N who="0" m="33866" /><D4/><U124/><E124/><V86/><F86/><W58/><G58/><T69/><D69/><U46/><E135/><V84/><F84/><W27/><G27/><N who="1" m="10282" /><E64/><V104/><F14/><UN n3="%E3%81%95%E3%81%8D%E3%81%9F%E3%81%BE%E6%9E%97%E6%AA%8E" /><W127/><G36/><T55/><D66/><U102/><E102/><V109/><F57/><W78/><G127/><T45/><D45/><U43/><E17/><N who="3" m="6762" /><G121/><T79/><D79/><N who="3" m="30249" /><G83/><T126/><D126/><U75/><E75/><V25/><F82/><W116/><G116/><T74/><D74/><U95/><E95/><V48/><F73/><W53/><G5/><T11/><D30/><U67/><E67/><V130/><F130/><W92/><G103/><N who="0" m="60879" /><D23/><U29/><E29/><V0/><F38/><W68/><G22/><T72/><D72/><U77/><E77/><V114/><F101/><W37/><G37/><T31/><D31/><U117/><E117/><V54/><F65/><N who="3" m="41015" /><G53/><T39/><D39/><U6/><E6/><V9/><F54/><W28/><G28/><T94/><D94/><U132/><E132/><V1/><F70/><W21/><G21/><T115/><D40/><U10/><E10/><V123/><F123/><W131/><G131/><T105/><BYE who="3" /><D41/><U61/><E43/><V12/><F109/><W81/><G81/><T96/><D105/><UN n3="%E3%81%95%E3%81%8D%E3%81%9F%E3%81%BE%E6%9E%97%E6%AA%8E" /><U20/><E20/><V120/><F120/><W19/><N who="3" m="6770" /><W71/><DORA hai="32" /><G71/><RYUUKYOKU ba="0,0" sc="271,-15,240,15,280,-15,209,15" hai1="42,44,46,47,49,52,59,61,112,113" hai3="92,97,100,133" /><INIT seed="5,1,0,4,0,124" ten="256,255,265,224" oya="1" hai0="85,17,13,59,120,89,118,71,76,68,21,44,9" hai1="30,45,108,134,34,123,106,83,82,1,7,25,102" hai2="57,46,63,3,107,116,84,15,91,4,16,64,77" hai3="74,14,96,131,127,37,70,28,26,10,125,105,114"/><U20/><E123/><V2/><F116/><W69/><G74/><T67/><D118/><U79/><E134/><V72/><F107/><W132/><G132/><T48/><D120/><U75/><E108/><V112/><F112/><W60/><G114/><T12/><D76/><U31/><E31/><V22/><F72/><W65/><G37/><T122/><D122/><U11/><E82/><V129/><F129/><W62/><G131/><T51/><D51/><U101/><E106/><V27/><F77/><W100/><G62/><T73/><D73/><U110/><E110/><V94/><F46/><W39/><G70/><T119/><D119/><U88/><E88/><V117/><F117/><W104/><G104/><T87/><D87/><U19/><REACH who="1" step="1"/><E45/><REACH who="1" ten="256,245,265,224" step="2"/><V50/><F91/><W8/><G39/><T32/><D44/><U111/><E111/><V42/><F94/><W98/><G98/><T24/><D32/><U90/><E90/><V115/><F115/><W18/><REACH who="3" step="1"/><G10/><REACH who="3" ten="256,245,265,214" step="2"/><T93/><D9/><U49/><E49/><V66/><F50/><W0/><G0/><T58/><D48/><U121/><E121/><V23/><F3/><W109/><G109/><T86/><D86/><U113/><E113/><V126/><F84/><W130/><G130/><T61/><D68/><U47/><E47/><V97/><F97/><W53/><G53/><T41/><D41/><U135/><E135/><V133/><F42/><W29/><G29/><T43/><D43/><U6/><E6/><V33/><F4/><W54/><G54/><N who="0" m="34007" /><D71/><U78/><E78/><V36/><F133/><W81/><G81/><RYUUKYOKU ba="1,2" sc="256,10,245,10,265,-30,214,10" hai0="12,13,17,21,24,59,67,85,89,93" hai1="1,7,11,19,20,25,30,34,75,79,83,101,102" hai3="8,14,18,26,28,60,65,69,96,100,105,125,127" /><INIT seed="5,2,2,2,5,123" ten="266,255,235,224" oya="1" hai0="67,26,66,126,10,68,13,56,75,63,43,8,52" hai1="64,45,83,27,30,82,34,14,80,6,22,11,93" hai2="100,23,132,78,110,15,36,128,1,9,70,105,39" hai3="98,0,51,127,5,53,4,101,76,122,44,124,91"/><U24/><E64/><N who="0" m="24617" /><D75/><U38/><E93/><V74/><F15/><W12/><G122/><T92/><D68/><U114/><E114/><V113/><F23/><W115/><G0/><T29/><D126/><N who="3" m="48169" /><G115/><T104/><D104/><U2/><E45/><V90/><F113/><W40/><G76/><T106/><D106/><U48/><E48/><V35/><F128/><W73/><G73/><T65/><D43/><U77/><E38/><V99/><F132/><W19/><G91/><T7/><D92/><U81/><E2/><V125/><F90/><W71/><G71/><T50/><D10/><U18/><REACH who="1" step="1"/><E82/><REACH who="1" ten="266,245,235,224" step="2"/><N who="2" m="45399" /><F125/><W79/><G79/><AGARI ba="2,3" hai="6,11,14,18,22,24,27,30,34,77,79,80,81,83" machi="79" ten="40,2000,0" yaku="1,1,53,0" doraHai="123" doraHaiUra="89" who="1" fromWho="3" sc="266,0,245,56,235,0,224,-26" owari="266,6.6,301,40.1,235,-16.5,198,-30.2" /></mjloggm>