<mjloggm ver="2.3"><GO type="225" lobby="0"/><UN n0="%E5%8F%AF%E5%85%90%E9%82%A3%E7%94%B1%E5%A4%9A" n1="%E3%81%A8%E3%82%89%E3%81%84%E3%81%A1" n2="%E6%81%A5%E6%99%92%E3%81%97" n3="%4C%4F%4C%49%54%41" dan="16,16,16,16" rate="2131.45,2114.43,2171.12,2218.80" sx="F,M,M,F"/><TAIKYOKU oya="0"/><INIT seed="0,0,0,0,1,61" ten="250,250,250,250" oya="0" hai0="41,108,36,52,118,13,87,12,58,83,32,85,96" hai1="81,109,1,91,21,92,72,86,132,79,74,122,45" hai2="22,37,131,51,53,89,11,98,112,106,47,134,105" hai3="56,70,54,80,50,69,0,62,76,9,94,46,28"/><T25/><D118/><U16/><E122/><V104/><F112/><W78/><G28/><T7/><D108/><U116/><E116/><V24/><F131/><W115/><G115/><T43/><D96/><U15/><E109/><V107/><F134/><W128/><G128/><T48/><D36/><U3/><E132/><V4/><F37/><W17/><G94/><T121/><D121/><U18/><E74/><V67/><F67/><W23/><G9/><T35/><D87/><U33/><E33/><V44/><F44/><W102/><G0/><T8/><D13/><U30/><E30/><V68/><F68/><W75/><G78/><T71/><D71/><U66/><E66/><V57/><F47/><W129/><G102/><T103/><D103/><U20/><REACH who="1" step="1"/><E45/><REACH who="1" ten="250,240,250,250" step="2"/><V6/><F107/><W39/><G129/><T100/><D35/><U114/><E114/><V133/><F133/><W19/><G39/><T60/><D32/><U64/><E64/><V38/><F106/><W14/><REACH who="3" step="1"/><G19/><REACH who="3" ten="250,240,250,240" step="2"/><T130/><D130/><U117/><E117/><V2/><F38/><W65/><AGARI ba="0,2" hai="14,17,23,46,50,54,56,62,65,69,70,75,76,80" machi="65" ten="20,8000,1" yaku="1,1,2,1,0,1,7,1,52,1,53,0" doraHai="61" doraHaiUra="120" who="3" fromWho="3" sc="250,-40,240,-20,250,-20,240,100" /><INIT seed="1,0,0,1,4,96" ten="210,220,230,340" oya="1" hai0="61,113,130,7,39,135,75,97,88,10,2,108,57" hai1="94,70,29,33,120,60,43,54,115,18,100,128,62" hai2="78,4,73,125,28,131,69,117,49,36,38,106,119" hai3="16,5,107,30,86,123,101,92,90,103,58,81,109"/><U45/><E115/><V127/><F69/><W85/><G107/><T105/><D113/><U66/><E120/><V83/><F131/><W112/><G112/><T51/><D39/><U76/><E128/><V56/><F4/><W124/><G123/><T37/><D37/><U52/><E76/><V98/><F28/><W133/><G109/><T22/><D130/><U132/><E132/><V104/><F38/><W34/><G5/><T87/><D75/><U111/><E111/><V17/><F36/><W79/><G133/><T84/><D108/><U63/><E18/><V35/><F35/><W99/><G124/><N who="2" m="47689" /><F17/><W82/><G34/><T1/><D135/><U42/><E70/><V13/><F13/><W64/><G30/><T6/><D51/><N who="1" m="28783" /><E66/><V44/><F56/><W47/><G47/><T48/><D48/><U114/><E114/><V41/><F106/><W110/><G16/><T53/><D22/><U24/><E33/><V14/><F14/><W21/><G21/><T74/><D74/><U0/><E0/><V129/><F129/><W3/><G3/><T126/><D126/><U134/><E134/><V89/><F104/><W8/><G110/><T9/><REACH who="0" step="1"/><D105/><REACH who="0" ten="200,220,230,340" step="2"/><U122/><E122/><V121/><F121/><W91/><G8/><T31/><D31/><U59/><E29/><V80/><F73/><W26/><G26/><T95/><AGARI ba="0,1" hai="1,2,6,7,9,10,53,57,61,84,87,88,95,97" machi="95" ten="30,7900,0" yaku="1,1,0,1,9,1,54,1,53,0" doraHai="96" doraHaiUra="25" who="0" fromWho="0" sc="200,89,220,-39,230,-20,340,-20" /><INIT seed="2,0,0,4,0,84" ten="289,181,210,320" oya="2" hai0="57,94,6,117,40,129,102,11,69,76,62,75,2" hai1="67,61,39,22,105,24,77,121,50,98,14,66,44" hai2="82,80,68,23,86,89,71,63,42,95,111,92,112" hai3="65,21,29,26,101,74,16,87,7,36,38,58,90"/><V52/><F112/><W8/><G74/><T91/><D129/><U106/><E121/><V64/><F42/><W93/><G101/><T79/><D117/><U17/><E39/><V116/><F116/><W15/><G65/><T30/><D69/><U133/><E133/><V49/><F111/><W47/><G58/><T131/><D131/><U25/><E77/><V108/><F108/><W34/><REACH who="3" step="1"/><G47/><REACH who="3" ten="289,181,210,310" step="2"/><T5/><D75/><U123/><E67/><V122/><F71/><W54/><G54/><T81/><D102/><U3/><E123/><V88/><F122/><W59/><G59/><T72/><D57/><U9/><E66/><V12/><F52/><W97/><G97/><T43/><D62/><U127/><E61/><V103/><F103/><W0/><AGARI ba="0,1" hai="0,7,8,15,16,21,26,29,34,36,38,87,90,93" machi="0" ten="20,12000,2" yaku="1,1,0,1,7,1,24,2,52,1,54,1,53,0" doraHai="84" doraHaiUra="56" who="3" fromWho="3" sc="289,-30,181,-30,210,-60,310,130" /><INIT seed="3,0,0,5,3,3" ten="259,151,150,440" oya="3" hai0="56,111,64,124,108,79,132,52,45,87,43,8,54" hai1="7,13,121,120,22,14,102,47,65,60,119,131,31" hai2="88,109,118,26,46,72,83,96,105,115,42,59,35" hai3="70,95,15,75,104,40,98,32,69,117,122,135,66"/><W24/><G117/><T112/><D132/><U82/><E119/><V23/><F115/><W134/><G75/><T38/><D124/><U37/><E131/><V53/><F118/><W44/><G122/><T41/><D112/><U58/><E102/><V106/><F35/><W100/><G15/><T9/><D79/><U93/><E93/><N who="2" m="56359" /><F72/><W19/><G95/><T125/><D87/><U67/><E67/><V73/><F73/><W4/><G4/><T30/><D30/><U126/><E126/><V61/><F109/><W28/><G19/><T127/><D8/><U11/><E82/><V71/><F83/><W27/><G27/><T10/><D10/><U116/><E116/><V123/><F123/><W12/><G12/><T90/><D9/><U34/><E34/><V107/><F71/><N who="3" m="27147" /><G66/><T6/><D64/><U62/><E120/><V113/><F113/><W57/><G57/><T130/><D111/><U39/><E121/><V81/><F81/><W91/><G91/><T74/><D90/><U21/><E47/><V77/><F77/><W16/><G44/><T114/><D45/><U110/><E110/><V51/><F107/><W85/><G104/><T128/><D108/><U68/><E68/><V63/><F61/><W86/><G32/><T129/><D125/><U99/><E62/><V17/><AGARI ba="0,0" hai="17,23,26,42,46,51,53,59,63,105,106" m="56359" machi="17" ten="30,2000,0" yaku="25,1,54,1" doraHai="3" who="2" fromWho="2" sc="259,-5,151,-5,150,20,440,-10" owari="254,5.4,146,-35.4,170,-23.0,430,53.0" /></mjloggm>