<mjloggm ver="2.3"><GO type="225" lobby="0"/><UN n0="%E3%81%8C%E3%81%9F" n1="%E3%81%A8%E3%82%89%E3%81%84%E3%81%A1" n2="%77%72%77%72%77%72%77%72" n3="%E7%99%BD%E5%80%89%E5%AF%9B%E4%B9%8B" dan="17,16,17,16" rate="2175.25,2124.58,2189.80,2186.15" sx="F,M,M,M"/><TAIKYOKU oya="0"/><INIT seed="0,0,0,0,5,115" ten="250,250,250,250" oya="0" hai0="18,34,23,101,26,66,36,5,21,134,69,7,126" hai1="35,129,103,93,110,95,28,65,33,10,15,130,61" hai2="24,89,118,51,68,119,90,70,45,39,52,91,29" hai3="111,46,56,123,25,109,77,3,19,6,135,75,72"/><T125/><D36/><U106/><E110/><N who="3" m="41994" /><G77/><T80/><D101/><U53/><E53/><V88/><N who="2" m="22528" /><DORA hai="122" /><V50/><F39/><W104/><G104/><T128/><D80/><U43/><E43/><V64/><F50/><W16/><G123/><T87/><D87/><U12/><E106/><V79/><F79/><W127/><G135/><T98/><D98/><U13/><E10/><V4/><F4/><W76/><G76/><T55/><D55/><U27/><E33/><V121/><F121/><W81/><G81/><T47/><D47/><U105/><E105/><V131/><F131/><N who="1" m="50185" /><E103/><V59/><F45/><W108/><G46/><T60/><D128/><U82/><E82/><V112/><F112/><W74/><G127/><N who="0" m="48651" /><D34/><U44/><E44/><V120/><F120/><W1/><G108/><T71/><D134/><U117/><E117/><N who="2" m="44555" /><F64/><W41/><G41/><T107/><D107/><U116/><E116/><V11/><F11/><N who="3" m="2511" /><G3/><T67/><D67/><U49/><E65/><V113/><F113/><W17/><G56/><N who="0" m="37127" /><D21/><AGARI ba="0,0" hai="21,24,29,51,52,59,68,70" m="44555,22528" machi="21" ten="40,12000,2" yaku="12,1,52,3,54,2" doraHai="115,122" who="2" fromWho="0" sc="250,-120,250,0,250,120,250,0" /><AGARI ba="0,0" hai="16,17,19,21,25,72,74,75" m="2511,41994" machi="21" ten="40,8000,1" yaku="14,1,52,3,54,1" doraHai="115,122" who="3" fromWho="0" sc="130,-80,250,0,370,0,250,80" /><INIT seed="1,0,0,0,2,134" ten="50,250,370,330" oya="1" hai0="115,88,54,16,18,72,34,44,113,58,67,100,28" hai1="75,26,98,112,81,19,42,74,128,60,0,91,13" hai2="47,8,135,82,94,87,7,102,1,57,109,127,79" hai3="59,116,21,66,129,70,63,121,133,64,124,131,56"/><U110/><E112/><V14/><F135/><W37/><G133/><T97/><D72/><U45/><E0/><V48/><F109/><W92/><G121/><T73/><D73/><U55/><E110/><V93/><F127/><W120/><G120/><T23/><D34/><U25/><E128/><V126/><F126/><W77/><G77/><T125/><D125/><U96/><E75/><V33/><F33/><W61/><G124/><T62/><D100/><U52/><E74/><V27/><F27/><W68/><G21/><T39/><D39/><U99/><E81/><V80/><F80/><W4/><G4/><T5/><D5/><U122/><E91/><V84/><F84/><W83/><G92/><T15/><D28/><U86/><E86/><V22/><F102/><W20/><G20/><T38/><D18/><U95/><E95/><V6/><F57/><W29/><G83/><T119/><D119/><U9/><E122/><V2/><F2/><W103/><G103/><T11/><D11/><U35/><E35/><V90/><F90/><W12/><G29/><T17/><D17/><U41/><E41/><N who="2" m="24687" /><F22/><W36/><G12/><T111/><D111/><U43/><E43/><V10/><AGARI ba="0,0" hai="1,6,7,8,10,14,79,82,87,93,94" m="24687" machi="10" ten="30,1100,0" yaku="25,1" doraHai="134" who="2" fromWho="2" sc="50,-3,250,-5,370,11,330,-3" /><INIT seed="2,0,0,2,1,67" ten="47,245,381,327" oya="2" hai0="6,49,68,132,91,129,124,17,87,77,22,107,104" hai1="95,40,35,73,18,85,25,46,71,82,98,99,8" hai2="58,54,131,27,102,81,130,14,50,86,57,65,78" hai3="96,33,63,100,28,93,24,80,16,127,92,125,111"/><V29/><F102/><W34/><G111/><T105/><D77/><U11/><E73/><V117/><F117/><W123/><G123/><T62/><D6/><U120/><E120/><V72/><F72/><W53/><G34/><T48/><D129/><N who="2" m="49162" /><F14/><W116/><G116/><T59/><D124/><U44/><E99/><V52/><F65/><W90/><G80/><T66/><D132/><U19/><E35/><N who="2" m="20927" /><F54/><W31/><G31/><T7/><D7/><U74/><E74/><V135/><F135/><W101/><G16/><T118/><D118/><U4/><E11/><V103/><F103/><W30/><G30/><T106/><N who="0" m="26624" /><DORA hai="60" /><T69/><D49/><U115/><E19/><V110/><F110/><W112/><G112/><T83/><REACH who="0" step="1"/><D48/><REACH who="0" ten="37,245,381,327" step="2"/><U94/><E115/><V1/><F1/><W0/><G0/><T26/><AGARI ba="0,1" hai="17,22,26,59,62,66,68,69,83,87,91" m="26624" machi="26" ten="60,16000,3" yaku="1,1,2,1,0,1,52,3,53,2" doraHai="67,60" doraHaiUra="126,64" who="0" fromWho="0" sc="37,170,245,-40,381,-80,327,-40" /><INIT seed="3,0,0,5,3,104" ten="207,205,301,287" oya="3" hai0="106,120,76,17,119,33,116,60,72,28,24,88,68" hai1="127,66,22,125,86,132,4,45,53,114,8,57,92" hai2="11,31,113,133,46,58,93,15,48,124,27,112,109" hai3="78,103,14,61,50,35,21,36,94,16,44,23,55"/><W9/><G35/><T87/><D120/><U40/><E66/><V13/><F109/><W38/><G38/><T19/><D106/><U111/><E111/><V77/><F133/><W32/><G32/><T64/><D116/><U39/><E22/><N who="3" m="8202" /><G36/><T126/><D119/><U49/><E114/><V5/><F124/><N who="1" m="47689" /><E132/><V30/><F77/><W34/><G34/><T101/><D101/><U75/><E75/><V47/><F113/><W65/><G78/><T122/><D122/><U108/><E108/><V10/><F112/><W69/><G69/><T130/><D130/><U74/><E74/><V115/><F115/><W135/><G135/><T85/><D85/><U7/><E8/><V107/><F107/><W1/><G1/><T105/><D105/><U121/><E121/><V99/><F58/><N who="3" m="37047" /><G94/><T91/><D126/><U81/><E92/><V54/><F47/><W95/><G95/><T62/><D62/><U118/><E118/><V63/><F63/><W71/><G71/><T70/><D70/><U89/><AGARI ba="0,0" hai="4,7,39,40,45,49,53,57,81,86,89" m="47689" machi="89" ten="30,1100,0" yaku="18,1" doraHai="104" who="1" fromWho="1" sc="207,-3,205,11,301,-3,287,-5" /><INIT seed="4,0,0,4,3,69" ten="204,216,298,282" oya="0" hai0="102,22,40,100,128,23,77,65,66,86,99,7,36" hai1="63,52,82,101,133,93,39,50,115,73,85,72,17" hai2="37,81,57,71,61,124,74,116,34,123,110,109,105" hai3="4,121,60,107,70,10,76,13,31,58,131,114,90"/><T51/><D128/><U46/><E133/><V92/><RYUUKYOKU type="yao9" ba="0,0" sc="204,0,216,0,298,0,282,0" hai2="34,37,57,61,71,74,81,92,105,109,110,116,123,124" /><INIT seed="4,1,0,0,1,116" ten="204,216,298,282" oya="0" hai0="22,32,45,6,10,40,85,46,100,123,29,41,37" hai1="53,105,102,124,42,21,19,26,7,48,65,70,111" hai2="1,84,57,11,135,31,108,36,95,127,97,114,128" hai3="39,83,109,30,9,4,16,51,50,64,77,61,103"/><T23/><D123/><U104/><E111/><V63/><F108/><W93/><G39/><T88/><D100/><U106/><E42/><V96/><F36/><W115/><G109/><T94/><D32/><U28/><E124/><V68/><F68/><W78/><G30/><T25/><D23/><U58/><E7/><V76/><F127/><W17/><G115/><T119/><D119/><U134/><E134/><V110/><F110/><W92/><G4/><T35/><D35/><U54/><E54/><V117/><F117/><W44/><G51/><T47/><REACH who="0" step="1"/><D41/><REACH who="0" ten="194,216,298,282" step="2"/><U112/><E112/><V91/><F114/><W27/><G103/><T89/><D89/><U14/><E102/><V90/><F135/><W132/><G132/><T0/><AGARI ba="1,1" hai="0,6,10,22,25,29,37,40,45,46,47,85,88,94" machi="0" ten="20,7800,0" yaku="1,1,0,1,7,1,54,1,53,0" doraHai="116" doraHaiUra="107" who="0" fromWho="0" sc="194,91,216,-27,298,-27,282,-27" /><INIT seed="4,2,0,4,5,17" ten="285,189,271,255" oya="0" hai0="47,20,52,31,104,122,67,113,1,128,71,82,64" hai1="55,97,116,40,0,25,61,46,95,70,106,60,23" hai2="78,130,118,79,11,81,48,27,84,3,132,133,16" hai3="103,108,29,99,69,13,8,4,21,42,129,107,90"/><T112/><D122/><U86/><E116/><V125/><F118/><W89/><G69/><T72/><D104/><U56/><E0/><V87/><F130/><W37/><G108/><T94/><D1/><U119/><E119/><V62/><F125/><W96/><G129/><T5/><D5/><U76/><E106/><V121/><F121/><W100/><G42/><T14/><D128/><U75/><E75/><V68/><F48/><W98/><G37/><T22/><D94/><U39/><E76/><V58/><F68/><W34/><G34/><T12/><D72/><U59/><E86/><V32/><F32/><W115/><G115/><N who="0" m="44107" /><D82/><U120/><E120/><V41/><F41/><W26/><REACH who="3" step="1"/><G99/><REACH who="3" ten="285,189,271,245" step="2"/><T45/><D71/><U91/><E70/><V134/><F134/><W49/><G49/><N who="0" m="28719" /><D47/><U53/><REACH who="1" step="1"/><E25/><REACH who="1" ten="285,179,271,245" step="2"/><V110/><F27/><W66/><G66/><N who="0" m="25131" /><D31/><U50/><E50/><V35/><F133/><W36/><G36/><T109/><D109/><U33/><E33/><V19/><F35/><W135/><G135/><T7/><D14/><U6/><E6/><V85/><F132/><W101/><G101/><T63/><D63/><U57/><E57/><V28/><F28/><W131/><G131/><T124/><D124/><U126/><E126/><V43/><F110/><W10/><G10/><AGARI ba="2,2" hai="7,10,12,20,22" m="25131,28719,44107" machi="10" ten="30,11600,0" yaku="15,1,52,2,54,1" doraHai="17" who="0" fromWho="3" sc="285,142,179,0,271,0,245,-122" owari="427,52.7,179,-22.1,271,7.1,123,-37.7" /></mjloggm>