<mjloggm ver="2.3"><GO type="225" lobby="0"/><UN n0="%68%75%69%68%75%69" n1="%41%72%69%61" n2="%79%75%72%69%6D%6F%67" n3="%45%6C%79%73%69%75%6D" dan="16,16,16,16" rate="2106.34,2089.06,2139.73,2115.09" sx="F,F,F,M"/><TAIKYOKU oya="0"/><INIT seed="0,0,0,3,2,38" ten="250,250,250,250" oya="0" hai0="24,34,37,70,84,78,23,53,128,131,79,88,69" hai1="135,40,72,67,100,118,31,6,94,61,127,64,15" hai2="116,77,93,16,52,17,32,102,56,26,57,108,12" hai3="27,51,89,0,103,62,75,123,134,14,109,105,96"/><T129/><D34/><U44/><E72/><V20/><F108/><W120/><G0/><T9/><D37/><U115/><E118/><V66/><F116/><W80/><G109/><T98/><D9/><N who="1" m="4535" /><E135/><V55/><F77/><N who="0" m="29194" /><D53/><N who="2" m="20554" /><F66/><W22/><G134/><T104/><D98/><N who="1" m="59479" /><E127/><V2/><F2/><W113/><G113/><T119/><D104/><U81/><E81/><V82/><F82/><W68/><G14/><T133/><D119/><U71/><E71/><V107/><F107/><W111/><G111/><T124/><D124/><U58/><E67/><V95/><F32/><W28/><G68/><T101/><D101/><U21/><E115/><V92/><F102/><W10/><G75/><T42/><D133/><U87/><E87/><V74/><F74/><W3/><G120/><T86/><D86/><U60/><E60/><V19/><F19/><W41/><G62/><T49/><D69/><U33/><E33/><V1/><F1/><W106/><G106/><T54/><D70/><U43/><E44/><V35/><F35/><W50/><G123/><T132/><D132/><U117/><E117/><V110/><F110/><W13/><G3/><T130/><D131/><U36/><E36/><V73/><F73/><W47/><G80/><N who="0" m="49159" /><D23/><AGARI ba="0,0" hai="12,16,17,20,23,26,56,57,92,93,95" m="20554" machi="23" ten="30,3900,0" yaku="8,1,54,2" doraHai="38" who="2" fromWho="0" sc="250,-39,250,0,250,39,250,0" /><INIT seed="1,0,0,1,2,37" ten="211,250,289,250" oya="1" hai0="57,15,128,96,24,54,95,1,29,59,124,33,90" hai1="68,14,129,70,112,8,94,13,60,46,66,78,126" hai2="41,121,125,2,63,53,44,133,28,48,79,9,102" hai3="43,110,61,20,55,6,72,27,5,7,109,130,3"/><U113/><E129/><V87/><F121/><W42/><G72/><T114/><D1/><U30/><E70/><V32/><F125/><W93/><G130/><T21/><D124/><U111/><E126/><V10/><F133/><W86/><G3/><T22/><D128/><U4/><E111/><N who="3" m="42506" /><G86/><T120/><D120/><U40/><E30/><V106/><F106/><W45/><G93/><T0/><D0/><U64/><E64/><V73/><F102/><W100/><G100/><T23/><D114/><U67/><E67/><V11/><F73/><W51/><G61/><T101/><D15/><U131/><E131/><V17/><F28/><AGARI ba="0,0" hai="5,6,7,20,27,28,42,43,45,51,55" m="42506" machi="28" ten="30,3900,0" yaku="14,1,52,2" doraHai="37" who="3" fromWho="2" sc="211,0,250,0,289,-39,250,39" /><INIT seed="2,0,0,0,2,6" ten="211,250,250,289" oya="2" hai0="132,19,29,128,116,67,112,40,12,92,88,48,105" hai1="52,74,113,103,119,22,4,125,20,104,36,21,120" hai2="14,65,124,46,81,69,15,51,126,42,54,93,64" hai3="3,25,10,78,118,17,83,114,95,70,99,84,8"/><V13/><F69/><W0/><G70/><T96/><D112/><U129/><E113/><V38/><F81/><W11/><G118/><T89/><D128/><U7/><E36/><V34/><F34/><W77/><G77/><T76/><D132/><U90/><E119/><V115/><F115/><W108/><G108/><T44/><D76/><U101/><E74/><V73/><F73/><W31/><G17/><T131/><D131/><U56/><E129/><V71/><F93/><W61/><G61/><T58/><D105/><U122/><E125/><V110/><F110/><W18/><G18/><T9/><D29/><U41/><E41/><V106/><F106/><W130/><G114/><T57/><D116/><U39/><E39/><V16/><F16/><W66/><G66/><T30/><D30/><U28/><E28/><V123/><F123/><N who="1" m="47145" /><E90/><N who="0" m="34921" /><D67/><U55/><E104/><V27/><F27/><W82/><G82/><T53/><D40/><U26/><E26/><V121/><F121/><W63/><G63/><T50/><D50/><N who="1" m="30743" /><E55/><V60/><REACH who="2" step="1"/><F65/><REACH who="2" ten="211,250,240,289" step="2"/><W24/><G130/><T43/><D43/><U79/><E79/><V87/><F87/><W37/><G25/><T100/><AGARI ba="0,1" hai="9,12,19,44,48,53,57,58,92,96,100" m="34921" machi="100" ten="30,4000,0" yaku="8,1,52,1,54,1" doraHai="6" who="0" fromWho="0" sc="211,50,250,-10,240,-20,289,-10" /><INIT seed="3,0,0,3,2,67" ten="261,240,220,279" oya="3" hai0="94,117,77,120,9,93,14,133,79,110,42,90,57" hai1="2,107,121,88,109,1,108,63,92,31,97,111,40" hai2="36,52,95,3,64,116,124,4,60,72,29,91,134" hai3="102,19,84,17,115,22,18,80,128,132,44,51,34"/><W47/><G115/><T28/><D120/><U83/><E121/><V130/><F116/><W135/><G34/><T85/><D117/><U23/><E107/><V10/><F36/><W106/><G128/><T74/><D110/><U8/><E40/><V103/><F130/><W48/><G22/><T59/><D74/><U119/><E119/><V75/><F103/><W100/><G106/><T50/><D28/><U112/><E112/><V43/><F43/><W69/><G69/><T82/><D133/><N who="3" m="51273" /><G84/><T129/><D129/><U11/><E83/><V35/><F134/><W87/><G87/><T0/><D0/><N who="1" m="107" /><E63/><V55/><F124/><W41/><G80/><T54/><D42/><AGARI ba="0,0" hai="17,18,19,41,42,44,47,48,51,100,102" m="51273" machi="42" ten="30,1500,0" yaku="20,1" doraHai="67" who="3" fromWho="0" sc="261,-15,240,0,220,0,279,15" /><INIT seed="3,1,0,5,5,134" ten="246,240,220,294" oya="3" hai0="26,99,39,11,47,122,74,52,83,7,65,93,86" hai1="95,121,128,15,56,5,102,16,97,130,70,135,117" hai2="89,21,72,29,27,32,36,4,107,66,103,94,9" hai3="41,87,1,45,37,113,124,53,88,59,35,120,119"/><W131/><G120/><T24/><D74/><U25/><E70/><V57/><F36/><W0/><G119/><T96/><D122/><U114/><E121/><V6/><F72/><W81/><G113/><T43/><D65/><U60/><E135/><V49/><F32/><W54/><G35/><T38/><D38/><U48/><E114/><V42/><F107/><W91/><G131/><N who="1" m="50218" /><E48/><V129/><F129/><W116/><G116/><T3/><D96/><U76/><E76/><V51/><F103/><W44/><G124/><T19/><D19/><U30/><E5/><V18/><F29/><W111/><G111/><T112/><D112/><U133/><E133/><V10/><F6/><W118/><G118/><T31/><D31/><U58/><E60/><V69/><F69/><W108/><G108/><T125/><D125/><U90/><E102/><V84/><F42/><W106/><G106/><T22/><D22/><N who="1" m="11551" /><E117/><V12/><REACH who="2" step="1"/><F10/><REACH who="2" ten="246,240,210,294" step="2"/><W62/><G37/><T79/><REACH who="0" step="1"/><D52/><REACH who="0" ten="236,240,210,294" step="2"/><U55/><E55/><V50/><F50/><W78/><G54/><T101/><AGARI ba="1,2" hai="3,7,11,24,26,39,43,47,79,83,86,93,99,101" machi="101" ten="20,5200,0" yaku="1,1,2,1,0,1,7,1,53,0" doraHai="134" doraHaiUra="100" who="0" fromWho="0" sc="236,75,240,-14,210,-14,294,-27" owari="311,41.1,226,-17.4,196,-30.4,267,6.7" /></mjloggm>