<mjloggm ver="2.3"><GO type="225" lobby="0"/><UN n0="%E3%81%BD%E3%81%A1%E3%81%9F%E3%81%93%E3%82%84" n1="%E3%81%82%E3%81%97%E3%82%85%E3%82%8A%E3%82%93" n2="%E3%83%96%E3%83%83%E3%83%91%E3%82%AA%E3%83%96%E3%83%81%E3%82%AD%E3%83%B3" n3="%4C%4F%4C%49%54%41" dan="16,16,16,16" rate="2129.23,2099.71,2176.33,2107.91" sx="M,M,M,F"/><TAIKYOKU oya="0"/><INIT seed="0,0,0,5,2,92" ten="250,250,250,250" oya="0" hai0="86,69,114,120,25,41,29,93,51,73,17,129,37" hai1="81,112,42,72,38,97,20,126,13,8,85,1,15" hai2="45,101,121,50,80,54,75,64,96,133,14,108,68" hai3="33,99,134,49,40,98,24,127,128,36,88,76,27"/><T7/><D73/><U71/><E71/><V4/><F121/><W77/><G36/><T58/><D69/><U107/><E126/><V102/><F108/><W35/><G127/><T60/><D114/><U67/><E67/><V74/><F133/><W106/><G134/><T28/><D37/><U90/><E112/><V26/><F102/><W11/><G128/><T79/><D7/><U61/><E61/><V94/><F80/><W125/><G125/><T122/><D129/><U21/><E1/><V23/><F68/><W0/><G106/><T10/><D120/><U52/><E15/><V111/><F111/><W70/><G70/><T2/><D2/><U132/><E72/><V6/><F64/><W110/><G110/><T48/><D41/><U62/><E42/><V103/><F103/><W131/><G131/><T18/><D29/><U84/><E84/><V9/><REACH who="2" step="1"/><F4/><REACH who="2" ten="250,250,240,250" step="2"/><W105/><G76/><T130/><D79/><N who="1" m="46271" /><E132/><V104/><F104/><W53/><G77/><T30/><D122/><U19/><E107/><V82/><F82/><W115/><G105/><T31/><D130/><U5/><E5/><V57/><F57/><W32/><G115/><T12/><D93/><N who="1" m="56503" /><E38/><V47/><F47/><W56/><G56/><AGARI ba="0,1" hai="8,13,19,20,21,52,56,62" m="56503,46271" machi="56" ten="30,3900,0" yaku="8,1,52,1,54,1" doraHai="92" who="1" fromWho="3" sc="250,0,250,49,240,0,250,-39" /><INIT seed="1,0,0,4,5,58" ten="250,299,240,211" oya="1" hai0="34,61,0,121,4,107,97,38,57,95,116,66,41" hai1="100,68,67,135,32,86,70,72,35,69,47,11,46" hai2="56,76,126,2,111,74,62,24,43,119,39,60,128" hai3="114,37,1,84,49,112,82,28,103,12,25,101,7"/><U10/><E72/><V99/><F119/><W117/><G37/><T104/><D116/><U98/><E86/><V40/><F2/><W122/><G117/><T8/><D34/><U30/><E135/><V59/><F111/><W52/><G1/><T54/><D121/><U115/><E115/><V91/><F126/><W120/><G122/><T44/><REACH who="0" step="1"/><D66/><REACH who="0" ten="240,299,240,211" step="2"/><U102/><E67/><N who="2" m="39303" /><F128/><W118/><G120/><T127/><D127/><U45/><E30/><V88/><F39/><W80/><G118/><T55/><D55/><U48/><E48/><V17/><F74/><W130/><G130/><T23/><D23/><U51/><E51/><V18/><F76/><W19/><G112/><T79/><D79/><U65/><E65/><N who="2" m="39135" /><F24/><W42/><G25/><T90/><AGARI ba="0,1" hai="0,4,8,38,41,44,54,57,61,90,95,97,104,107" machi="90" ten="20,8000,1" yaku="1,1,0,1,7,1,52,1,53,1" doraHai="58" doraHaiUra="92" who="0" fromWho="0" sc="240,90,299,-40,240,-20,211,-20" /><INIT seed="2,0,0,4,5,129" ten="330,259,220,191" oya="2" hai0="63,28,38,36,81,86,113,35,123,61,111,120,13" hai1="80,22,62,94,89,70,90,24,119,0,55,18,72" hai2="52,60,74,125,48,71,96,50,11,130,21,25,4" hai3="83,44,16,85,54,116,118,45,65,107,37,40,76"/><V59/><F130/><W47/><G107/><T29/><D113/><U9/><E119/><V91/><F125/><W23/><G65/><T30/><D35/><U2/><E9/><V102/><F74/><W103/><G103/><T101/><D101/><U58/><E70/><V132/><F132/><W127/><G127/><T10/><D111/><U84/><REACH who="1" step="1"/><E72/><REACH who="1" ten="330,249,220,191" step="2"/><V5/><F71/><W126/><G126/><T43/><D123/><U42/><E42/><V98/><F91/><W117/><REACH who="3" step="1"/><G54/><REACH who="3" ten="330,249,220,181" step="2"/><T33/><D120/><U131/><E131/><V105/><F98/><AGARI ba="0,2" hai="0,2,18,22,24,55,58,62,80,84,89,90,94,98" machi="98" ten="30,8000,1" yaku="1,1,7,1,25,2,53,1" doraHai="129" doraHaiUra="12" who="1" fromWho="2" sc="330,0,249,100,220,-80,181,0" /><INIT seed="3,0,0,1,3,75" ten="330,349,140,181" oya="3" hai0="135,51,122,52,128,76,74,86,54,81,44,113,98" hai1="6,2,42,118,95,101,25,22,87,3,10,40,100" hai2="121,82,37,36,20,126,97,99,15,68,115,77,7" hai3="104,90,49,129,11,133,48,34,84,67,79,17,53"/><W19/><G34/><T119/><D119/><U26/><E3/><V28/><F115/><W69/><G104/><T62/><D122/><U56/><E26/><V71/><F121/><W46/><G129/><T8/><D113/><U72/><E72/><V50/><F126/><W78/><G133/><T70/><D128/><U116/><E56/><V109/><F109/><W14/><G67/><T23/><D135/><U12/><E2/><V4/><F28/><W127/><G69/><T65/><D8/><U132/><E132/><V47/><F20/><W16/><G49/><T58/><D98/><N who="1" m="59487" /><E101/><V125/><F125/><W110/><G110/><T124/><D124/><U0/><E0/><V63/><F15/><W32/><G32/><T66/><D70/><U123/><E87/><V43/><F71/><W111/><G111/><T107/><D107/><U18/><E123/><V64/><F36/><W106/><G106/><T41/><D74/><U112/><E112/><V83/><F37/><W93/><G127/><T24/><D41/><U61/><E61/><V114/><F114/><W27/><G27/><T33/><D33/><U96/><E96/><V108/><F108/><W120/><G120/><T13/><D13/><U85/><E85/><V31/><F31/><AGARI ba="0,0" hai="23,24,31,44,51,52,54,58,62,65,66,76,81,86" machi="31" ten="30,7700,0" yaku="7,1,8,1,52,1,54,1" doraHai="75" who="0" fromWho="2" sc="330,77,349,0,140,-77,181,0" owari="407,50.7,349,14.9,63,-43.7,181,-21.9" /></mjloggm>