<mjloggm ver="2.3"><GO type="225" lobby="0"/><UN n0="%E3%81%BF%E3%81%BF%E3%81%9A" n1="%E3%81%BE%E3%81%A8%E3%81%9F" n2="%41%6F%54" n3="%E3%81%8B%E3%82%8F%E3%81%A1%E3%82%83%E3%82%93%35%38" dan="18,16,16,16" rate="2230.22,2134.18,2067.18,2139.07" sx="M,M,M,M"/><TAIKYOKU oya="0"/><INIT seed="0,0,0,0,3,14" ten="250,250,250,250" oya="0" hai0="53,34,37,16,126,89,69,47,111,38,36,18,117" hai1="130,118,108,62,115,122,58,7,86,50,3,57,22" hai2="40,33,93,96,98,119,112,109,120,63,79,59,83" hai3="65,9,68,105,135,29,8,52,101,67,87,113,107"/><T31/><D117/><U82/><E118/><V54/><F119/><W128/><G113/><T12/><D69/><U15/><E3/><V85/><F112/><W0/><G29/><T97/><D126/><U30/><E122/><V100/><F120/><W102/><G68/><T76/><D76/><U84/><E130/><V131/><F131/><W73/><G128/><T26/><D111/><U48/><E30/><V81/><F33/><W19/><G73/><T28/><D28/><U124/><E124/><V116/><F116/><W13/><G135/><T125/><D125/><U46/><E48/><V21/><F40/><W66/><G0/><T71/><D71/><U10/><E115/><V44/><F44/><W60/><G8/><T32/><D32/><U20/><E84/><V5/><F5/><W88/><G105/><T6/><D97/><U61/><E58/><V95/><F109/><W2/><G107/><T114/><D89/><U106/><E106/><V49/><F21/><W27/><G27/><T75/><D75/><U55/><E62/><V43/><F43/><W51/><G60/><T56/><D47/><U121/><E121/><V129/><F129/><W35/><G2/><T132/><D114/><U41/><REACH who="1" step="1"/><E108/><REACH who="1" ten="250,240,250,250" step="2"/><V134/><F63/><W64/><N who="3" m="16384" /><DORA hai="17" /><W99/><G35/><T74/><D74/><U90/><AGARI ba="0,1" hai="7,10,15,20,22,41,46,50,55,57,61,82,86,90" machi="90" ten="20,12000,2" yaku="1,1,0,1,7,1,8,1,52,2,53,1" doraHai="14,17" doraHaiUra="92,78" who="1" fromWho="1" sc="250,-60,240,130,250,-30,250,-30" /><INIT seed="1,0,0,4,5,45" ten="190,370,220,220" oya="1" hai0="72,21,29,51,69,102,126,93,118,116,81,95,115" hai1="111,91,15,67,37,43,89,39,20,84,27,125,120" hai2="54,33,61,71,122,13,55,28,106,57,75,9,63" hai3="16,7,99,2,22,133,121,100,59,135,17,132,109"/><U47/><E120/><V105/><F122/><W123/><G109/><T25/><D69/><U11/><E67/><V36/><F36/><W42/><G42/><T113/><D126/><U119/><E91/><V35/><F75/><W80/><G17/><T96/><D95/><U78/><E78/><V83/><F83/><W49/><G80/><T128/><D128/><U68/><E68/><V30/><F71/><W23/><G23/><T44/><D72/><U4/><E125/><V38/><F38/><W97/><G7/><T5/><D81/><U117/><E39/><V107/><F13/><N who="3" m="9487" /><G2/><T10/><D115/><U88/><E111/><V70/><F9/><W130/><G99/><T82/><D82/><U98/><E98/><V41/><F41/><W14/><G14/><T103/><D116/><U94/><E89/><V48/><F70/><W58/><G58/><T18/><D113/><U73/><E73/><V79/><F79/><W26/><G26/><T112/><D118/><U114/><E114/><V86/><F86/><W110/><G130/><T131/><D112/><U65/><E65/><V66/><F66/><W34/><G110/><T90/><D131/><U53/><E53/><V46/><F106/><N who="3" m="63759" /><G34/><T40/><REACH who="0" step="1"/><D18/><AGARI ba="0,0" hai="4,11,15,18,20,27,37,43,47,84,88,94,117,119" machi="18" ten="30,2900,0" yaku="7,1,54,1" doraHai="45" who="1" fromWho="0" sc="190,-29,370,29,220,0,220,0" /><INIT seed="1,1,0,1,4,58" ten="161,399,220,220" oya="1" hai0="11,15,95,39,111,0,23,117,4,122,55,35,37" hai1="53,107,66,6,7,38,50,106,130,72,73,104,108" hai2="88,67,17,99,2,18,78,115,12,119,10,75,103" hai3="28,113,48,69,84,125,80,54,3,19,120,59,118"/><U33/><E38/><V42/><F119/><W20/><G120/><T65/><D117/><U85/><E33/><V109/><F109/><W81/><G118/><T102/><D111/><U34/><E34/><V47/><F115/><W51/><G113/><T89/><D122/><U30/><E30/><V5/><F67/><W105/><G125/><T56/><D65/><U79/><E66/><V96/><F96/><W29/><G69/><T14/><D35/><U112/><E112/><V100/><F18/><W60/><G3/><T133/><D102/><U124/><E124/><V64/><F64/><W110/><G105/><T44/><D133/><U116/><E116/><V31/><F31/><N who="3" m="11851" /><G110/><T46/><D39/><U132/><E108/><V70/><F70/><W86/><G86/><T127/><D127/><U97/><E132/><V24/><F24/><N who="3" m="14367" /><G80/><T126/><D126/><U9/><E85/><V94/><F17/><W82/><G82/><T91/><D37/><U40/><E40/><V98/><BYE who="1" /><F98/><W25/><G25/><T8/><D23/><UN n1="%E3%81%BE%E3%81%A8%E3%81%9F" /><U77/><E107/><V27/><F27/><W49/><G48/><T43/><D43/><U21/><E106/><V90/><F12/><N who="0" m="4650" /><D8/><U26/><E9/><V36/><F100/><W92/><G92/><T52/><D91/><AGARI ba="1,0" hai="49,51,54,59,60,81,84,91" m="14367,11851" machi="91" ten="30,2000,0" yaku="8,1,52,1" doraHai="58" who="3" fromWho="0" sc="161,-23,399,0,220,0,220,23" /><INIT seed="2,0,0,0,1,103" ten="138,399,220,243" oya="2" hai0="131,99,46,14,70,125,83,96,130,78,113,91,79" hai1="120,19,60,56,90,63,127,102,126,97,132,29,85" hai2="76,123,49,41,92,121,75,55,38,30,31,26,77" hai3="1,133,124,54,107,47,18,15,109,28,6,108,117"/><V40/><F92/><W64/><G64/><T13/><D70/><U68/><E68/><V9/><F9/><N who="3" m="2255" /><G54/><T21/><D113/><U135/><E29/><V51/><F26/><W82/><G47/><T115/><D115/><U2/><E2/><V84/><F84/><W17/><G82/><T52/><D125/><N who="1" m="47627" /><E19/><N who="3" m="7178" /><G107/><T80/><D21/><U36/><E36/><V98/><F98/><W0/><G124/><T27/><D27/><U32/><E32/><V33/><F33/><W81/><G81/><T66/><D66/><U61/><E90/><V73/><REACH who="2" step="1"/><F55/><REACH who="2" ten="138,399,210,243" step="2"/><W95/><G95/><T112/><D52/><N who="1" m="33799" /><E85/><V34/><F34/><W134/><G0/><T105/><D112/><U50/><E97/><V53/><F53/><W88/><G28/><T16/><D46/><U118/><E132/><V119/><F119/><W69/><G117/><T93/><D91/><U94/><E135/><V20/><F20/><W11/><G134/><T89/><D93/><U7/><E118/><V67/><F67/><W114/><G133/><T72/><D89/><U62/><E102/><V44/><F44/><W57/><G114/><T10/><D72/><U8/><E63/><V37/><AGARI ba="0,1" hai="30,31,37,38,40,41,49,51,73,75,76,77,121,123" machi="37" ten="25,9600,0" yaku="1,1,0,1,22,2,53,0" doraHai="103" doraHaiUra="42" who="2" fromWho="2" sc="138,-32,399,-32,210,106,243,-32" /><INIT seed="2,1,0,0,3,69" ten="106,367,316,211" oya="2" hai0="83,135,78,97,4,2,98,34,48,36,54,6,104" hai1="134,82,94,49,71,65,55,43,95,42,72,10,61" hai2="92,80,110,85,109,70,8,75,106,26,91,56,25" hai3="0,76,37,86,107,7,62,12,122,96,113,40,116"/><V63/><F106/><W15/><G86/><T19/><D34/><U9/><E134/><V13/><F70/><W121/><G15/><T114/><D135/><U132/><E132/><V17/><F75/><W41/><G12/><T53/><D114/><U119/><E119/><V123/><F123/><W105/><G40/><T115/><D115/><U33/><E33/><V88/><F109/><W102/><G113/><T101/><D98/><U52/><E55/><V79/><F110/><W74/><G62/><T130/><D130/><U64/><E64/><V24/><REACH who="2" step="1"/><F92/><REACH who="2" ten="106,367,306,211" step="2"/><W23/><G107/><T66/><D66/><AGARI ba="1,1" hai="8,13,17,24,25,26,56,63,66,79,80,85,88,91" machi="66" ten="40,12000,1" yaku="1,1,2,1,8,1,54,1,53,0" doraHai="69" doraHaiUra="32" who="2" fromWho="0" sc="106,-123,367,0,306,133,211,0" owari="-17,-51.7,367,16.7,439,53.9,211,-18.9" /></mjloggm>