<mjloggm ver="2.3"><GO type="225" lobby="0"/><UN n0="%72%69%6F%75%63%68%61%6E" n1="%E3%82%BC%E3%83%AB%E3%83%80%E3%81%AE%E4%BC%9D%E8%AA%AC" n2="%E3%83%81%E3%83%83%E3%82%BF%E3%82%BD%E3%83%BC" n3="%72%65%6E%6B%75%6E" dan="16,17,17,17" rate="2141.93,2143.64,2197.96,2180.19" sx="M,M,F,M"/><TAIKYOKU oya="0"/><INIT seed="0,0,0,4,4,55" ten="250,250,250,250" oya="0" hai0="130,35,93,98,60,4,1,22,115,6,32,82,24" hai1="113,129,18,63,11,76,33,104,71,46,105,39,50" hai2="106,51,122,56,3,69,96,45,2,89,27,52,90" hai3="25,88,12,0,37,131,99,111,125,95,10,135,59"/><T21/><D115/><U112/><E33/><V19/><F122/><W85/><G37/><T94/><D130/><U42/><E129/><V44/><F69/><W7/><G131/><T75/><D1/><U64/><E76/><V58/><F2/><W126/><G111/><T40/><D40/><U123/><E123/><V30/><F3/><W121/><G121/><T26/><D60/><U17/><E39/><V68/><F68/><W57/><G135/><T34/><D82/><U62/><E62/><V54/><F19/><N who="1" m="7177" /><E11/><V119/><F119/><W97/><G0/><T29/><D75/><U5/><E5/><N who="0" m="2153" /><D98/><N who="3" m="37385" /><G25/><N who="0" m="9835" /><D29/><U87/><E87/><V128/><F128/><W14/><G12/><T13/><D13/><U80/><E80/><V79/><F79/><W28/><G28/><T120/><D120/><U78/><E78/><V117/><F117/><W132/><G132/><T72/><D72/><U38/><E38/><V15/><F15/><W48/><G48/><T65/><D65/><U66/><E64/><V83/><F83/><W74/><G74/><T116/><D116/><U41/><E42/><V109/><F27/><W53/><G53/><T127/><D127/><AGARI ba="0,0" hai="7,10,14,57,59,85,88,95,125,126,127" m="37385" machi="127" ten="30,7700,0" yaku="18,1,52,2,54,1" doraHai="55" who="3" fromWho="0" sc="250,-77,250,0,250,0,250,77" /><INIT seed="1,0,0,3,1,24" ten="173,250,250,327" oya="1" hai0="130,15,42,56,45,101,55,62,33,72,134,57,99" hai1="115,79,68,81,39,74,23,107,40,117,132,46,10" hai2="9,4,86,116,91,35,127,128,87,26,97,85,108" hai3="14,121,53,88,20,43,16,100,126,112,83,5,41"/><U110/><E115/><V73/><F116/><W1/><G112/><T11/><D130/><U119/><E107/><V94/><F73/><W131/><G121/><T27/><D134/><U89/><E132/><V17/><F108/><W113/><G113/><T125/><D125/><U13/><E68/><V0/><F128/><W111/><G131/><T28/><D72/><U71/><E71/><V114/><F127/><W19/><G126/><T7/><D56/><U84/><E23/><V65/><F114/><W78/><G111/><T38/><D99/><U80/><REACH who="1" step="1"/><E110/><REACH who="1" ten="173,240,250,327" step="2"/><V32/><F35/><W29/><G29/><T30/><D28/><U67/><E67/><V133/><F133/><W37/><G37/><T105/><D105/><U109/><E109/><V48/><F65/><W124/><G124/><T36/><REACH who="0" step="1"/><D101/><REACH who="0" ten="163,240,250,327" step="2"/><U31/><E31/><V103/><F103/><W22/><G100/><T135/><D135/><U8/><E8/><V63/><F9/><W6/><G22/><T2/><D2/><U59/><E59/><V82/><F0/><W122/><G1/><T118/><D118/><U93/><E93/><V90/><F94/><W58/><G20/><T70/><D70/><U66/><E66/><V77/><F32/><W92/><G92/><T51/><AGARI ba="0,2" hai="7,11,15,27,30,33,36,38,42,45,51,55,57,62" machi="51" ten="20,5200,0" yaku="1,1,0,1,7,1,52,1,53,0" doraHai="24" doraHaiUra="95" who="0" fromWho="0" sc="163,72,240,-26,250,-13,327,-13" /><INIT seed="2,0,0,4,1,99" ten="235,214,237,314" oya="2" hai0="100,71,126,116,69,73,81,131,11,56,31,32,12" hai1="77,51,49,89,3,43,93,39,23,85,33,50,42" hai2="25,102,2,79,128,104,10,16,37,97,82,41,7" hai3="106,118,8,58,61,112,115,6,74,101,92,4,130"/><V108/><F128/><W54/><G118/><T46/><D131/><U55/><E33/><V0/><F108/><W36/><G130/><T40/><D126/><U38/><E3/><V29/><F0/><W123/><G123/><T107/><D116/><U121/><E121/><V70/><F70/><W110/><G110/><T75/><D56/><U86/><E39/><V48/><F48/><W30/><G74/><T134/><D134/><U87/><E38/><V91/><F91/><W129/><G36/><N who="0" m="21767" /><D12/><U9/><E9/><V14/><F37/><W72/><G72/><N who="0" m="27723" /><D81/><U53/><E23/><V125/><F125/><W65/><G92/><T114/><D11/><U117/><E117/><V22/><F41/><N who="1" m="15369" /><E77/><V95/><F104/><W111/><G30/><T60/><D60/><U120/><E120/><V124/><F124/><W28/><G28/><T109/><D114/><U59/><E59/><V17/><F2/><N who="3" m="23" /><G6/><T96/><D109/><U63/><E63/><V1/><F1/><W44/><G111/><T132/><D132/><U62/><E62/><V5/><F7/><W21/><G21/><T84/><D84/><AGARI ba="0,0" hai="49,50,51,53,55,84,85,86,87,89,93" m="15369" machi="84" ten="30,1000,0" yaku="8,1" doraHai="99" who="1" fromWho="0" sc="235,-10,214,10,237,0,314,0" /><AGARI ba="0,0" hai="5,10,14,16,17,22,25,29,79,82,84,95,97,102" machi="84" ten="30,11600,0" yaku="7,1,8,1,52,1,54,1" doraHai="99" who="2" fromWho="0" sc="225,-116,224,0,237,116,314,0" /><INIT seed="2,1,0,0,2,82" ten="109,224,353,314" oya="2" hai0="106,36,2,17,121,86,53,63,39,7,46,59,60" hai1="88,6,84,98,15,81,122,38,4,116,11,83,26" hai2="57,21,79,134,76,124,99,102,30,41,22,80,109" hai3="119,104,49,13,33,9,92,93,110,45,18,56,3"/><V128/><F124/><W69/><G69/><T0/><D121/><U114/><E116/><V64/><F128/><W40/><G104/><T132/><D106/><U129/><E114/><V37/><F134/><W58/><G119/><T105/><D105/><U135/><E38/><V78/><F41/><W5/><G110/><T112/><D112/><U97/><E135/><V32/><F37/><W16/><G33/><T123/><D123/><U34/><E122/><V126/><F126/><W27/><G27/><T108/><D108/><U111/><E111/><V65/><F109/><W8/><G18/><T19/><D36/><U117/><E117/><V51/><F32/><W71/><G71/><T101/><D0/><U115/><E115/><V44/><F80/><W89/><REACH who="3" step="1"/><G92/><REACH who="3" ten="109,224,353,304" step="2"/><T42/><D132/><U96/><E129/><V12/><F30/><W75/><G75/><T68/><D68/><U10/><E34/><V62/><F22/><W28/><G28/><T118/><D118/><U35/><E35/><V31/><F31/><W14/><G14/><T55/><D2/><U20/><E83/><V77/><F21/><W67/><G67/><T23/><D7/><N who="1" m="2603" /><E15/><V25/><F25/><W54/><G54/><T87/><D17/><AGARI ba="1,1" hai="10,11,17,20,26,81,84,88,96,97,98" m="2603" machi="17" ten="30,3900,0" yaku="8,1,52,1,54,1" doraHai="82" who="1" fromWho="0" sc="109,-42,224,52,353,0,304,0" /><INIT seed="3,0,0,4,0,78" ten="67,276,353,304" oya="3" hai0="32,17,91,102,104,63,36,3,29,53,21,90,0" hai1="88,93,82,84,55,46,56,35,128,103,89,54,110" hai2="83,109,118,134,11,61,71,26,23,38,39,65,34" hai3="124,47,9,113,76,120,59,72,60,101,13,28,1"/><W127/><G113/><T112/><D36/><U69/><E35/><V51/><F118/><W66/><G120/><T117/><D117/><U116/><E116/><V6/><F34/><W99/><G28/><T125/><D125/><N who="3" m="48201" /><G1/><T81/><D112/><U122/><E69/><V16/><F109/><W77/><G47/><T86/><D32/><U15/><E122/><V5/><F134/><W114/><G114/><T85/><D29/><U18/><E110/><V30/><F51/><W107/><G72/><T130/><D130/><U41/><E128/><V50/><F50/><W100/><G101/><T80/><D104/><U74/><E103/><V94/><F94/><W105/><G105/><T108/><D108/><U70/><E70/><V24/><F5/><AGARI ba="0,0" hai="5,9,13,59,60,66,76,77,99,100,107" m="48201" machi="5" ten="30,1500,0" yaku="18,1" doraHai="78" who="3" fromWho="2" sc="67,0,276,0,353,-15,304,15" /><INIT seed="3,1,0,1,3,96" ten="67,276,338,319" oya="3" hai0="49,28,132,79,104,98,37,135,62,33,117,89,25" hai1="121,42,32,119,17,16,110,67,53,131,24,3,14" hai2="10,118,134,100,82,113,20,27,95,5,51,85,90" hai3="60,109,81,50,30,106,107,86,87,52,94,93,7"/><W48/><G109/><T39/><D117/><U46/><E121/><V6/><F113/><W111/><G111/><T36/><D89/><U116/><E110/><V58/><F134/><W8/><G30/><T114/><D49/><N who="3" m="19049" /><G107/><T56/><D79/><U23/><E131/><V64/><F118/><W92/><G106/><T125/><D114/><U108/><E108/><V66/><F10/><W130/><G130/><T12/><D12/><U65/><E53/><N who="2" m="32063" /><F5/><W45/><G45/><T91/><D91/><U71/><E3/><V26/><F6/><W128/><G128/><T63/><D125/><U29/><E65/><N who="2" m="25195" /><F20/><W59/><G81/><T70/><D56/><U9/><E67/><V74/><F74/><W120/><G120/><T126/><D70/><U47/><E71/><V19/><F19/><W115/><G115/><T41/><D41/><U4/><E47/><V112/><F112/><W31/><G31/><T40/><D40/><U78/><E78/><V11/><F11/><W54/><G54/><T15/><D126/><U21/><E46/><V124/><F124/><W99/><G99/><AGARI ba="1,0" hai="26,27,82,85,90,95,99,100" m="25195,32063" machi="99" ten="30,2000,0" yaku="8,1,52,1" doraHai="96" who="2" fromWho="3" sc="67,0,276,0,338,23,319,-23" owari="67,-43.3,276,-12.4,361,46.1,296,9.6" /></mjloggm>