<mjloggm ver="2.3"><GO type="225" lobby="0"/><UN n0="%E3%83%96%E3%83%83%E3%83%91%E3%82%AA%E3%83%96%E3%83%81%E3%82%AD%E3%83%B3" n1="%E5%91%A8%E6%9D%B1" n2="%70%6F%69%73%6F%6E%30%32" n3="%E3%82%BC%E3%83%AB%E3%83%80%E3%81%AE%E4%BC%9D%E8%AA%AC" dan="17,16,16,17" rate="2196.55,2196.26,2050.80,2128.33" sx="M,M,M,M"/><TAIKYOKU oya="0"/><INIT seed="0,0,0,5,2,23" ten="250,250,250,250" oya="0" hai0="9,93,69,41,130,15,30,100,33,65,3,49,81" hai1="112,28,104,91,127,79,0,132,27,114,43,95,60" hai2="126,78,107,25,120,75,5,2,87,106,71,98,86" hai3="14,13,38,26,118,40,123,18,52,135,29,48,102"/><T117/><D117/><U8/><E104/><V82/><F71/><W116/><G135/><T113/><D113/><N who="1" m="43627" /><E132/><V51/><F120/><W85/><G123/><T134/><D134/><U11/><E127/><V84/><F126/><W67/><G67/><T37/><D130/><U36/><E79/><V76/><F2/><W1/><G1/><T94/><D37/><U122/><E0/><V110/><F5/><W83/><G38/><T53/><D3/><U50/><E36/><V90/><F51/><W124/><G102/><T45/><D100/><U88/><E122/><V12/><F110/><W74/><G40/><T103/><D103/><U70/><E91/><V17/><F78/><W68/><G13/><T59/><D69/><U57/><E50/><V108/><F108/><W19/><G74/><T101/><D101/><U111/><E43/><V35/><F98/><W22/><G68/><T24/><D81/><U54/><E111/><V55/><F90/><N who="3" m="51519" /><G124/><T73/><D73/><U109/><E109/><V61/><F61/><W80/><G80/><T47/><D41/><U105/><E105/><V77/><F77/><W32/><G18/><T97/><D97/><N who="1" m="57575" /><E70/><V46/><F107/><W16/><G19/><T20/><D33/><AGARI ba="0,0" hai="8,11,27,28,33,54,57,60" m="57575,43627" machi="33" ten="30,3900,0" yaku="11,1,52,1,54,1" doraHai="23" who="1" fromWho="0" sc="250,-39,250,39,250,0,250,0" /><INIT seed="1,0,0,1,2,59" ten="211,289,250,250" oya="1" hai0="92,77,5,44,20,79,60,94,37,24,108,32,73" hai1="118,87,35,84,85,135,100,55,2,53,23,50,83" hai2="27,21,111,105,31,132,115,74,13,54,61,101,56" hai3="22,67,116,134,8,86,119,131,76,11,29,124,107"/><U16/><E35/><V117/><F111/><W121/><G107/><T1/><D108/><U49/><E2/><V47/><F117/><N who="3" m="45131" /><G121/><T15/><D1/><U38/><E38/><V122/><F122/><W120/><G120/><T71/><D32/><U51/><E118/><V68/><F74/><W14/><G67/><T91/><D37/><U64/><E135/><V33/><F132/><W123/><G123/><T41/><D73/><U18/><E100/><V72/><F72/><W93/><G134/><T52/><D41/><U39/><E39/><V133/><F133/><W99/><G124/><T70/><D70/><U12/><E83/><V97/><F115/><W125/><G125/><T109/><D109/><U9/><REACH who="1" step="1"/><E64/><REACH who="1" ten="211,279,250,250" step="2"/><V10/><F33/><W90/><G131/><T126/><D126/><U58/><E58/><V78/><F68/><W112/><G112/><T113/><D71/><U4/><E4/><V3/><F3/><W98/><G98/><T95/><D113/><U66/><E66/><V6/><F47/><W57/><G57/><N who="0" m="34855" /><D44/><U89/><E89/><V7/><F78/><W69/><G69/><T103/><D91/><U65/><E65/><V28/><F6/><W34/><G76/><T81/><D103/><U102/><E102/><V80/><F80/><W26/><G99/><T0/><D81/><U130/><E130/><V104/><F104/><W128/><G128/><T129/><D0/><U45/><E45/><V127/><F127/><W30/><G30/><AGARI ba="0,1" hai="7,10,13,21,27,28,30,31,54,56,61,97,101,105" machi="30" ten="30,2000,0" yaku="7,1,52,1" doraHai="59" who="2" fromWho="3" sc="211,0,279,0,250,30,250,-20" /><INIT seed="2,0,0,1,4,41" ten="211,279,280,230" oya="2" hai0="12,30,96,129,29,99,94,23,3,81,77,91,61" hai1="11,15,22,36,125,35,105,66,6,47,118,8,74" hai2="107,53,16,17,110,114,4,5,45,103,126,26,115" hai3="113,127,67,132,49,18,20,111,42,108,28,131,106"/><V60/><F126/><W0/><G106/><T46/><D129/><U82/><E118/><V120/><F120/><W85/><G0/><T134/><D3/><U51/><E125/><V89/><F107/><W95/><G127/><T97/><D134/><U62/><E105/><V70/><F103/><W112/><G67/><T19/><D61/><U24/><E36/><V31/><F110/><N who="3" m="42027" /><G28/><T84/><D97/><U128/><E35/><V123/><F123/><W34/><G34/><T133/><D133/><U73/><E11/><V48/><F115/><N who="3" m="44107" /><G132/><T50/><REACH who="0" step="1"/><D99/><REACH who="0" ten="201,279,280,230" step="2"/><U25/><E128/><V116/><F114/><W40/><G131/><T27/><D27/><U78/><E25/><V63/><F116/><W88/><G49/><T21/><D21/><U43/><E22/><V117/><F63/><W54/><G54/><AGARI ba="0,1" hai="12,19,23,29,30,46,50,54,77,81,84,91,94,96" machi="54" ten="30,7700,0" yaku="1,1,7,1,8,1,52,1,53,0" doraHai="41" doraHaiUra="58" who="0" fromWho="3" sc="201,87,279,0,280,0,230,-77" /><INIT seed="3,0,0,3,4,38" ten="288,279,280,153" oya="3" hai0="43,27,1,46,108,114,105,52,62,72,87,67,45" hai1="37,125,58,119,11,40,96,97,57,117,9,128,33" hai2="82,28,31,56,22,54,135,91,29,92,107,55,47" hai3="76,121,89,81,10,4,51,24,32,64,134,116,122"/><W7/><G116/><N who="1" m="44618" /><E33/><V42/><F107/><W68/><G134/><T112/><D72/><U113/><E113/><N who="0" m="43625" /><D1/><U20/><E128/><V104/><F104/><W124/><G124/><T61/><D105/><U50/><E37/><V13/><F135/><W8/><G89/><T79/><D108/><U60/><E20/><V83/><F13/><W129/><G129/><T70/><D27/><U118/><N who="1" m="44626" /><U6/><DORA hai="131" /><E125/><V65/><F22/><W25/><G64/><N who="0" m="41231" /><D52/><N who="2" m="20010" /><F56/><N who="1" m="21609" /><E60/><V15/><F15/><W19/><G68/><T21/><D21/><U16/><E16/><V78/><F78/><W30/><G51/><N who="0" m="27071" /><D46/><N who="1" m="25927" /><E9/><V69/><F69/><W73/><G24/><T88/><D62/><U12/><AGARI ba="0,0" hai="6,11,12,96,97" m="25927,21609,44626" machi="12" ten="40,2700,0" yaku="12,1,52,1" doraHai="38,131" who="1" fromWho="1" sc="288,-7,279,27,280,-7,153,-13" owari="281,8.1,306,40.6,273,-12.7,140,-36.0" /></mjloggm>