<mjloggm ver="2.3"><GO type="225" lobby="0"/><UN n0="%E3%81%BF%E3%81%BF%E3%81%9A" n1="%E5%8D%A0%E3%81%84%E5%B8%AB%E8%A3%8F%E3%81%AA%E3%81%84%E3%81%97" n2="%E6%B4%BE%E9%81%A3%E3%81%AE%E3%82%B8%E3%83%A3%E3%83%83%E3%82%AF" n3="%E6%A0%B9%E5%85%83%E3%81%8B%E3%82%89%E5%90%B9%E3%81%A3%E9%A3%9B%E3%81%B6" dan="18,17,17,17" rate="2221.95,2168.88,2195.58,2109.95" sx="M,M,M,F"/><TAIKYOKU oya="0"/><INIT seed="0,0,0,1,3,62" ten="250,250,250,250" oya="0" hai0="1,90,108,43,79,7,59,92,130,9,87,39,70" hai1="15,91,23,42,123,21,0,110,28,106,63,6,93" hai2="44,4,25,12,75,10,111,71,69,56,135,112,20" hai3="116,104,24,27,125,95,65,34,100,8,35,118,11"/><T114/><D114/><U67/><E123/><V54/><F112/><W96/><G125/><T77/><D70/><U124/><E106/><V134/><F75/><W113/><G113/><T40/><D130/><U76/><E0/><V84/><F44/><W88/><G27/><T2/><D108/><U14/><E110/><V31/><F84/><W127/><G127/><T66/><D1/><U72/><E42/><V19/><F111/><W53/><G53/><T33/><D33/><U101/><E101/><V64/><F4/><W131/><G131/><T86/><D39/><U22/><E124/><V129/><F129/><W32/><G24/><T117/><D117/><U120/><E28/><V103/><F103/><W30/><G30/><T80/><REACH who="0" step="1"/><D77/><REACH who="0" ten="240,250,250,250" step="2"/><U109/><E109/><V38/><F38/><W57/><G116/><T105/><D105/><U82/><E120/><V41/><F69/><W36/><G36/><T46/><D46/><U73/><E73/><V52/><F71/><W50/><G118/><T60/><AGARI ba="0,1" hai="2,7,9,40,43,59,60,66,79,80,86,87,90,92" machi="60" ten="30,11700,0" yaku="1,1,0,1,52,1,53,1" doraHai="62" doraHaiUra="78" who="0" fromWho="0" sc="240,127,250,-39,250,-39,250,-39" /><INIT seed="0,1,0,3,3,35" ten="367,211,211,211" oya="0" hai0="97,95,34,19,118,98,58,91,134,124,42,2,54" hai1="55,65,14,23,5,116,69,106,121,62,107,24,31" hai2="13,64,37,3,99,87,78,25,110,108,71,12,17" hai3="96,77,112,46,129,56,51,92,50,94,126,128,1"/><T120/><D118/><U39/><E116/><V80/><F37/><W44/><G112/><T38/><D120/><U83/><E121/><V89/><F25/><W18/><G126/><T127/><D34/><U16/><E39/><V115/><F115/><W72/><G18/><T20/><D134/><U22/><E55/><V47/><F47/><N who="3" m="17963" /><G72/><T101/><D38/><U30/><E30/><V7/><F64/><W61/><G77/><T114/><D42/><U102/><E102/><V76/><F71/><W111/><G111/><N who="2" m="42537" /><F99/><W105/><G105/><T103/><D114/><U74/><REACH who="1" step="1"/><E5/><REACH who="1" ten="367,201,211,211" step="2"/><V10/><F13/><W11/><G129/><T41/><D127/><U63/><E63/><V67/><F67/><W29/><G61/><N who="0" m="36055" /><D124/><U90/><E90/><V131/><F131/><W130/><G128/><T52/><D41/><U93/><E93/><V66/><F66/><W133/><G94/><N who="0" m="56543" /><D52/><U53/><E53/><V26/><F26/><W8/><G130/><T104/><D104/><U109/><E109/><V36/><F36/><W4/><G92/><T9/><D103/><U122/><E122/><V81/><F81/><W100/><G100/><T40/><D40/><U49/><E49/><V68/><F68/><W21/><G51/><T43/><D43/><U33/><E33/><V119/><F119/><W85/><G50/><T84/><D101/><U125/><E125/><V32/><F32/><W113/><G113/><T70/><D95/><U60/><E60/><V82/><F82/><W27/><G96/><T132/><D98/><U88/><E88/><V75/><F75/><W0/><G85/><RYUUKYOKU ba="1,1" sc="367,-15,201,15,211,15,211,-15" hai1="14,16,22,23,24,31,62,65,69,74,83,106,107" hai2="3,7,10,12,17,76,78,80,87,89" /><INIT seed="1,2,1,3,5,73" ten="352,216,226,196" oya="1" hai0="28,39,88,15,106,56,94,74,80,36,26,117,67" hai1="130,87,111,119,128,85,114,38,81,23,60,129,58" hai2="70,2,49,65,17,133,96,90,10,4,59,42,34" hai3="98,121,47,71,127,5,134,97,3,89,135,16,25"/><U132/><E114/><V46/><F133/><N who="3" m="50699" /><G121/><T19/><D106/><U57/><E119/><V122/><F122/><W22/><G71/><T92/><D117/><U84/><E132/><V83/><F34/><W11/><G127/><T131/><D131/><U79/><E38/><V30/><F30/><W64/><G64/><T62/><D94/><U124/><E124/><V69/><F17/><W72/><G72/><T41/><D80/><U120/><E120/><V40/><F40/><W123/><G123/><T102/><D102/><U107/><E107/><V68/><F59/><N who="1" m="22537" /><E111/><V104/><F104/><W78/><G78/><T76/><D76/><U82/><E23/><V95/><REACH who="2" step="1"/><F83/><REACH who="2" ten="352,216,216,196" step="2"/><N who="1" m="31753" /><E79/><V13/><F13/><W126/><G126/><T43/><D41/><U9/><E60/><AGARI ba="2,2" hai="2,4,10,42,46,49,60,65,68,69,70,90,95,96" machi="60" ten="40,1300,0" yaku="1,1,53,0" doraHai="73" doraHaiUra="52" who="2" fromWho="1" sc="352,0,216,-19,216,39,196,0" /><INIT seed="2,0,0,1,2,24" ten="352,197,255,196" oya="2" hai0="87,102,74,65,25,0,83,23,45,78,30,32,43" hai1="97,129,77,84,117,127,86,60,126,71,121,40,94" hai2="122,134,92,81,58,49,5,131,64,79,38,109,93" hai3="105,73,2,67,13,88,53,59,112,31,1,103,90"/><V89/><F122/><W15/><G73/><T10/><D102/><U48/><E117/><V47/><F38/><W42/><G1/><T20/><D65/><N who="1" m="41383" /><E121/><V14/><F134/><W114/><G2/><T16/><D87/><U125/><E77/><V132/><F132/><W26/><G42/><T135/><D135/><U106/><E106/><V3/><F3/><W19/><G67/><T101/><D101/><N who="1" m="60599" /><E129/><V123/><F123/><W33/><G103/><T128/><D128/><U17/><E17/><V22/><F131/><W104/><G13/><T61/><D61/><U6/><E6/><V98/><F92/><W107/><G114/><T113/><D113/><U7/><E7/><V95/><F95/><W75/><G75/><T69/><D69/><U37/><E37/><V119/><F119/><W66/><G66/><T100/><D100/><U46/><AGARI ba="0,0" hai="40,46,48,84,86,125,126,127" m="60599,41383" machi="46" ten="40,1500,0" yaku="18,1" doraHai="24" who="1" fromWho="1" sc="352,-4,197,15,255,-7,196,-4" /><INIT seed="3,0,0,2,2,77" ten="348,212,248,192" oya="3" hai0="83,123,32,7,120,119,86,46,131,88,129,111,6" hai1="125,35,37,58,19,0,8,71,59,95,21,49,9" hai2="92,14,107,34,81,44,45,25,76,106,50,2,18" hai3="127,26,132,57,33,47,12,109,22,39,15,114,27"/><W31/><G114/><T16/><D111/><U134/><E71/><V112/><F2/><W11/><G109/><T105/><D119/><U128/><E37/><V78/><F112/><W4/><G127/><T70/><D105/><U30/><E125/><V121/><F121/><W36/><G132/><T41/><D70/><U87/><E134/><V63/><F63/><W40/><G39/><N who="0" m="21823" /><D16/><U96/><E128/><N who="0" m="49225" /><D32/><U24/><E87/><V51/><F92/><W73/><G73/><T122/><AGARI ba="0,0" hai="6,7,83,86,88,120,122,123" m="49225,21823" machi="122" ten="40,5200,0" yaku="19,1,52,1,54,1" doraHai="77" who="0" fromWho="0" sc="348,52,212,-13,248,-13,192,-26" owari="400,50.0,199,-20.1,235,3.5,166,-33.4" /></mjloggm>