<mjloggm ver="2.3"><GO type="225" lobby="0"/><UN n0="%E3%81%AF%E3%82%88%E3%81%8A%E3%81%98%E3%81%95%E3%82%93" n1="%E3%83%81%E3%83%83%E3%82%BF%E3%82%BD%E3%83%BC" n2="%E3%81%95%E3%81%8D%E3%81%9F%E3%81%BE%E6%9E%97%E6%AA%8E" n3="%E3%83%A9%E3%83%BC%E3%83%A1%E3%83%B3%E4%BA%94%E9%83%8E" dan="17,17,16,16" rate="2151.51,2225.98,2110.42,2140.87" sx="M,F,M,M"/><TAIKYOKU oya="0"/><INIT seed="0,0,0,0,5,99" ten="250,250,250,250" oya="0" hai0="90,91,58,34,126,79,76,93,5,22,16,15,56" hai1="38,24,4,89,31,108,64,118,13,17,128,88,57" hai2="130,83,111,2,66,40,127,77,30,124,122,119,82" hai3="70,123,25,61,85,49,62,116,71,113,109,81,68"/><T21/><D34/><U98/><E108/><V54/><F111/><W41/><G109/><T48/><D126/><N who="2" m="48170" /><F122/><W115/><G123/><T75/><D5/><U92/><E128/><V8/><F130/><W97/><G116/><T18/><D75/><U53/><E118/><V96/><F119/><W45/><G25/><T100/><D100/><U129/><E129/><V12/><F2/><W133/><G133/><T23/><D48/><U125/><E125/><V74/><F66/><W110/><G110/><T117/><D117/><U10/><E38/><V43/><F30/><W132/><G132/><T47/><D47/><U103/><E64/><V101/><F83/><W33/><G33/><T19/><D15/><U42/><E42/><V3/><F54/><W84/><G84/><T1/><D1/><U73/><E4/><N who="2" m="3079" /><F3/><W0/><G0/><T14/><D14/><U44/><E44/><V37/><F37/><W11/><G115/><T26/><D26/><U102/><E73/><V121/><F121/><W78/><G113/><T59/><REACH who="0" step="1"/><D93/><AGARI ba="0,0" hai="40,43,74,77,82,93,96,101" m="3079,48170" machi="93" ten="30,2000,0" yaku="18,1,52,1" doraHai="99" who="2" fromWho="0" sc="250,-20,250,0,250,20,250,0" /><INIT seed="1,0,0,1,3,85" ten="230,250,270,250" oya="1" hai0="90,16,92,32,128,106,67,97,12,25,101,72,113" hai1="17,66,46,114,23,63,57,45,28,51,68,120,127" hai2="69,2,65,121,119,13,95,20,43,22,132,7,122" hai3="125,37,3,112,73,104,89,83,111,0,29,27,34"/><U117/><E120/><V39/><F119/><W26/><G112/><T105/><D113/><U108/><E114/><V5/><F2/><W124/><G104/><T80/><D128/><U56/><E127/><N who="3" m="48714" /><G111/><T82/><D67/><U70/><E117/><V78/><F132/><W36/><G27/><T47/><D47/><U88/><E28/><V110/><F110/><W41/><G41/><T18/><D72/><U54/><E108/><V123/><F78/><N who="3" m="44495" /><G89/><T9/><D105/><U42/><E45/><V77/><F77/><W35/><G35/><T133/><D133/><U74/><E74/><V1/><F1/><AGARI ba="0,0" hai="0,1,3,26,29,34,36,37" m="44495,48714" machi="1" ten="30,2000,0" yaku="18,1,23,1" doraHai="85" who="3" fromWho="2" sc="230,0,250,0,270,-20,250,20" /><INIT seed="2,0,0,2,3,26" ten="230,250,250,270" oya="2" hai0="89,4,100,19,86,58,127,10,96,135,71,104,130" hai1="82,38,14,92,95,126,52,85,53,123,116,112,70" hai2="131,81,40,93,106,54,128,74,75,120,48,30,87" hai3="124,105,16,23,80,56,27,36,57,41,110,34,28"/><V25/><F120/><W118/><G118/><T21/><D71/><U107/><E116/><V7/><F106/><W101/><G110/><T102/><D127/><U0/><E0/><V134/><F134/><W68/><G68/><T122/><D130/><N who="2" m="49706" /><F40/><W18/><G124/><T60/><D135/><U46/><E126/><V37/><F93/><W59/><G80/><T51/><D122/><U108/><E108/><V6/><F37/><W119/><G119/><T84/><D51/><U129/><E70/><V47/><F75/><W117/><G117/><T133/><D100/><U20/><E107/><V103/><F103/><W113/><G113/><T8/><D133/><U22/><E112/><V76/><F74/><W17/><G41/><T3/><D10/><U115/><E115/><V88/><F76/><W97/><REACH who="3" step="1"/><G36/><REACH who="3" ten="230,250,250,260" step="2"/><T9/><D3/><U79/><E38/><V13/><F13/><AGARI ba="0,1" hai="13,16,17,18,23,27,28,34,56,57,59,97,101,105" machi="13" ten="40,8000,1" yaku="1,1,2,1,52,1,54,1,53,0" doraHai="26" doraHaiUra="90" who="3" fromWho="2" sc="230,0,250,0,250,-80,260,90" /><INIT seed="3,0,0,0,1,59" ten="230,250,170,350" oya="3" hai0="106,121,22,90,83,129,114,76,89,11,5,110,75" hai1="77,51,63,92,43,9,135,79,52,40,36,118,86" hai2="27,25,17,127,16,62,116,128,7,109,13,71,102" hai3="74,107,34,26,46,122,54,115,4,64,124,93,113"/><W49/><G122/><T18/><D121/><U12/><E135/><V120/><F116/><W69/><G74/><T31/><D106/><U67/><E118/><V42/><F120/><W37/><G4/><T132/><D132/><U66/><E36/><V126/><F102/><W133/><G133/><T1/><D110/><U85/><E67/><N who="2" m="41463" /><F7/><W119/><G124/><N who="2" m="47657" /><F42/><W97/><G119/><T72/><D75/><U58/><E85/><V101/><F101/><N who="3" m="62895" /><G93/><T94/><D31/><U20/><E20/><N who="2" m="11279" /><F109/><W47/><G115/><T29/><D114/><U60/><E40/><V57/><F128/><W6/><G6/><T70/><D129/><U35/><E43/><V30/><F17/><W38/><G113/><T14/><D70/><U65/><E35/><V117/><F117/><W24/><G34/><T15/><D1/><U100/><E100/><V111/><F111/><W81/><G38/><T82/><D5/><U105/><E105/><V112/><F112/><W50/><G37/><T123/><D123/><U87/><E86/><V2/><F2/><W41/><G41/><T32/><D18/><N who="1" m="8463" /><E92/><V39/><F39/><W96/><G96/><T95/><D95/><U88/><E79/><V130/><F130/><W99/><G99/><T10/><D94/><N who="1" m="54559" /><E77/><V73/><F73/><W104/><G104/><T108/><D76/><U84/><E84/><V55/><F30/><W78/><G78/><T33/><D72/><U23/><E23/><V44/><F44/><W0/><G47/><T61/><D108/><U3/><E3/><V28/><F28/><W103/><G0/><T45/><D29/><RYUUKYOKU ba="0,0" sc="230,-15,250,15,170,15,350,-15" hai1="51,52,58,60,63,65,66" hai2="25,27,55,57" owari="215,-18.5,265,6.5,185,-31.5,335,43.5" /></mjloggm>