<mjloggm ver="2.3"><GO type="225" lobby="0"/><UN n0="%E5%8D%A0%E3%81%84%E5%B8%AB%E8%A3%8F%E3%81%AA%E3%81%84%E3%81%97" n1="%E3%83%81%E3%83%AF%E3%83%AF%E9%9A%8A%E9%95%B7" n2="%E7%89%B9%E6%9D%B1%E3%81%AF%E4%B8%96%E7%95%8C%E3%82%92%E6%95%91%E3%81%86" n3="%E3%80%90%E3%83%88%E3%83%AA%E3%83%A5%E3%83%95%E3%80%91" dan="17,16,16,16" rate="2165.64,2122.78,2171.85,2105.54" sx="M,M,M,M"/><TAIKYOKU oya="0"/><INIT seed="0,0,0,3,5,116" ten="250,250,250,250" oya="0" hai0="57,34,26,9,121,134,91,97,31,60,77,11,62" hai1="103,47,30,17,101,49,22,85,36,58,82,71,105" hai2="51,122,21,61,46,27,100,35,68,123,76,15,24" hai3="128,70,18,3,83,124,132,81,99,107,86,111,88"/><T5/><D134/><U66/><E30/><V56/><F68/><W54/><G70/><T28/><D77/><U10/><E71/><V126/><F100/><W106/><G3/><T13/><D121/><U45/><E36/><V19/><F76/><W52/><G111/><T23/><D34/><U41/><E105/><V92/><F92/><W72/><G18/><T113/><D113/><U37/><E10/><V74/><F74/><W16/><G132/><T119/><D119/><U2/><E2/><V1/><F1/><W42/><G42/><T108/><D108/><U65/><E65/><V93/><F93/><N who="3" m="54423" /><G107/><T48/><D9/><U29/><E29/><V63/><F126/><W90/><G90/><T114/><D114/><U53/><E45/><V117/><F63/><W87/><G83/><T125/><D31/><U67/><E103/><V129/><F117/><W43/><G43/><T118/><D125/><U6/><E6/><V38/><F38/><W69/><G69/><T33/><D33/><U73/><E101/><V8/><F35/><W94/><G94/><N who="0" m="56543" /><D118/><U55/><E73/><V95/><F95/><W104/><G124/><T44/><D57/><U4/><E58/><V59/><F59/><W130/><G72/><T79/><D79/><U14/><E82/><V25/><F8/><W84/><G84/><T131/><D131/><N who="3" m="50217" /><G99/><T78/><D78/><U102/><E85/><V115/><F115/><W120/><G106/><T50/><D50/><U133/><E102/><V40/><REACH who="2" step="1"/><F129/><REACH who="2" ten="250,250,240,250" step="2"/><W89/><G104/><T109/><D109/><U64/><E37/><V0/><F0/><RYUUKYOKU ba="0,1" sc="250,15,250,-15,240,15,250,-15" hai0="5,11,13,23,26,28,44,48,60,62" hai2="15,19,21,24,25,27,40,46,51,56,61,122,123" /><INIT seed="0,1,1,0,5,2" ten="265,235,255,235" oya="0" hai0="135,63,4,23,97,8,119,55,106,52,27,126,16" hai1="124,121,128,7,112,47,81,24,6,103,1,33,76" hai2="32,110,50,83,127,108,25,69,30,91,0,96,41" hai3="68,17,123,89,66,95,73,34,61,87,26,5,31"/><T131/><D119/><U12/><E121/><V70/><F0/><W15/><G123/><T64/><D131/><U100/><E1/><V51/><F127/><W104/><G104/><T115/><D115/><U9/><E124/><V86/><F96/><W117/><G117/><T78/><D126/><U39/><E128/><V107/><F107/><W134/><G134/><T118/><D118/><U109/><E109/><N who="2" m="42091" /><F41/><W67/><G67/><T77/><D135/><U75/><E112/><V72/><F72/><W122/><G122/><T101/><D77/><U59/><E59/><V18/><F18/><W57/><G73/><T49/><D49/><AGARI ba="1,1" hai="25,30,32,49,50,51,69,70,83,86,91" m="42091" machi="49" ten="30,1000,0" yaku="14,1" doraHai="2" who="2" fromWho="0" sc="265,-13,235,0,255,23,235,0" /><INIT seed="1,0,0,4,1,13" ten="252,235,278,235" oya="1" hai0="97,88,43,79,134,2,16,91,34,39,23,104,59" hai1="106,22,9,35,25,117,36,21,135,73,12,28,107" hai2="31,114,131,44,4,108,123,76,11,17,85,105,53" hai3="8,118,95,1,40,51,63,27,50,26,101,125,90"/><U71/><E117/><V37/><F123/><W103/><G125/><T33/><D2/><U111/><E71/><V133/><F105/><W52/><G118/><T0/><D0/><U129/><E73/><V81/><F31/><W84/><G63/><T15/><D134/><U70/><E70/><V64/><F64/><W122/><G122/><T115/><D115/><U45/><E135/><V109/><F133/><W46/><G27/><T82/><D39/><U74/><E74/><V24/><F114/><W127/><G127/><T10/><D43/><U14/><E129/><V19/><F131/><W29/><G8/><T93/><D104/><U32/><E111/><N who="2" m="42571" /><F24/><W126/><G1/><T102/><D23/><U41/><E14/><N who="2" m="5479" /><F53/><W130/><G130/><T58/><D33/><U18/><E32/><V62/><F62/><W80/><G126/><T3/><D3/><U7/><E22/><V86/><F85/><W124/><G124/><T66/><D34/><U30/><E30/><V54/><F54/><W87/><G26/><T116/><D116/><U132/><E132/><V61/><F61/><W99/><G87/><N who="0" m="48607" /><D66/><U119/><E119/><V72/><F72/><W112/><G29/><T68/><D68/><U6/><E6/><V75/><F75/><W42/><G112/><T120/><D120/><U56/><E56/><AGARI ba="0,0" hai="10,15,16,56,58,59,88,91,93,97,102" m="48607" machi="56" ten="30,7700,0" yaku="8,1,52,1,54,2" doraHai="13" who="0" fromWho="1" sc="252,77,235,-77,278,0,235,0" /><INIT seed="2,0,0,2,5,72" ten="329,158,278,235" oya="2" hai0="34,112,3,110,113,70,83,106,121,122,4,56,102" hai1="62,27,87,132,101,57,39,73,16,8,74,98,131" hai2="94,36,35,20,63,24,78,118,19,81,61,109,125" hai3="80,95,46,64,33,11,22,10,6,97,29,82,38"/><V30/><F118/><W0/><G33/><T68/><D56/><U53/><E39/><V28/><F125/><W126/><G126/><T17/><D17/><U66/><E131/><V54/><F36/><W86/><G64/><T85/><D85/><U103/><E132/><V75/><F109/><W25/><G11/><N who="0" m="2463" /><D83/><U12/><E103/><V111/><F111/><W77/><G38/><T133/><D133/><U115/><E115/><N who="0" m="44105" /><D34/><U93/><E27/><V26/><F54/><W23/><G82/><T52/><D52/><U21/><E8/><V71/><F71/><N who="0" m="27178" /><D110/><U76/><E76/><V96/><REACH who="2" step="1"/><F19/><REACH who="2" ten="329,158,268,235" step="2"/><W119/><G119/><T41/><D41/><U40/><E40/><V65/><F65/><W91/><G46/><T37/><D37/><U104/><E66/><V5/><F5/><W51/><G51/><T79/><D121/><U88/><AGARI ba="0,1" hai="12,16,21,53,57,62,73,74,87,88,93,98,101,104" machi="88" ten="30,4000,0" yaku="0,1,54,2" doraHai="72" who="1" fromWho="1" sc="329,-10,158,50,268,-20,235,-10" /><INIT seed="3,0,0,5,3,79" ten="319,208,248,225" oya="3" hai0="3,82,90,68,13,124,118,44,106,107,59,20,50" hai1="23,24,40,15,34,126,95,25,52,8,65,71,29" hai2="81,28,56,54,132,70,47,84,116,1,53,10,62" hai3="115,123,122,19,88,35,104,111,12,128,9,11,129"/><W49/><G104/><T127/><D118/><U46/><E126/><N who="0" m="48169" /><D3/><U57/><E71/><V91/><F116/><W99/><G35/><T21/><D68/><U133/><E133/><V17/><F132/><W94/><G115/><T7/><D59/><U4/><E65/><V114/><F114/><W101/><G111/><T85/><D7/><U2/><E95/><V38/><F70/><W69/><G69/><T135/><D135/><U32/><E2/><V112/><F28/><W110/><G110/><T105/><D13/><U120/><E120/><V27/><F112/><W36/><G36/><T103/><D103/><U22/><E46/><V78/><F38/><W45/><G101/><T37/><D37/><U6/><E40/><AGARI ba="0,0" hai="20,21,40,44,50,82,85,90,105,106,107" m="48169" machi="40" ten="40,2600,0" yaku="18,1,52,1" doraHai="79" who="0" fromWho="1" sc="319,26,208,-26,248,0,225,0" owari="345,44.5,182,-31.8,248,4.8,225,-17.5" /></mjloggm>