<mjloggm ver="2.3"><GO type="225" lobby="0"/><UN n0="%E6%A1%9C%E8%8A%B1%E9%96%83%E3%80%85" n1="%E5%A4%8F%E9%88%B4%E9%88%B4%E5%A4%8F" n2="%E9%A6%AC%E5%BC%95%E7%81%AB%33" n3="%6B%65%6E%6E%64%69" dan="16,16,16,16" rate="2142.81,2112.31,2053.09,2160.86" sx="M,F,M,M"/><TAIKYOKU oya="0"/><INIT seed="0,0,0,3,2,7" ten="250,250,250,250" oya="0" hai0="35,67,111,104,82,91,118,18,79,75,90,110,27" hai1="100,102,95,4,71,124,134,132,39,66,117,125,76" hai2="98,45,26,106,130,14,88,5,37,34,40,128,44" hai3="101,72,25,126,133,68,17,36,84,58,13,29,19"/><T51/><D118/><U31/><E39/><V20/><F34/><W57/><G72/><T86/><D67/><U69/><E31/><V33/><F33/><W63/><G36/><T32/><D104/><U11/><E76/><V127/><F127/><N who="1" m="48713" /><E117/><V3/><F3/><W2/><G2/><T85/><D51/><U87/><E87/><N who="0" m="33289" /><D18/><U113/><E113/><V93/><F45/><W24/><G133/><N who="1" m="51306" /><E95/><V64/><F106/><W99/><G84/><T60/><D35/><U0/><E66/><V49/><F64/><W92/><G126/><T94/><D60/><U115/><E115/><V78/><F78/><W54/><G63/><T62/><D62/><U15/><E0/><V112/><F37/><W109/><G29/><N who="0" m="19519" /><D94/><U16/><E4/><V122/><F112/><W77/><G92/><T116/><D116/><U108/><E108/><AGARI ba="0,0" hai="75,79,82,90,91,108,110,111" m="19519,33289" machi="108" ten="30,2900,0" yaku="14,1,10,1" doraHai="7" who="0" fromWho="1" sc="250,29,250,-29,250,0,250,0" /><INIT seed="0,1,0,4,0,64" ten="279,221,250,250" oya="0" hai0="87,113,44,94,77,32,98,63,114,132,31,35,54" hai1="8,0,53,43,128,123,5,11,62,7,126,107,30" hai2="27,15,33,65,2,104,56,124,12,115,118,17,48" hai3="101,74,23,38,117,130,105,16,28,39,36,80,109"/><T96/><D132/><U67/><E123/><V9/><F115/><W119/><G109/><T93/><D31/><U45/><E126/><V82/><F104/><W18/><G130/><T103/><D32/><U79/><E128/><V102/><F102/><W125/><G125/><T3/><D35/><U46/><E107/><V29/><F124/><W13/><G28/><T22/><D3/><U112/><E112/><V21/><F118/><W24/><G101/><T1/><D1/><U135/><E135/><V49/><F15/><W20/><REACH who="3" step="1"/><G105/><REACH who="3" ten="279,221,250,240" step="2"/><T127/><D127/><U84/><E30/><V70/><F29/><W122/><G122/><T58/><D113/><U76/><E53/><V81/><F33/><W57/><G57/><T91/><D114/><U90/><E43/><V14/><F56/><W47/><G47/><T75/><D44/><U131/><E46/><V78/><F78/><AGARI ba="1,1" hai="13,16,18,20,23,24,36,38,39,74,78,80,117,119" machi="78" ten="40,2600,0" yaku="1,1,54,1,53,0" doraHai="64" doraHaiUra="37" who="3" fromWho="2" sc="279,0,221,0,250,-29,240,39" /><INIT seed="1,0,0,2,1,78" ten="279,221,221,279" oya="1" hai0="61,86,31,52,18,83,85,126,94,134,97,131,117" hai1="43,118,133,70,66,27,123,119,14,23,10,16,55" hai2="54,32,72,112,101,37,58,35,24,40,9,122,124" hai3="4,25,108,51,41,0,65,5,79,29,93,81,74"/><U1/><E123/><V128/><F122/><W89/><G108/><T33/><D117/><U56/><E133/><V96/><F72/><W109/><G109/><T88/><D134/><U7/><E43/><V71/><F71/><W127/><G127/><T3/><D126/><U132/><E132/><V15/><F124/><W110/><G0/><T39/><D39/><U28/><E66/><V49/><F128/><W46/><G65/><T2/><D131/><U44/><E44/><V116/><F116/><W125/><G110/><T73/><D73/><U95/><E95/><V75/><F75/><W21/><REACH who="3" step="1"/><G125/><REACH who="3" ten="279,221,221,269" step="2"/><T6/><D2/><U104/><E70/><V84/><F112/><W22/><G22/><T57/><D3/><U98/><E104/><V36/><F32/><W59/><G59/><T92/><D33/><N who="1" m="20639" /><E98/><AGARI ba="0,1" hai="4,5,21,25,29,41,46,51,74,79,81,89,93,98" machi="98" ten="30,3900,0" yaku="1,1,7,1,52,1,53,0" doraHai="78" doraHaiUra="111" who="3" fromWho="1" sc="279,0,221,-39,221,0,269,49" /><INIT seed="2,0,0,0,5,37" ten="279,182,221,318" oya="2" hai0="88,47,17,30,127,126,134,93,19,57,92,3,2" hai1="48,29,10,56,18,53,99,22,26,96,113,86,38" hai2="20,101,116,46,102,91,52,13,94,0,75,32,87" hai3="118,54,110,21,60,31,9,103,90,100,114,111,7"/><V14/><F116/><W109/><G118/><T51/><D30/><U124/><E38/><V72/><F0/><N who="0" m="42" /><D57/><U132/><E124/><N who="0" m="47657" /><D134/><U123/><E132/><V42/><F32/><W11/><G114/><T62/><D62/><U5/><E113/><V15/><F20/><W84/><G54/><N who="0" m="30079" /><D93/><U63/><E123/><V107/><F52/><W106/><G60/><T97/><AGARI ba="0,0" hai="17,19,88,92,97" m="30079,47657,42" machi="97" ten="30,2000,0" yaku="18,1,54,1" doraHai="37" who="0" fromWho="0" sc="279,20,182,-5,221,-10,318,-5" /><INIT seed="3,0,0,3,0,27" ten="299,177,211,313" oya="3" hai0="14,70,50,117,93,17,23,83,34,82,77,124,0" hai1="60,127,115,57,59,122,111,118,96,109,87,119,55" hai2="22,1,38,103,46,54,6,73,67,28,134,132,43" hai3="25,41,76,78,63,120,2,95,128,64,40,105,72"/><W3/><G105/><T29/><D117/><N who="1" m="44555" /><E96/><V113/><F113/><W104/><G104/><T107/><D107/><U91/><E91/><V24/><F73/><W79/><G120/><T114/><D114/><U131/><E87/><V116/><F116/><W110/><G128/><T56/><D70/><U100/><E100/><V85/><F103/><W20/><G110/><N who="1" m="41994" /><E115/><V9/><F67/><W65/><G72/><T121/><D93/><U101/><E101/><V126/><F126/><W35/><G35/><T53/><D124/><U92/><E92/><V86/><F54/><W84/><G2/><T112/><D121/><U61/><E122/><V90/><REACH who="2" step="1"/><F85/><REACH who="2" ten="299,177,201,313" step="2"/><W13/><G64/><T135/><D112/><U94/><E127/><V130/><F130/><W16/><G65/><T99/><D53/><N who="1" m="33839" /><E94/><AGARI ba="0,1" hai="1,6,9,22,24,28,38,43,46,86,90,94,132,134" machi="94" ten="40,2600,0" yaku="1,1,52,1,53,0" doraHai="27" doraHaiUra="123" who="2" fromWho="1" sc="299,0,177,-26,201,36,313,0" owari="299,9.9,151,-34.9,237,-16.3,313,41.3" /></mjloggm>