<mjloggm ver="2.3"><GO type="225" lobby="0"/><UN n0="%E5%8F%AF%E5%85%90%E9%82%A3%E7%94%B1%E5%A4%9A" n1="%E2%98%86%E5%B0%8F%E5%AD%A6%E7%94%B7%E7%94%9F%E2%98%86" n2="%E6%9D%B1%E9%A2%A8%E3%81%AE%E3%81%8D%E3%82%83%E3%81%B7%E3%81%95%E3%82%93" n3="%E6%B8%A9%E2%98%85%E6%83%85%E2%98%85%E6%8E%AA%E2%98%85%E7%BD%AE" dan="16,17,16,17" rate="2127.67,2200.65,2131.37,2186.46" sx="F,M,M,M"/><TAIKYOKU oya="0"/><INIT seed="0,0,0,1,1,133" ten="250,250,250,250" oya="0" hai0="70,99,115,82,124,13,125,75,38,9,107,112,127" hai1="18,123,10,68,62,29,47,0,17,76,114,4,97" hai2="98,103,60,131,113,55,100,84,78,135,54,63,5" hai3="104,48,132,23,31,92,50,90,40,67,44,87,101"/><T126/><D70/><U32/><E123/><V20/><F135/><W35/><G132/><T58/><D38/><U134/><E134/><V43/><F131/><W122/><G122/><T106/><D126/><U85/><E114/><N who="0" m="43561" /><D99/><U12/><E47/><V27/><F113/><W80/><G67/><T108/><D108/><U130/><E130/><V19/><F43/><W109/><G109/><T39/><D39/><U65/><E97/><V93/><F5/><W73/><G104/><T49/><D49/><U66/><E66/><V71/><F103/><W128/><G128/><T120/><D120/><U16/><E32/><V77/><F71/><W11/><G101/><T64/><D75/><U36/><E36/><V25/><F25/><W28/><G73/><T33/><D33/><U74/><E29/><V34/><F34/><W72/><G50/><T37/><D82/><U59/><E74/><V117/><F117/><W26/><G72/><T51/><D37/><U96/><E96/><V8/><F8/><W111/><G111/><T6/><D51/><U118/><E118/><V69/><F69/><W22/><G31/><T42/><D42/><U95/><E68/><V41/><F41/><W57/><G80/><T52/><D52/><N who="2" m="20010" /><F84/><W7/><REACH who="3" step="1"/><G57/><REACH who="3" ten="250,250,250,240" step="2"/><T105/><D64/><U14/><REACH who="1" step="1"/><E76/><AGARI ba="0,1" hai="19,20,27,60,63,76,77,78,93,98,100" m="20010" machi="76" ten="30,2000,0" yaku="8,1,54,1" doraHai="133" who="2" fromWho="1" sc="250,0,250,-20,250,30,240,0" /><INIT seed="1,0,0,5,4,117" ten="250,230,280,240" oya="1" hai0="112,1,98,92,129,128,116,95,2,114,96,34,91" hai1="105,81,52,39,120,26,33,8,77,14,103,130,88" hai2="28,90,22,49,124,123,113,63,58,97,80,135,75" hai3="30,64,111,66,20,68,131,100,31,101,94,127,45"/><U126/><E120/><V67/><F123/><W5/><G68/><T53/><D34/><U110/><E39/><V118/><F135/><W122/><G122/><T108/><D53/><U87/><E126/><V51/><F124/><W40/><G127/><T7/><D7/><U16/><E130/><N who="0" m="50281" /><D1/><U47/><E110/><V78/><F118/><W86/><G131/><T25/><D25/><U41/><E41/><V104/><F113/><N who="0" m="43626" /><D2/><U32/><E26/><V44/><F44/><W24/><G5/><T59/><D59/><U23/><E77/><V132/><F132/><W125/><G111/><T55/><D55/><U93/><E105/><V13/><F90/><N who="3" m="53591" /><G31/><T0/><D0/><U106/><E106/><V102/><REACH who="2" step="1"/><F28/><REACH who="2" ten="250,230,270,240" step="2"/><W11/><G125/><T115/><D115/><U48/><E23/><V83/><F83/><W18/><G30/><T36/><D108/><U37/><E37/><V50/><F50/><N who="3" m="26919" /><G11/><T72/><D36/><U9/><E9/><V84/><F84/><W10/><G10/><T6/><D116/><U61/><E61/><V46/><F46/><W85/><G101/><N who="0" m="60551" /><D6/><U57/><E103/><V109/><F109/><W70/><G100/><T19/><D19/><AGARI ba="0,1" hai="13,19,22,49,51,58,63,67,75,78,80,97,102,104" machi="19" ten="40,1300,0" yaku="1,1,53,0" doraHai="117" doraHaiUra="89" who="2" fromWho="0" sc="250,-13,230,0,270,23,240,0" /><INIT seed="2,0,0,4,5,37" ten="237,230,293,240" oya="2" hai0="74,92,9,58,3,84,99,28,116,20,63,17,39" hai1="68,12,82,7,79,134,106,13,0,35,107,59,108" hai2="105,36,98,51,33,34,132,52,102,96,78,77,50" hai3="103,121,89,110,47,4,131,27,93,83,44,119,54"/><V130/><F36/><W48/><G119/><T67/><D116/><U124/><E68/><V29/><F132/><W127/><G121/><T135/><D74/><U94/><E35/><V61/><F130/><W56/><G131/><T6/><D135/><U88/><E134/><V65/><F98/><N who="3" m="59855" /><G110/><T80/><D39/><U72/><E108/><V71/><F50/><W38/><G38/><T55/><D28/><U87/><E124/><V26/><F34/><W112/><G112/><T18/><D20/><U21/><E59/><AGARI ba="0,0" hai="26,29,33,51,52,59,61,65,71,77,78,96,102,105" machi="59" ten="30,11600,0" yaku="7,1,25,2,54,1" doraHai="37" who="2" fromWho="1" sc="237,0,230,-116,293,116,240,0" /><INIT seed="2,1,0,0,1,76" ten="237,114,409,240" oya="2" hai0="124,122,92,88,86,60,33,48,5,45,68,82,3" hai1="6,4,77,113,50,111,91,80,31,22,73,15,30" hai2="51,131,37,18,90,132,123,79,23,81,96,55,10" hai3="97,14,20,66,53,120,25,21,78,17,43,85,94"/><V35/><F132/><W47/><G120/><T115/><D122/><U100/><E113/><V74/><F131/><W114/><G114/><T42/><D115/><U12/><E111/><V84/><F37/><W52/><G66/><T75/><D33/><U39/><E39/><V57/><F35/><W26/><G78/><T104/><D104/><U101/><E91/><V56/><F123/><W27/><G85/><T99/><D124/><U16/><E50/><V112/><F112/><W125/><G125/><T103/><D75/><U46/><E46/><V127/><F127/><W69/><G69/><T38/><D38/><U28/><REACH who="1" step="1"/><E15/><REACH who="1" ten="237,104,409,240" step="2"/><V117/><F117/><W71/><G47/><T40/><D48/><U126/><E126/><V19/><F56/><W109/><G109/><T128/><D45/><U65/><E65/><V110/><F110/><W98/><G71/><T44/><D44/><U119/><E119/><V64/><F64/><W93/><G14/><T62/><D68/><U7/><AGARI ba="1,1" hai="4,6,7,12,16,22,28,30,31,73,77,80,100,101" machi="7" ten="30,7900,0" yaku="1,1,0,1,52,1,54,1,53,0" doraHai="76" doraHaiUra="135" who="1" fromWho="1" sc="237,-21,104,92,409,-40,240,-21" /><INIT seed="3,0,0,3,3,68" ten="216,196,369,219" oya="3" hai0="129,62,33,86,10,28,117,32,3,98,88,40,0" hai1="16,14,78,11,73,109,55,58,2,37,29,65,31" hai2="120,115,54,124,71,128,63,53,15,75,30,104,107" hai3="27,116,36,1,42,112,59,5,119,134,82,91,127"/><W110/><G112/><T34/><D117/><U24/><E109/><V23/><F128/><W21/><G110/><T106/><D28/><U94/><E65/><V41/><F124/><W80/><G127/><T18/><D40/><U9/><E37/><V49/><F41/><W130/><G130/><T8/><D129/><U76/><E73/><V45/><F75/><W99/><G134/><T43/><D43/><U108/><E108/><V4/><F120/><W25/><G59/><T101/><D62/><U125/><E125/><V46/><F115/><W19/><G27/><T56/><D56/><U93/><E2/><V132/><F132/><W118/><G5/><T39/><D39/><U72/><E9/><V38/><F71/><W131/><G1/><T51/><D51/><U105/><E105/><V12/><F38/><W22/><G22/><T81/><REACH who="0" step="1"/><D10/><REACH who="0" ten="206,196,369,219" step="2"/><U126/><E126/><V61/><F49/><W113/><G131/><T67/><D67/><U85/><E72/><V111/><F111/><W6/><G113/><T26/><D26/><U47/><E47/><V133/><F133/><W66/><G66/><T114/><D114/><U74/><E74/><V95/><F63/><W87/><G42/><T92/><D92/><N who="1" m="35435" /><E24/><V13/><F61/><W84/><G36/><T35/><N who="0" m="8192" /><DORA hai="7" /><T135/><D135/><U44/><E44/><V79/><F46/><W52/><G52/><T48/><D48/><N who="1" m="31079" /><E85/><N who="3" m="32842" /><G6/><T77/><D77/><AGARI ba="0,1" hai="11,14,16,29,31,76,77,78" m="31079,35435" machi="77" ten="30,3900,0" yaku="8,1,52,1,54,1" doraHai="68,7" who="1" fromWho="0" sc="206,-39,196,49,369,0,219,0" owari="167,-33.3,245,4.5,369,46.9,219,-18.1" /></mjloggm>