<mjloggm ver="2.3"><GO type="225" lobby="0"/><UN n0="%E6%A1%9C%E8%8A%B1%E9%96%83%E3%80%85" n1="%73%73%6B%5F%66%72%65%65" n2="%E7%99%BD%E5%80%89%E5%AF%9B%E4%B9%8B" n3="%77%72%77%72%77%72%77%72" dan="17,16,16,16" rate="2223.28,2079.92,2173.92,2133.10" sx="M,M,M,M"/><TAIKYOKU oya="0"/><INIT seed="0,0,0,3,3,81" ten="250,250,250,250" oya="0" hai0="6,24,20,52,124,22,54,32,62,14,64,120,21" hai1="94,112,53,68,69,55,109,8,50,27,47,72,17" hai2="113,95,78,70,13,15,41,56,9,43,7,131,119" hai3="121,34,48,40,116,63,0,12,87,123,18,37,114"/><T93/><D120/><N who="3" m="46153" /><G114/><T10/><D124/><U3/><E109/><V111/><F70/><W38/><G116/><T45/><D93/><U29/><E112/><V16/><F113/><W101/><G0/><T117/><D117/><U19/><E72/><V84/><F131/><W115/><G115/><T110/><D110/><U23/><E94/><V99/><F111/><W80/><G34/><T5/><D5/><U108/><E69/><V107/><F107/><W79/><G63/><T104/><D104/><U44/><E68/><V102/><F119/><W35/><G35/><T65/><D45/><U46/><E108/><V89/><F56/><W122/><N who="3" m="46161" /><W129/><DORA hai="83" /><G101/><T71/><REACH who="0" step="1"/><D65/><REACH who="0" ten="240,250,250,250" step="2"/><U31/><E47/><V59/><F7/><W11/><G129/><T2/><D2/><U126/><E46/><AGARI ba="0,1" hai="11,12,18,37,38,40,46,48,79,80,87" m="46161" machi="46" ten="40,5200,0" yaku="13,1,52,2" doraHai="81,83" who="3" fromWho="1" sc="240,0,250,-52,250,0,250,62" /><INIT seed="1,0,0,3,0,76" ten="240,198,250,312" oya="1" hai0="86,44,129,64,39,22,38,128,130,10,89,7,71" hai1="34,37,6,134,26,75,133,17,109,40,67,14,131" hai2="84,48,24,99,118,46,16,97,31,45,117,80,8" hai3="13,42,98,82,102,57,61,0,108,54,53,85,72"/><U87/><E131/><V11/><F46/><W9/><G108/><T125/><D125/><U124/><E75/><V56/><F56/><W35/><G35/><T18/><D64/><U113/><E113/><V119/><F11/><W65/><G0/><N who="0" m="359" /><D71/><U23/><E124/><V96/><F8/><W12/><G42/><T94/><D44/><U105/><E109/><V5/><F5/><W58/><G72/><T59/><D59/><U95/><E105/><V49/><F45/><W121/><G121/><T106/><D106/><U123/><E123/><V132/><F16/><W1/><G1/><T73/><D73/><U28/><E6/><V43/><F43/><W81/><G65/><T116/><D116/><U83/><E40/><V29/><F132/><N who="1" m="50793" /><E37/><V66/><F66/><W77/><G82/><T74/><D74/><U4/><E4/><V104/><F104/><W55/><G55/><T92/><D94/><U79/><E67/><V115/><F115/><W51/><G9/><T100/><D100/><U2/><E2/><V30/><F24/><AGARI ba="0,0" hai="18,22,24,38,39,86,89,92,128,129,130" m="359" machi="24" ten="30,1000,0" yaku="19,1" doraHai="76" who="0" fromWho="2" sc="240,10,198,0,250,-10,312,0" /><INIT seed="2,0,0,4,3,15" ten="250,198,240,312" oya="2" hai0="118,105,117,1,27,132,93,112,9,86,40,96,48" hai1="39,114,53,70,34,129,83,97,91,45,121,94,5" hai2="127,51,2,126,90,64,14,107,21,25,80,69,46" hai3="62,29,131,0,67,63,37,36,111,52,120,78,17"/><V73/><F2/><W54/><G120/><T101/><D112/><U26/><E114/><V135/><F107/><W99/><G0/><T44/><D132/><U71/><E121/><V4/><F135/><W74/><G29/><T6/><D27/><U55/><E129/><V10/><F64/><W60/><G131/><T58/><D58/><U47/><E5/><V65/><F65/><W13/><G67/><T66/><D66/><U50/><E83/><V12/><F12/><W56/><G111/><T79/><D79/><U76/><E76/><V16/><F69/><W92/><G78/><T24/><D24/><U33/><E39/><V134/><F134/><W130/><G74/><T85/><D105/><U22/><E71/><V108/><F108/><W7/><G7/><T49/><D49/><U100/><E70/><V23/><F23/><N who="3" m="11695" /><G36/><T82/><D82/><U81/><E81/><V41/><REACH who="2" step="1"/><F73/><REACH who="2" ten="250,198,230,312" step="2"/><W119/><G130/><T110/><D110/><U77/><E77/><V31/><F31/><W20/><G20/><T128/><D128/><U3/><E3/><V35/><F35/><W61/><G119/><AGARI ba="0,1" hai="1,6,9,40,44,48,85,86,93,96,101,117,118,119" machi="119" ten="40,1300,0" yaku="12,1" doraHai="15" who="0" fromWho="3" sc="250,23,198,0,230,0,312,-13" /><INIT seed="3,0,0,4,5,10" ten="273,198,230,299" oya="3" hai0="125,113,35,41,117,43,58,123,93,2,86,39,85" hai1="89,75,121,66,96,79,22,34,7,77,61,36,42" hai2="104,3,103,91,19,111,15,47,69,90,99,11,0" hai3="17,88,102,100,24,134,133,44,68,51,5,20,107"/><W12/><G68/><T63/><D117/><U45/><E121/><V33/><F69/><W54/><G107/><T13/><D2/><U126/><E34/><V101/><F33/><W38/><G38/><T62/><D123/><U8/><E126/><V78/><F111/><W110/><G110/><T48/><D35/><U40/><E40/><V32/><F32/><W4/><G88/><N who="0" m="53391" /><D39/><U6/><E6/><N who="3" m="2666" /><G24/><T37/><D37/><U23/><E79/><V127/><F78/><W18/><G18/><T1/><D1/><N who="1" m="111" /><E89/><V26/><F127/><W70/><G70/><T9/><D113/><U59/><E96/><V31/><F3/><W122/><G122/><T49/><D86/><U65/><E65/><V94/><F0/><W67/><G67/><N who="0" m="39383" /><D63/><U108/><E108/><V109/><F109/><W128/><G102/><T118/><D118/><U25/><E25/><V81/><F81/><AGARI ba="0,0" hai="22,23,36,42,45,59,61,66,75,77,81" m="111" machi="81" ten="30,1000,0" yaku="25,1" doraHai="10" who="1" fromWho="2" sc="273,0,198,10,230,-10,299,0" /><INIT seed="4,0,0,0,5,76" ten="273,208,220,299" oya="0" hai0="84,134,133,13,25,15,5,78,2,9,90,45,8" hai1="115,102,1,51,124,16,96,117,93,36,106,26,58" hai2="123,116,22,64,94,95,104,135,54,40,87,121,114" hai3="21,131,132,42,82,113,108,122,29,46,39,56,7"/><T66/><D66/><U57/><E117/><V120/><F64/><W70/><G108/><T53/><D78/><U62/><E124/><V6/><F40/><W0/><G70/><T17/><D2/><U60/><E36/><V11/><F116/><W41/><G113/><T31/><D45/><U126/><E126/><V69/><F69/><W100/><G42/><T59/><D59/><N who="1" m="22539" /><E1/><V19/><F104/><W23/><G131/><T73/><D73/><U99/><E106/><V71/><F71/><W112/><G112/><T55/><D134/><U52/><E96/><V74/><F74/><W44/><G44/><T35/><REACH who="0" step="1"/><D133/><REACH who="0" ten="263,208,220,299" step="2"/><U80/><E115/><V37/><F114/><W72/><G132/><T12/><D12/><U61/><E61/><V48/><F135/><W118/><G56/><T14/><D14/><U43/><E62/><V27/><F123/><W24/><G122/><T38/><D38/><U65/><E60/><V101/><F37/><W81/><G118/><T110/><D110/><U4/><E65/><V49/><F121/><W75/><G75/><T130/><D130/><U85/><E26/><V98/><F120/><W88/><G72/><T67/><D67/><U18/><E51/><V83/><F49/><W33/><G0/><T92/><AGARI ba="0,1" hai="5,8,9,13,15,17,25,31,35,53,55,84,90,92" machi="92" ten="20,3900,0" yaku="1,1,0,1,7,1,53,0" doraHai="76" doraHaiUra="129" who="0" fromWho="0" sc="263,49,208,-13,220,-13,299,-13" owari="312,41.2,195,-30.5,207,-19.3,286,8.6" /></mjloggm>