<mjloggm ver="2.3"><GO type="225" lobby="0"/><UN n0="%E6%97%A5%E6%9B%9C%E6%97%A5%E3%82%88%E3%82%8A%E3%81%AE%E4%BD%BF%E8%80%85" n1="%E5%91%A8%E6%9D%B1" n2="%E7%99%BD%E5%80%89%E5%AF%9B%E4%B9%8B" n3="%E3%81%A4%E3%81%A3%E3%81%B1%E3%82%8A%E3%83%9D%E3%83%BC%E3%83%AB" dan="17,17,16,17" rate="2190.58,2143.00,2188.93,2121.54" sx="M,M,M,M"/><TAIKYOKU oya="0"/><INIT seed="0,0,0,3,0,25" ten="250,250,250,250" oya="0" hai0="87,33,48,1,2,124,65,28,76,24,49,75,13" hai1="64,129,62,50,29,94,40,92,100,99,10,60,44" hai2="6,90,104,45,101,35,5,121,114,95,36,88,67" hai3="91,59,22,122,81,98,4,107,42,83,52,9,57"/><T117/><D75/><U23/><E129/><V89/><F114/><W41/><G122/><T78/><D117/><U20/><E10/><V12/><F121/><W17/><G107/><T0/><D124/><U19/><E64/><V68/><F104/><W37/><G59/><T97/><D65/><U105/><E105/><V61/><F35/><W26/><G37/><T27/><D13/><U11/><E94/><V46/><F12/><N who="3" m="5159" /><G81/><T82/><D78/><U66/><E66/><V14/><F14/><W72/><G72/><T71/><D71/><U134/><E134/><V84/><F84/><N who="3" m="50591" /><G98/><T96/><REACH who="0" step="1"/><D27/><REACH who="0" ten="240,250,250,250" step="2"/><N who="1" m="16615" /><E11/><V32/><F5/><W58/><G58/><T55/><D55/><U119/><E119/><V113/><F6/><W7/><G7/><T135/><D135/><U109/><E109/><V123/><F123/><W30/><G17/><T43/><D43/><U63/><E19/><V54/><F68/><W69/><G69/><T31/><D31/><U56/><E23/><V15/><F67/><W116/><G116/><T21/><D21/><U115/><E115/><V118/><F118/><W125/><G125/><T93/><D93/><U133/><E133/><V18/><F95/><W132/><G132/><T51/><AGARI ba="0,1" hai="0,1,2,24,28,33,48,49,51,76,82,87,96,97" machi="51" ten="40,7800,0" yaku="1,1,0,1,52,1,53,0" doraHai="25" doraHaiUra="120" who="0" fromWho="0" sc="240,88,250,-26,250,-26,250,-26" /><INIT seed="0,1,0,0,1,77" ten="328,224,224,224" oya="0" hai0="91,0,70,56,34,17,43,122,8,109,100,71,87" hai1="134,52,101,13,123,12,5,72,30,40,112,25,55" hai2="23,53,35,80,127,98,36,67,94,108,86,73,31" hai3="130,97,59,92,119,133,135,46,93,115,47,37,10"/><T95/><D122/><U14/><E112/><V75/><F36/><W63/><G115/><T117/><D117/><U51/><E123/><V107/><F35/><W32/><G119/><T22/><D34/><U21/><E134/><N who="3" m="51210" /><G130/><T50/><D109/><U49/><E72/><V19/><F31/><W81/><G32/><T65/><D100/><U79/><E79/><V26/><F107/><W110/><G110/><T69/><D43/><U78/><E78/><V60/><F53/><N who="1" m="20553" /><E101/><V41/><F41/><N who="3" m="22831" /><G47/><T2/><D8/><U9/><E40/><V131/><F131/><W102/><G10/><T57/><D50/><AGARI ba="1,0" hai="5,9,12,13,14,21,25,30,49,50,51" m="20553" machi="50" ten="30,2000,0" yaku="8,1,54,1" doraHai="77" who="1" fromWho="0" sc="328,-23,224,23,224,0,224,0" /><INIT seed="1,0,0,5,3,79" ten="305,247,224,224" oya="1" hai0="119,96,42,67,80,84,4,63,39,27,97,41,52" hai1="83,107,0,13,134,102,17,32,133,1,109,3,123" hai2="49,54,61,127,98,89,37,114,59,26,33,76,44" hai3="23,90,129,6,135,5,35,68,62,72,51,21,29"/><U131/><E123/><V20/><F127/><W128/><G72/><T11/><D119/><U132/><E32/><V69/><F114/><W100/><G100/><T15/><D39/><U94/><E131/><N who="3" m="50250" /><G135/><T85/><D85/><U34/><E34/><V31/><F37/><W78/><G78/><N who="0" m="46103" /><D67/><U56/><E109/><V7/><F7/><N who="3" m="2571" /><G51/><T88/><D27/><U28/><E28/><V116/><F116/><W77/><G77/><T74/><D74/><U117/><E117/><V86/><F69/><W99/><G29/><T122/><D122/><U40/><E107/><V50/><F76/><W110/><G35/><T75/><D75/><U22/><E40/><N who="0" m="15465" /><D88/><U125/><E125/><V24/><F98/><W93/><G110/><T111/><D111/><U66/><E102/><V48/><F33/><W57/><G68/><T106/><D106/><U82/><E94/><N who="2" m="54583" /><F26/><W64/><AGARI ba="0,0" hai="21,23,57,62,64,90,93,99" m="2571,50250" machi="64" ten="30,1100,0" yaku="19,1" doraHai="79" who="3" fromWho="3" sc="305,-3,247,-5,224,-3,224,11" /><INIT seed="2,0,0,3,5,105" ten="302,242,221,235" oya="2" hai0="24,65,69,37,5,123,21,0,71,26,55,115,63" hai1="92,86,1,32,78,23,19,51,94,131,68,39,33" hai2="34,52,120,15,122,11,57,104,58,133,2,72,113" hai3="107,98,49,83,80,50,60,119,97,64,6,22,106"/><V56/><F113/><W111/><G119/><T108/><D123/><U12/><E39/><V73/><F34/><W134/><G111/><T70/><D115/><U88/><E1/><V74/><F104/><W62/><G134/><T13/><D37/><U38/><E38/><V93/><F133/><W118/><G6/><T117/><D0/><U82/><E68/><V109/><F109/><W10/><G10/><T130/><D108/><U81/><E131/><V41/><F2/><W17/><G118/><T61/><D117/><U59/><E94/><V125/><F41/><W30/><G30/><T95/><D95/><U76/><E59/><V67/><F125/><W16/><G22/><T127/><D127/><U129/><E51/><V4/><F67/><AGARI ba="0,0" hai="16,17,49,50,60,62,64,67,80,83,97,98,106,107" machi="67" ten="25,3200,0" yaku="22,2,54,1" doraHai="105" who="3" fromWho="2" sc="302,0,242,0,221,-32,235,32" /><INIT seed="3,0,0,4,5,14" ten="302,242,189,267" oya="3" hai0="77,16,68,48,38,74,96,4,21,17,3,76,124" hai1="82,90,87,72,8,6,67,11,94,43,79,111,107" hai2="24,0,91,130,123,5,19,112,71,45,54,99,49" hai3="119,34,127,32,117,83,89,37,73,84,10,22,63"/><W120/><G120/><T65/><D38/><U108/><E107/><V55/><F123/><W97/><G37/><T39/><D39/><U113/><E113/><V42/><F112/><W66/><G127/><T18/><D124/><U50/><E67/><V59/><F71/><W36/><G36/><T69/><D74/><U60/><E60/><N who="2" m="35959" /><F0/><W128/><G73/><T40/><D3/><U134/><E134/><V7/><F42/><W62/><G62/><T116/><D4/><U29/><E29/><V20/><F130/><W27/><G128/><T33/><D33/><U105/><E105/><V104/><F104/><W2/><G97/><T121/><D121/><U106/><E106/><V23/><F23/><W41/><G41/><T125/><D116/><U81/><E6/><V53/><F55/><W26/><G34/><T101/><D125/><U135/><E135/><V86/><F86/><W129/><G129/><T110/><D68/><U133/><E133/><V46/><F45/><W126/><G126/><T30/><D69/><U12/><E43/><V131/><F131/><W47/><G47/><N who="0" m="25703" /><D65/><U118/><E118/><N who="3" m="45066" /><G32/><T70/><D70/><U52/><E72/><V57/><F46/><W95/><G22/><T75/><D75/><U102/><E8/><V44/><F44/><W88/><G10/><T56/><D56/><U64/><E11/><V122/><F122/><W132/><G2/><T28/><D21/><U103/><E64/><V58/><F58/><N who="3" m="37239" /><G132/><T13/><D96/><U25/><E87/><V51/><F51/><W31/><G84/><T9/><D9/><U1/><E50/><RYUUKYOKU ba="0,0" sc="302,-10,242,-10,189,30,267,-10" hai2="5,7,19,20,24,49,53,57,91,99" /><INIT seed="4,1,0,2,1,110" ten="292,232,219,257" oya="0" hai0="15,70,35,48,135,56,119,69,54,104,43,31,13" hai1="1,4,62,127,28,113,115,20,111,87,97,42,3" hai2="25,29,116,92,117,133,74,32,36,47,86,9,5" hai3="79,67,91,30,73,66,103,61,122,102,57,21,50"/><T24/><D119/><N who="2" m="45642" /><F74/><W27/><G122/><T77/><D104/><U114/><E111/><V45/><F36/><W80/><G67/><T129/><D129/><U72/><E72/><V2/><F133/><W99/><G91/><AGARI ba="1,0" hai="2,5,9,25,29,32,45,47,86,91,92" m="45642" machi="91" ten="30,1000,0" yaku="12,1" doraHai="110" who="2" fromWho="3" sc="292,0,232,0,219,13,257,-13" /><INIT seed="5,0,0,3,1,51" ten="292,232,232,244" oya="1" hai0="33,3,67,96,88,11,83,121,119,44,32,77,109" hai1="35,85,36,29,112,71,73,102,22,31,8,1,49" hai2="13,76,97,25,122,43,101,86,62,118,105,56,60" hai3="27,19,4,18,70,40,68,111,126,65,91,82,41"/><U84/><E73/><V48/><F118/><W75/><G111/><T47/><D119/><U115/><E36/><V81/><F122/><W66/><G126/><T30/><D109/><U46/><E71/><V7/><F25/><W135/><G135/><T78/><D67/><U90/><E102/><V92/><F105/><W132/><G132/><T26/><D33/><U114/><E35/><V21/><F21/><W80/><G4/><T79/><D121/><U6/><E22/><V61/><F43/><W94/><G94/><T123/><D123/><U45/><E45/><V38/><F38/><W95/><G95/><T125/><D125/><U42/><REACH who="1" step="1"/><E85/><REACH who="1" ten="292,222,232,244" step="2"/><V104/><F104/><W20/><G20/><T2/><D44/><U72/><E72/><V24/><F24/><W117/><G75/><T16/><D47/><U127/><E127/><V0/><F0/><W53/><G27/><T108/><D108/><U55/><E55/><N who="2" m="33823" /><F48/><W103/><G117/><T64/><D3/><U52/><E52/><V37/><F37/><W130/><G53/><T120/><D2/><U57/><E57/><V14/><F14/><W17/><G70/><T28/><D32/><U89/><E89/><V99/><F97/><W5/><G68/><T133/><D120/><U58/><E58/><V74/><F74/><W12/><G91/><T98/><D133/><U113/><N who="1" m="28672" /><DORA hai="59" /><U106/><E106/><V124/><F124/><W100/><G41/><T9/><D64/><U15/><E15/><V116/><F116/><W128/><G40/><T54/><D54/><U93/><AGARI ba="0,1" hai="1,6,8,29,31,42,46,49,84,90,93" m="28672" machi="93" ten="60,12000,1" yaku="1,1,0,1,15,1,53,1" doraHai="51,59" doraHaiUra="39,63" who="1" fromWho="1" sc="292,-40,222,130,232,-40,244,-40" owari="252,5.2,352,45.2,192,-30.8,204,-19.6" /></mjloggm>