<mjloggm ver="2.3"><GO type="225" lobby="0"/><UN n0="%E7%87%90%2E%2E" n1="%E7%9A%AE%E3%80%85" n2="%E6%9C%88%E5%B3%B6%E5%9F%BA" n3="%33%74%72%65%65" dan="16,16,16,16" rate="2146.41,2078.86,2053.31,2145.50" sx="M,F,M,F"/><TAIKYOKU oya="0"/><INIT seed="0,0,0,2,1,47" ten="250,250,250,250" oya="0" hai0="100,126,120,102,135,44,66,95,109,28,29,75,117" hai1="64,21,46,101,118,58,81,98,45,93,4,31,78" hai2="32,83,84,105,99,86,114,76,77,113,70,89,73" hai3="133,18,112,127,110,131,125,6,65,40,42,20,94"/><T108/><D120/><U14/><E118/><V72/><F70/><W134/><G112/><N who="2" m="43113" /><F32/><W33/><G33/><T15/><D117/><U68/><E68/><V11/><F11/><W13/><G65/><T25/><D135/><N who="3" m="51721" /><G110/><N who="0" m="42603" /><D75/><N who="2" m="28746" /><F86/><W104/><G104/><T97/><D126/><N who="3" m="48137" /><G6/><T37/><D66/><U116/><E116/><V121/><F121/><W30/><G30/><N who="0" m="11883" /><D25/><N who="1" m="16815" /><E14/><V7/><F7/><W23/><G23/><T90/><D15/><U61/><E4/><V52/><F52/><W59/><G13/><T56/><D56/><U2/><E2/><V10/><F10/><W50/><G59/><T36/><D36/><U111/><E111/><V48/><F48/><W24/><G50/><T124/><D124/><U123/><E123/><V60/><F60/><W38/><G38/><T0/><D0/><U96/><E96/><V92/><F105/><W128/><G94/><T129/><D37/><U51/><E51/><V53/><F53/><W16/><G18/><T62/><D62/><U3/><E3/><V39/><F39/><W43/><AGARI ba="0,0" hai="16,20,24,40,42,43,128,131" m="48137,51721" machi="43" ten="40,8000,1" yaku="30,2,20,1,18,1,54,1" doraHai="47" who="3" fromWho="3" sc="250,-40,250,-20,250,-20,250,80" /><INIT seed="1,0,0,1,5,94" ten="210,230,230,330" oya="1" hai0="58,122,111,36,29,69,46,120,4,44,39,38,85" hai1="115,27,131,80,67,63,77,49,105,9,98,15,11" hai2="97,30,28,73,113,56,23,8,84,18,5,50,17" hai3="41,121,86,112,45,99,19,40,75,42,54,61,100"/><U24/><E115/><V57/><F73/><W26/><G112/><T133/><D4/><U3/><E3/><V74/><F74/><W104/><G75/><T128/><D29/><N who="2" m="11370" /><F113/><W125/><G121/><N who="0" m="46699" /><D69/><U1/><E1/><V123/><F123/><W12/><G125/><T16/><D111/><U31/><E131/><V92/><F84/><W87/><G26/><T118/><D118/><U114/><E114/><V21/><F5/><W60/><G45/><N who="0" m="17515" /><D128/><U127/><E127/><V43/><F43/><W20/><G54/><T66/><D85/><U34/><E27/><N who="2" m="14767" /><F8/><W70/><G70/><T93/><D93/><U35/><E35/><V91/><F50/><W81/><REACH who="3" step="1"/><G87/><REACH who="3" ten="210,230,230,320" step="2"/><T134/><D16/><U83/><E24/><AGARI ba="0,1" hai="18,23,24,56,57,91,92,97" m="14767,11370" machi="24" ten="30,2000,0" yaku="8,1,52,1" doraHai="94" who="2" fromWho="1" sc="210,0,230,-20,230,30,320,0" /><INIT seed="2,0,0,2,3,33" ten="210,210,260,320" oya="2" hai0="35,2,42,6,123,105,8,58,118,112,104,120,7" hai1="62,90,31,22,121,110,82,93,55,41,3,113,116" hai2="94,9,30,134,57,53,20,38,89,108,111,72,40" hai3="44,92,85,99,47,66,127,81,64,80,96,4,91"/><V125/><F72/><W76/><G127/><T128/><D112/><U54/><E116/><V135/><F125/><W60/><G4/><T129/><D42/><U34/><E113/><V32/><F32/><W79/><G99/><T39/><D39/><U86/><E110/><N who="2" m="42027" /><F9/><W87/><G66/><T52/><D7/><U83/><E121/><V59/><F30/><W27/><G27/><T45/><D45/><U56/><E34/><V102/><F20/><W23/><G23/><T50/><D35/><U0/><E41/><V25/><F25/><W71/><AGARI ba="0,0" hai="44,47,60,64,71,76,79,80,81,85,87,91,92,96" machi="71" ten="20,2700,0" yaku="0,1,7,1,9,1" doraHai="33" who="3" fromWho="3" sc="210,-7,210,-7,260,-13,320,27" /><INIT seed="3,0,0,5,4,5" ten="203,203,247,347" oya="3" hai0="69,47,83,108,113,135,98,66,73,132,89,118,126" hai1="86,127,71,60,104,6,58,110,11,67,87,96,44" hai2="91,130,77,21,120,92,112,34,48,54,62,49,2" hai3="109,10,7,57,97,13,41,50,25,88,131,90,3"/><W114/><G114/><T22/><D118/><U19/><E110/><V133/><F34/><W80/><G109/><T81/><D108/><U36/><E127/><V121/><F2/><W55/><G131/><T76/><D113/><U119/><E119/><V64/><F130/><W4/><G41/><T8/><D126/><U9/><E71/><V30/><F77/><W56/><G3/><T46/><D22/><U17/><E104/><V93/><F133/><N who="0" m="51274" /><D8/><N who="1" m="3147" /><E6/><V68/><F92/><W32/><G32/><T125/><D125/><U122/><E122/><N who="2" m="47211" /><F54/><W52/><G55/><T106/><D106/><U134/><E134/><V40/><F40/><W14/><G52/><T0/><D0/><U129/><E36/><V26/><F112/><W117/><G7/><T72/><D72/><U39/><E39/><V75/><F75/><W31/><G4/><T1/><D1/><U27/><E129/><V29/><F29/><W128/><G31/><T38/><D38/><U45/><E96/><AGARI ba="0,0" hai="21,26,30,48,49,62,64,68,91,93,96" m="47211" machi="96" ten="30,1000,0" yaku="13,1" doraHai="5" who="2" fromWho="1" sc="203,0,203,-10,247,10,347,0" owari="203,-19.7,193,-30.7,257,5.7,347,44.7" /></mjloggm>