<mjloggm ver="2.3"><GO type="225" lobby="0"/><UN n0="%E3%81%A4%E3%81%A3%E3%81%B1%E3%82%8A%E3%83%9D%E3%83%BC%E3%83%AB" n1="%E5%8D%A0%E3%81%84%E5%B8%AB%E8%A3%8F%E3%81%AA%E3%81%84%E3%81%97" n2="%E3%81%99%E3%83%BC%5F%E9%88%B4%E6%9C%A8%E6%B5%A9%E5%B9%B3" n3="%E9%A6%AC%E5%BC%95%E7%81%AB%33" dan="17,17,16,16" rate="2165.12,2209.59,2069.29,2116.62" sx="M,M,M,M"/><TAIKYOKU oya="0"/><INIT seed="0,0,0,0,2,45" ten="250,250,250,250" oya="0" hai0="34,14,110,57,112,5,6,116,23,37,115,107,83" hai1="66,39,119,38,35,19,18,1,109,55,79,130,88" hai2="76,102,96,85,33,27,105,28,12,118,87,50,108" hai3="68,61,125,122,101,4,86,11,9,70,0,29,129"/><T77/><D116/><U104/><E119/><V63/><F118/><W91/><G125/><T120/><D120/><U7/><E35/><V59/><F76/><W114/><G114/><T13/><D37/><U31/><E104/><V78/><F78/><W99/><G122/><T67/><D34/><U84/><E31/><V51/><F108/><W54/><G129/><T128/><D107/><U81/><E109/><V72/><F72/><W103/><G29/><T41/><D110/><U36/><E130/><V2/><F2/><W97/><G11/><T80/><D41/><U133/><E66/><V75/><F75/><W60/><G54/><T56/><D77/><U100/><E100/><V132/><F132/><W46/><G46/><T127/><D67/><U15/><E1/><V98/><F96/><W106/><G68/><T58/><D58/><U40/><E133/><V21/><F12/><W135/><G70/><T82/><D82/><U90/><E40/><V44/><F33/><W49/><G49/><T20/><REACH who="0" step="1"/><D128/><REACH who="0" ten="240,250,250,250" step="2"/><U117/><E117/><V26/><F105/><W95/><G135/><T121/><D121/><U48/><E79/><V16/><F59/><W111/><G111/><T89/><D89/><U8/><REACH who="1" step="1"/><E90/><REACH who="1" ten="240,240,250,250" step="2"/><V47/><F102/><W92/><AGARI ba="0,2" hai="0,4,9,60,61,86,91,92,95,97,99,101,103,106" machi="92" ten="20,1500,0" yaku="0,1,7,1" doraHai="45" who="3" fromWho="3" sc="240,-7,240,-4,250,-4,250,35" /><INIT seed="1,0,0,1,2,101" ten="233,236,246,285" oya="1" hai0="53,6,95,1,71,60,63,108,3,98,14,121,80" hai1="132,4,83,58,110,76,102,28,16,61,33,99,13" hai2="67,96,17,117,10,89,26,118,9,97,2,36,64" hai3="78,113,44,0,87,131,124,21,62,65,24,105,115"/><U5/><E132/><V82/><F36/><W59/><G0/><T7/><D108/><U84/><E110/><V114/><F114/><W111/><G111/><T37/><D37/><U56/><E28/><V22/><F117/><W51/><G105/><T70/><D121/><U129/><E33/><V27/><F118/><W32/><G32/><T119/><D119/><U55/><E56/><V91/><F91/><W12/><G131/><T116/><D116/><U15/><E15/><V66/><F2/><W85/><G124/><T47/><D3/><U92/><REACH who="1" step="1"/><E129/><REACH who="1" ten="233,226,246,285" step="2"/><V72/><F27/><W11/><G113/><T133/><D1/><U74/><E74/><V69/><F72/><W75/><G75/><T52/><D14/><U73/><E73/><V127/><F69/><W48/><G115/><T49/><D133/><U35/><E35/><V81/><F127/><W40/><G12/><T57/><D71/><U86/><E86/><V19/><F96/><W120/><G85/><T25/><D25/><U31/><E31/><V109/><F109/><W8/><G120/><T50/><D70/><U106/><E106/><V34/><F34/><W90/><G87/><T29/><D29/><U135/><E135/><V30/><F30/><W112/><G59/><T123/><D123/><U107/><E107/><V20/><F97/><W42/><G24/><T122/><D122/><U54/><E54/><V130/><F130/><W23/><G112/><T39/><D53/><U38/><E38/><V79/><F26/><W125/><G125/><T128/><D128/><U104/><E104/><V41/><F67/><RYUUKYOKU ba="0,1" sc="233,-10,226,30,246,-10,285,-10" hai1="4,5,13,16,55,58,61,76,83,84,92,99,102" /><INIT seed="1,1,1,2,3,15" ten="223,256,236,275" oya="1" hai0="51,91,3,108,92,79,131,95,75,81,125,116,23" hai1="42,123,119,48,74,102,22,2,122,39,40,55,9" hai2="8,17,121,86,105,70,11,49,63,26,134,4,89" hai3="18,78,56,130,104,87,77,47,72,128,36,129,97"/><U103/><E119/><V19/><F105/><W117/><G72/><T43/><D116/><U44/><E74/><V85/><F121/><W14/><G117/><T71/><D71/><U5/><E40/><V24/><F134/><W83/><G56/><T57/><D3/><U115/><E115/><V34/><F70/><W20/><G47/><T73/><D73/><U94/><E94/><N who="2" m="54575" /><F63/><W7/><G7/><T84/><D108/><U16/><E122/><V100/><F100/><N who="3" m="62479" /><G36/><T60/><D131/><U6/><E6/><V111/><F111/><W10/><G10/><N who="2" m="3625" /><F4/><W54/><G54/><T64/><D125/><U45/><E123/><V113/><F113/><W67/><G67/><T133/><D133/><U59/><REACH who="1" step="1"/><E44/><REACH who="1" ten="223,246,236,275" step="2"/><V38/><F38/><W112/><G112/><T109/><D109/><U110/><E110/><V53/><F34/><W33/><G33/><T135/><D135/><U32/><E32/><V29/><F29/><W101/><G101/><T27/><D75/><U0/><E0/><V21/><F86/><W52/><G52/><T41/><D41/><U107/><E107/><V114/><F114/><W58/><G130/><T124/><D43/><U37/><E37/><V82/><F19/><W12/><G87/><T96/><D124/><U13/><AGARI ba="1,2" hai="2,5,9,13,16,22,39,42,45,48,55,59,102,103" machi="13" ten="20,12000,1" yaku="1,1,0,1,7,1,52,1,54,1,53,0" doraHai="15" doraHaiUra="28" who="1" fromWho="1" sc="223,-41,246,143,236,-41,275,-41" /><INIT seed="1,2,0,3,0,130" ten="182,389,195,234" oya="1" hai0="118,133,54,126,85,2,50,6,91,12,80,35,24" hai1="79,39,128,62,61,1,40,81,42,31,58,72,107" hai2="45,89,67,125,104,119,117,17,113,55,69,99,90" hai3="121,94,122,116,34,103,134,52,115,64,29,84,97"/><U123/><E123/><V105/><F125/><W33/><G115/><T44/><D126/><U78/><E128/><V41/><F113/><W9/><G116/><T110/><D118/><U68/><E107/><V93/><F55/><W47/><G64/><T73/><D110/><U19/><E1/><V132/><F132/><W111/><G111/><T7/><D2/><U86/><E68/><V127/><F127/><W36/><G134/><T124/><D124/><U100/><E100/><V48/><F89/><W77/><G9/><T76/><D133/><U98/><E98/><V49/><F49/><W59/><G77/><T60/><D12/><U51/><E31/><V65/><F105/><W27/><G84/><T70/><D24/><U21/><E39/><V114/><F104/><W82/><G82/><T66/><REACH who="0" step="1"/><D35/><REACH who="0" ten="172,389,195,234" step="2"/><U30/><E30/><V95/><F114/><W74/><G34/><T96/><D96/><U8/><E8/><V87/><F119/><W13/><G121/><T11/><D11/><U56/><E21/><V101/><F117/><W43/><G122/><T112/><D112/><U46/><E19/><V57/><F69/><W20/><G33/><T37/><D37/><U15/><E15/><V135/><F135/><W75/><G13/><T102/><D102/><U16/><E16/><V109/><F109/><W131/><G131/><T22/><D22/><U14/><E14/><V26/><F26/><W32/><G32/><T92/><AGARI ba="2,1" hai="6,7,44,50,54,60,66,70,73,76,80,85,91,92" machi="92" ten="20,2700,0" yaku="1,1,0,1,7,1,53,0" doraHai="130" doraHaiUra="23" who="0" fromWho="0" sc="172,43,389,-15,195,-9,234,-9" /><INIT seed="2,0,0,4,3,3" ten="215,374,186,225" oya="2" hai0="124,23,130,47,5,114,101,41,125,14,52,60,7" hai1="54,123,36,12,44,34,53,24,58,135,131,37,127" hai2="49,59,66,122,38,50,67,94,10,108,84,109,13" hai3="64,90,116,27,132,18,78,107,105,22,79,21,95"/><V89/><F122/><W55/><G116/><T9/><D114/><U4/><E123/><V0/><F0/><W99/><G132/><T85/><D130/><U126/><E131/><V120/><F120/><W35/><G35/><T57/><D101/><U115/><E115/><V11/><F38/><W30/><G64/><T42/><D23/><U29/><E135/><V81/><F10/><W92/><G92/><T86/><D7/><U103/><E103/><V74/><F94/><W16/><G30/><T119/><D119/><U17/><E4/><V62/><F67/><W1/><G1/><T69/><D69/><U33/><E33/><V20/><F20/><W72/><G55/><N who="1" m="21002" /><E58/><V80/><F81/><W46/><G46/><T26/><D26/><U111/><E44/><V106/><F106/><W102/><G72/><T133/><D133/><U25/><E25/><V75/><F74/><W76/><REACH who="3" step="1"/><G102/><REACH who="3" ten="215,374,186,215" step="2"/><T56/><D56/><U43/><E29/><V19/><REACH who="2" step="1"/><F75/><REACH who="2" ten="215,374,176,215" step="2"/><W82/><G82/><T73/><D73/><U6/><E34/><V117/><F117/><W45/><G45/><T93/><D93/><U129/><E129/><V65/><F65/><W88/><G88/><T104/><D104/><U15/><E36/><V32/><F32/><W68/><G68/><T28/><D47/><U128/><E37/><V98/><F98/><W97/><G97/><T8/><D57/><U77/><E128/><V70/><F70/><W51/><G51/><AGARI ba="0,2" hai="11,13,19,49,50,51,59,62,66,80,84,89,108,109" machi="51" ten="40,3900,0" yaku="1,1,53,1" doraHai="3" doraHaiUra="83" who="2" fromWho="3" sc="215,0,374,0,176,59,215,-39" /><INIT seed="2,1,0,5,5,68" ten="215,374,235,176" oya="2" hai0="24,90,109,116,71,22,84,64,97,78,120,131,67" hai1="111,99,41,102,19,30,4,60,28,11,130,62,52" hai2="98,3,83,74,128,56,87,122,45,37,81,20,2" hai3="49,69,1,73,105,96,23,14,104,43,76,93,54"/><V85/><F122/><W127/><G1/><T89/><D120/><U117/><E117/><V118/><F118/><W33/><G33/><T0/><D0/><U121/><E111/><V119/><F119/><W10/><G127/><T113/><D116/><U135/><E135/><V124/><F124/><W27/><G69/><T8/><D113/><U100/><E41/><V103/><F128/><W66/><G66/><N who="0" m="25131" /><D71/><U53/><E19/><V94/><F74/><W35/><G35/><T6/><D131/><U39/><E39/><V82/><F56/><W95/><G43/><T47/><D109/><U123/><E99/><V40/><F2/><W58/><G76/><T91/><D47/><U80/><E80/><V55/><F3/><W26/><G73/><T15/><D97/><U125/><E125/><V126/><F126/><W32/><G32/><T50/><D50/><U132/><E132/><V9/><F9/><W134/><G134/><T5/><D5/><U114/><E11/><V115/><F115/><W101/><G104/><T77/><D84/><U70/><E70/><V65/><F65/><W72/><G72/><T36/><D36/><U7/><E114/><V25/><REACH who="2" step="1"/><F55/><REACH who="2" ten="215,374,225,176" step="2"/><W92/><REACH who="3" step="1"/><G23/><REACH who="3" ten="215,374,225,166" step="2"/><T107/><D107/><U112/><E112/><V86/><F86/><W133/><G133/><T42/><D42/><U88/><E130/><V48/><F48/><W46/><G46/><T12/><D22/><U18/><E123/><V17/><AGARI ba="1,2" hai="17,20,25,37,40,45,81,82,83,85,87,94,98,103" machi="17" ten="30,11700,0" yaku="1,1,0,1,52,1,53,1" doraHai="68" doraHaiUra="21" who="2" fromWho="2" sc="215,-40,374,-40,225,140,166,-40" /><INIT seed="2,2,0,3,1,22" ten="175,334,365,126" oya="2" hai0="125,114,120,1,62,135,31,112,45,53,33,25,107" hai1="96,60,108,102,9,64,68,94,12,73,5,26,48" hai2="80,43,106,65,50,87,18,41,19,103,85,78,116" hai3="117,36,99,38,11,113,34,74,56,121,35,77,76"/><V67/><F116/><W70/><G117/><T130/><D120/><U71/><E108/><V134/><F134/><W28/><G121/><T79/><D107/><U91/><E73/><V88/><F106/><W29/><G56/><T89/><D1/><U44/><E71/><V118/><F103/><W69/><G74/><T75/><D135/><U72/><E72/><V3/><F3/><W93/><G93/><T37/><D89/><U100/><REACH who="1" step="1"/><E26/><REACH who="1" ten="175,324,365,126" step="2"/><V46/><F118/><W110/><G110/><T52/><D25/><U128/><E128/><V90/><F41/><AGARI ba="2,1" hai="5,9,12,41,44,48,60,64,68,91,94,96,100,102" machi="41" ten="30,2000,0" yaku="1,1,7,1,53,0" doraHai="22" doraHaiUra="104" who="1" fromWho="2" sc="175,0,324,36,365,-26,126,0" /><INIT seed="3,0,0,3,2,20" ten="175,360,339,126" oya="3" hai0="117,109,10,62,68,131,46,89,108,22,44,92,28" hai1="26,64,43,34,134,3,12,129,88,91,15,31,1" hai2="90,73,78,76,49,118,69,93,111,24,106,75,83" hai3="94,57,29,13,53,52,98,80,19,115,59,7,121"/><W122/><G115/><T36/><D117/><U48/><E134/><V40/><F118/><W103/><G7/><T120/><D120/><U23/><E129/><V127/><F69/><W72/><G29/><T56/><D68/><U77/><E77/><V132/><F106/><W45/><G45/><T54/><D131/><U126/><E126/><V65/><F132/><W47/><G47/><T50/><D36/><U17/><E64/><V128/><F127/><W11/><G80/><T107/><D107/><U30/><E1/><V96/><F128/><W42/><G42/><T51/><D10/><U123/><E3/><V41/><F111/><N who="0" m="42570" /><D44/><N who="1" m="25631" /><E123/><V63/><F49/><W66/><G66/><T124/><D124/><U33/><E33/><V85/><F76/><W113/><G72/><T55/><D51/><U119/><E119/><V9/><F9/><W21/><G113/><T102/><D102/><U99/><E99/><V70/><F73/><W25/><G121/><T74/><D74/><U61/><E61/><V38/><F38/><W100/><G100/><T16/><D28/><N who="1" m="17503" /><E12/><V114/><F114/><W95/><G122/><T0/><D0/><U18/><E18/><V8/><F8/><W105/><G59/><T101/><D101/><U125/><E125/><V87/><F75/><W135/><G135/><T39/><D39/><U112/><E112/><V27/><REACH who="2" step="1"/><F96/><REACH who="2" ten="175,360,329,126" step="2"/><W86/><G86/><N who="0" m="52279" /><D62/><U6/><E34/><V116/><F116/><W67/><G67/><T14/><D56/><U71/><E71/><V97/><F97/><W4/><G57/><T58/><D58/><U79/><E6/><RYUUKYOKU ba="0,1" sc="175,10,360,-30,329,10,126,10" hai0="14,16,22,46,50,54,55" hai2="24,27,40,41,63,65,70,78,83,85,87,90,93" hai3="4,11,13,19,21,25,52,53,94,95,98,103,105" /><INIT seed="3,1,1,5,0,118" ten="185,330,339,136" oya="3" hai0="63,29,32,134,48,93,85,0,86,73,124,45,65" hai1="2,102,35,9,64,18,43,4,129,70,121,135,17" hai2="14,53,80,37,61,10,115,120,16,1,20,108,101" hai3="8,114,78,104,106,87,72,117,6,126,67,133,62"/><W52/><G114/><T111/><D73/><U122/><E43/><V33/><F115/><W109/><G117/><T7/><D134/><U110/><E135/><V81/><F37/><W123/><G133/><T132/><D132/><U74/><E74/><V95/><F120/><W47/><G123/><T77/><D124/><U75/><E75/><V91/><F33/><W25/><G72/><T89/><D111/><U21/><E110/><V5/><F101/><W103/><G109/><T82/><D7/><U66/><E35/><V90/><F108/><W69/><G126/><T51/><D0/><U100/><E129/><V26/><F1/><W56/><G47/><T41/><D29/><U49/><E49/><V39/><F39/><W54/><G25/><T113/><D32/><U40/><E40/><V36/><F36/><W88/><G78/><T34/><D34/><U107/><E107/><V76/><F76/><W99/><G69/><T130/><D130/><U58/><E70/><V11/><F11/><W79/><G79/><T31/><D31/><U131/><E131/><V60/><F91/><W59/><G56/><N who="0" m="37095" /><D113/><U55/><E17/><V71/><F71/><W12/><REACH who="3" step="1"/><G104/><REACH who="3" ten="185,330,339,126" step="2"/><T28/><D28/><U94/><E122/><V112/><F112/><W125/><G125/><T24/><D24/><N who="1" m="14391" /><E121/><V46/><F46/><W116/><G116/><T98/><D45/><U105/><E105/><V127/><F127/><W84/><G84/><N who="0" m="48207" /><D41/><U15/><E58/><N who="2" m="34895" /><F61/><W83/><AGARI ba="1,2" hai="6,8,12,52,54,59,62,67,83,87,88,99,103,106" machi="83" ten="20,18000,2" yaku="1,1,0,1,7,1,54,2,53,1" doraHai="118" doraHaiUra="3" who="3" fromWho="3" sc="185,-61,330,-61,339,-61,126,203" owari="124,-37.6,269,-13.1,278,7.8,329,42.9" /></mjloggm>