<mjloggm ver="2.3"><GO type="225" lobby="0"/><UN n0="%E5%91%A8%E6%9D%B1" n1="%E3%81%A1%E3%82%83%E3%81%93%E3%81%93" n2="%E7%99%BD%E5%80%89%E5%AF%9B%E4%B9%8B" n3="%E3%82%A4%E3%82%AD%E3%83%AA" dan="16,16,16,16" rate="2202.00,2163.16,2141.55,2065.30" sx="M,F,M,M"/><TAIKYOKU oya="0"/><INIT seed="0,0,0,2,4,36" ten="250,250,250,250" oya="0" hai0="32,84,1,28,51,8,24,38,67,75,86,35,30" hai1="45,99,127,47,94,112,89,21,17,42,91,37,129" hai2="7,23,133,126,41,116,46,88,31,98,69,33,40" hai3="82,92,59,93,128,120,29,81,135,14,22,77,102"/><T80/><D38/><U20/><E129/><V18/><F69/><W105/><G128/><T6/><D67/><U61/><E127/><V72/><F72/><W132/><G120/><T63/><D63/><U73/><E112/><V87/><F126/><W104/><G59/><T101/><D101/><U95/><E73/><V121/><F121/><W11/><G22/><T66/><D66/><U60/><E47/><V70/><F70/><W10/><G29/><T43/><D75/><U62/><REACH who="1" step="1"/><E17/><REACH who="1" ten="250,240,250,250" step="2"/><V96/><F46/><W113/><G113/><T48/><D84/><AGARI ba="0,1" hai="20,21,37,42,45,60,61,62,84,89,91,94,95,99" machi="84" ten="40,5200,0" yaku="1,1,2,1,52,1,53,0" doraHai="36" doraHaiUra="53" who="1" fromWho="0" sc="250,-52,240,62,250,0,250,0" /><INIT seed="1,0,0,1,0,61" ten="198,302,250,250" oya="1" hai0="92,28,45,32,69,104,109,7,88,110,71,8,125" hai1="4,112,75,62,121,116,10,59,20,26,101,49,115" hai2="124,90,31,23,128,133,41,36,68,126,39,24,89" hai3="78,22,57,5,64,13,51,2,95,134,97,35,72"/><U46/><E116/><V16/><F133/><W105/><G35/><T30/><D104/><U67/><E75/><V123/><F123/><W107/><G2/><T52/><D125/><N who="2" m="48234" /><F128/><W79/><G134/><T119/><D119/><U130/><E130/><V129/><F129/><W102/><G72/><T98/><D69/><U14/><E101/><V91/><F68/><W106/><G51/><N who="0" m="28783" /><D32/><U132/><E121/><V83/><F83/><W114/><G114/><T1/><D71/><U43/><REACH who="1" step="1"/><E132/><REACH who="1" ten="198,292,250,250" step="2"/><V111/><F111/><AGARI ba="0,1" hai="1,7,8,28,30,88,92,98,109,110,111" m="28783" machi="111" ten="30,3900,0" yaku="14,1,54,2" doraHai="61" who="0" fromWho="2" sc="198,49,292,0,250,-39,250,0" /><INIT seed="2,0,0,2,3,32" ten="247,292,211,250" oya="2" hai0="51,86,111,26,65,12,132,75,2,35,82,101,103" hai1="9,71,135,80,105,94,34,100,104,63,123,87,7" hai2="5,76,54,91,117,59,37,72,58,84,49,107,42" hai3="99,21,114,109,115,13,6,95,118,122,33,19,120"/><V0/><F107/><W81/><G81/><T48/><D2/><U18/><E34/><V53/><F117/><W108/><G33/><T64/><D75/><U127/><E127/><V38/><F42/><W66/><G66/><N who="0" m="25707" /><D35/><U77/><E135/><V126/><F126/><W16/><G6/><T24/><D132/><U3/><E71/><V22/><F76/><W96/><G19/><T30/><D12/><U52/><E123/><N who="3" m="47146" /><G96/><T55/><D48/><U98/><REACH who="1" step="1"/><E18/><REACH who="1" ten="247,282,211,250" step="2"/><V67/><F72/><W62/><G118/><T121/><D121/><U25/><E25/><V28/><F67/><W44/><G115/><T43/><D24/><U23/><E23/><V29/><F29/><W85/><G21/><T113/><D26/><U8/><E8/><V70/><F70/><W134/><G16/><T125/><D30/><U17/><E17/><V124/><F124/><W14/><G114/><T93/><D113/><U112/><E112/><V102/><F22/><W39/><G134/><T128/><D125/><U116/><E116/><V92/><F28/><W106/><G109/><T47/><D111/><U56/><AGARI ba="0,1" hai="3,7,9,52,56,63,77,80,87,94,98,100,104,105" machi="56" ten="30,7900,0" yaku="1,1,0,1,52,1,54,1,53,0" doraHai="32" doraHaiUra="119" who="1" fromWho="1" sc="247,-20,282,89,211,-39,250,-20" /><INIT seed="3,0,0,1,1,108" ten="227,371,172,230" oya="3" hai0="103,1,74,95,10,7,101,6,51,128,116,135,97" hai1="43,85,81,90,55,40,84,87,19,88,71,67,72" hai2="24,86,106,66,63,28,34,11,94,14,118,27,68" hai3="113,33,109,57,5,47,15,98,75,114,100,78,30"/><W23/><G109/><T13/><D116/><U79/><E71/><V48/><F118/><W26/><G47/><T64/><D74/><U58/><E67/><V32/><F106/><W31/><G75/><T8/><D128/><U99/><E99/><V21/><F48/><W91/><G78/><T38/><D38/><U112/><E112/><V96/><F86/><W120/><G120/><T111/><D111/><U102/><E102/><V134/><F134/><W69/><G69/><T132/><D64/><U0/><E0/><V104/><F104/><W110/><G91/><T93/><D51/><U16/><E72/><V39/><F39/><W65/><G110/><T2/><D13/><U50/><E85/><V133/><F133/><W76/><G76/><T4/><D4/><U61/><E79/><V35/><F27/><N who="3" m="16767" /><G15/><T121/><D97/><U52/><E43/><V42/><F42/><W53/><G53/><T25/><D25/><U60/><E40/><V131/><F131/><W20/><G5/><T44/><D44/><N who="1" m="27719" /><E61/><V46/><F46/><W115/><G33/><T124/><D121/><U117/><E117/><V126/><F126/><AGARI ba="0,0" hai="1,2,6,7,8,10,93,95,101,103,124,126,132,135" machi="126" ten="25,1600,0" yaku="22,2" doraHai="108" who="0" fromWho="2" sc="227,16,371,0,172,-16,230,0" owari="243,4.3,371,47.1,156,-34.4,230,-17.0" /></mjloggm>