<mjloggm ver="2.3"><GO type="225" lobby="0"/><UN n0="%E8%A8%88%E7%AE%97%E6%A9%9F%E8%87%AA%E7%84%B6" n1="%E6%98%93%E5%88%A9%E8%96%A9%E4%BC%AF" n2="%E6%9C%88%E5%B3%B6%E5%9F%BA" n3="%E3%81%8B%E3%82%8F%E3%81%A1%E3%82%83%E3%82%93%35%38" dan="17,16,18,16" rate="2168.49,2125.07,2239.13,2155.21" sx="M,F,M,M"/><TAIKYOKU oya="0"/><INIT seed="0,0,0,1,3,12" ten="250,250,250,250" oya="0" hai0="48,68,5,38,25,70,71,123,39,75,122,95,80" hai1="124,84,98,135,114,83,128,2,88,55,77,40,104" hai2="17,126,106,58,100,49,112,125,116,43,127,59,133" hai3="4,29,93,89,52,19,10,33,86,15,119,101,50"/><T14/><D95/><U63/><E2/><V20/><F112/><W131/><G119/><T1/><D48/><U78/><E114/><V74/><F74/><W32/><G131/><T0/><D14/><U24/><E124/><V37/><F116/><W105/><G29/><T134/><D25/><U79/><E135/><V35/><F35/><W66/><G66/><T53/><D53/><U67/><E40/><V121/><F121/><N who="0" m="46090" /><D134/><U109/><E109/><V44/><F133/><W27/><G105/><T30/><D30/><U102/><E24/><N who="2" m="14351" /><F49/><W65/><G65/><T72/><D80/><U132/><E132/><V113/><F113/><W73/><G73/><N who="0" m="28235" /><D5/><U94/><E55/><V111/><F111/><W28/><G101/><T85/><D85/><U51/><E51/><V64/><F64/><W108/><G108/><T103/><D103/><U62/><E62/><V45/><F45/><W92/><G92/><T21/><D21/><U82/><REACH who="1" step="1"/><E128/><REACH who="1" ten="250,240,250,250" step="2"/><V107/><F107/><W36/><G36/><AGARI ba="0,1" hai="0,1,36,38,39,68,70,71" m="28235,46090" machi="36" ten="40,12000,1" yaku="28,2,31,2" doraHai="12" who="0" fromWho="3" sc="250,130,240,0,250,0,250,-120" /><INIT seed="0,1,0,1,4,13" ten="380,240,250,130" oya="0" hai0="34,19,3,102,113,101,74,48,44,63,35,131,103" hai1="85,7,36,6,1,117,28,40,92,69,10,94,51" hai2="73,66,60,23,49,123,5,79,62,30,65,83,75" hai3="133,64,100,78,80,115,112,37,9,22,98,87,0"/><T61/><D113/><U21/><E117/><V132/><F123/><W11/><G37/><T39/><D39/><U57/><E69/><V31/><F132/><W81/><G133/><T106/><D106/><U41/><E7/><V54/><F5/><W29/><G64/><T42/><D74/><U4/><E4/><V45/><F75/><W95/><G0/><T26/><D3/><U24/><E36/><V104/><F104/><W93/><G115/><T124/><D131/><U56/><E94/><V68/><REACH who="2" step="1"/><F23/><REACH who="2" ten="380,240,240,130" step="2"/><W120/><G120/><T110/><D34/><U116/><E116/><V25/><F25/><N who="3" m="16567" /><G112/><T77/><D35/><U33/><E33/><V32/><F32/><W12/><G12/><T126/><D26/><U76/><E21/><V16/><F16/><W99/><G80/><T55/><D19/><U122/><E24/><V50/><F50/><W127/><G127/><T118/><D118/><U67/><E51/><V15/><F15/><W20/><G20/><T119/><D119/><U27/><E27/><V125/><F125/><W129/><G129/><T97/><D124/><U71/><E122/><V130/><F130/><W72/><G72/><T107/><D126/><U88/><E1/><V82/><F82/><W105/><G105/><T135/><D135/><U47/><E6/><V89/><F89/><AGARI ba="1,1" hai="9,11,78,81,87,89,93,95,98,99,100" m="16567" machi="89" ten="30,1000,0" yaku="8,1" doraHai="13" who="3" fromWho="2" sc="380,0,240,0,240,-13,130,23" /><INIT seed="1,0,0,0,5,57" ten="380,240,227,153" oya="1" hai0="42,5,79,82,75,93,50,3,22,122,18,83,49" hai1="7,44,64,15,116,130,127,69,92,118,33,109,107" hai2="72,25,16,8,117,9,52,89,90,74,115,56,30" hai3="40,4,53,134,20,23,47,1,88,67,45,78,104"/><U39/><E107/><V58/><F117/><W61/><G104/><T111/><D111/><U98/><E33/><V108/><F108/><W70/><G134/><T94/><D122/><U34/><E109/><V77/><F115/><W131/><G131/><T133/><D133/><U37/><E34/><V66/><F77/><W28/><G78/><T14/><D82/><U128/><E7/><V102/><F102/><W97/><G28/><T132/><D132/><U105/><E105/><V46/><F72/><W35/><G35/><T100/><D42/><U68/><E15/><N who="2" m="7271" /><F74/><W71/><G71/><N who="1" m="27210" /><E127/><V95/><F9/><W48/><G4/><T0/><D5/><U55/><E64/><V65/><F46/><W60/><G1/><T54/><D100/><U119/><E92/><V10/><F10/><W121/><G121/><T6/><D94/><U31/><E31/><V80/><F58/><W19/><G19/><T126/><D126/><U85/><E85/><N who="2" m="50343" /><F25/><W76/><G76/><T24/><D24/><U17/><E39/><V12/><F12/><W135/><G135/><T41/><D6/><U29/><E37/><V124/><F30/><W63/><G67/><T2/><D0/><U114/><E29/><V113/><F113/><W21/><G70/><T51/><D2/><U110/><E114/><V59/><F59/><N who="3" m="33191" /><G40/><T112/><D3/><U84/><E110/><V125/><F124/><W120/><G120/><T129/><D112/><U96/><E118/><V73/><F73/><W91/><G91/><T62/><D75/><U81/><E116/><V101/><F125/><W32/><G32/><RYUUKYOKU ba="0,0" sc="380,-10,240,-10,227,-10,153,30" hai3="20,21,23,45,47,60,61,63,88,97" /><INIT seed="2,1,0,3,3,32" ten="370,230,217,183" oya="2" hai0="65,1,114,62,82,60,41,117,53,72,105,76,118" hai1="124,10,135,5,50,49,71,125,85,68,34,64,44" hai2="54,122,80,35,84,92,16,37,22,19,129,116,121" hai3="83,33,101,61,97,134,88,95,98,133,38,100,27"/><V59/><F116/><N who="0" m="44650" /><D1/><N who="1" m="303" /><E34/><V48/><F35/><W28/><G38/><T6/><D6/><U63/><E135/><V91/><F129/><W8/><G61/><T94/><D105/><U43/><E85/><V31/><F37/><W107/><REACH who="3" step="1"/><G8/><REACH who="3" ten="370,230,217,173" step="2"/><T56/><D60/><U132/><E132/><V70/><F70/><W46/><G46/><T0/><D62/><U69/><E50/><V45/><F121/><W109/><G109/><T77/><D56/><U11/><E11/><V58/><F122/><W39/><G39/><T103/><D65/><U93/><E69/><V26/><F59/><W57/><G57/><T111/><D111/><U55/><E68/><V131/><F58/><W24/><G24/><T29/><D114/><U113/><E113/><V79/><REACH who="2" step="1"/><F131/><REACH who="2" ten="370,230,207,173" step="2"/><W112/><G112/><T89/><D0/><U128/><E128/><V74/><AGARI ba="1,2" hai="16,19,22,26,31,45,48,54,74,79,80,84,91,92" machi="74" ten="20,18000,2" yaku="1,1,2,1,0,1,7,1,54,1,53,1" doraHai="32" doraHaiUra="81" who="2" fromWho="2" sc="370,-61,230,-61,207,203,173,-61" /><INIT seed="2,2,0,5,3,102" ten="309,169,410,112" oya="2" hai0="39,8,5,12,45,83,40,115,66,109,119,105,72" hai1="41,85,103,2,59,76,129,26,6,81,104,111,25" hai2="37,94,116,80,112,84,135,118,16,69,9,108,98" hai3="132,100,7,51,54,10,64,101,99,24,62,63,97"/><V43/><F69/><W120/><G132/><T46/><D115/><U123/><E111/><V90/><F112/><W33/><G120/><T89/><D109/><U38/><E129/><V87/><F108/><W50/><G33/><T131/><D66/><U61/><E123/><V121/><F121/><W18/><G24/><T30/><D30/><U74/><E85/><V68/><F68/><W125/><G125/><T60/><D60/><U4/><E4/><V114/><F114/><W86/><G86/><T27/><D27/><U106/><E59/><V15/><F135/><W14/><G7/><T133/><D45/><N who="1" m="23735" /><E61/><V67/><F67/><W122/><G122/><T130/><D119/><U79/><E79/><V82/><F116/><W11/><G64/><T96/><D133/><U77/><E77/><V55/><F118/><W70/><G70/><T1/><D12/><U13/><E13/><V107/><F37/><W92/><G10/><T56/><D56/><U113/><E113/><V52/><F43/><W28/><G28/><T117/><D117/><U0/><E0/><V88/><F107/><N who="1" m="41001" /><E103/><AGARI ba="2,0" hai="9,15,16,52,55,80,82,84,87,88,90,94,98,103" machi="103" ten="30,18000,2" yaku="7,1,9,1,8,1,54,3" doraHai="102" who="2" fromWho="1" sc="309,0,169,-186,410,186,112,0" owari="309,10.9,-17,-51.7,596,69.6,112,-28.8" /></mjloggm>