<mjloggm ver="2.3"><GO type="225" lobby="0"/><UN n0="%E7%99%BD%E5%80%89%E5%AF%9B%E4%B9%8B" n1="%E9%BB%99%E8%81%B4%E3%81%AE%E3%81%99%E3%82%9D%E3%82%81" n2="%E7%9A%AE%E3%80%85" n3="%70%68%65%6E%6F%6D%65" dan="16,16,16,16" rate="2140.97,2114.87,2137.98,2152.27" sx="M,M,F,M"/><TAIKYOKU oya="0"/><INIT seed="0,0,0,2,3,0" ten="250,250,250,250" oya="0" hai0="107,24,104,2,30,114,106,91,10,124,66,29,27" hai1="51,74,134,117,4,95,96,43,112,84,32,81,8" hai2="21,119,16,111,58,12,69,62,50,37,115,73,59" hai3="55,92,41,108,80,65,6,116,54,97,99,76,101"/><T5/><D114/><U57/><E134/><V132/><F115/><W17/><G116/><T64/><D124/><U98/><E117/><V23/><F119/><W127/><G127/><T121/><D121/><U63/><E32/><V87/><F73/><W47/><G108/><T11/><D91/><U53/><E74/><V42/><F111/><W131/><G131/><T113/><D113/><U3/><E112/><V90/><F37/><W36/><G65/><T13/><D27/><U126/><E126/><V49/><F69/><W19/><G97/><T40/><D40/><U68/><E95/><N who="2" m="54751" /><F132/><W89/><G101/><T34/><REACH who="0" step="1"/><D30/><REACH who="0" ten="240,250,250,250" step="2"/><U133/><E133/><V120/><F42/><W26/><G26/><T102/><D102/><U33/><E43/><V125/><F125/><W70/><G89/><T129/><D129/><U118/><E118/><V71/><F120/><W20/><G41/><T122/><D122/><U78/><REACH who="1" step="1"/><E33/><REACH who="1" ten="240,240,250,250" step="2"/><V46/><F71/><W25/><G70/><T67/><D67/><AGARI ba="0,2" hai="3,4,8,51,53,57,63,67,68,78,81,84,96,98" machi="67" ten="40,8000,1" yaku="1,1,2,1,52,1,53,1" doraHai="0" doraHaiUra="52" who="1" fromWho="0" sc="240,-80,240,100,250,0,250,0" /><INIT seed="1,0,0,0,1,103" ten="160,340,250,250" oya="1" hai0="19,16,18,38,96,33,42,92,71,44,77,12,68" hai1="37,122,13,104,78,10,21,20,1,73,9,110,63" hai2="17,6,115,129,24,8,59,4,74,3,80,65,79" hai3="70,131,87,134,5,119,46,109,55,0,15,53,49"/><U36/><E122/><V31/><F129/><W43/><G131/><T2/><D2/><U118/><E118/><V76/><F76/><W45/><G119/><T39/><D33/><U88/><E73/><V72/><F115/><W120/><G120/><T81/><D39/><U94/><E78/><V112/><F112/><W121/><G121/><T66/><D66/><U117/><E117/><V51/><F6/><W130/><G130/><T11/><D71/><U69/><E104/><V26/><F17/><W99/><G0/><T106/><D68/><U27/><E110/><V125/><F125/><W62/><G134/><T100/><REACH who="0" step="1"/><D92/><REACH who="0" ten="150,340,250,250" step="2"/><U101/><E1/><V128/><F128/><W34/><G34/><T135/><D135/><U82/><E37/><V133/><F133/><W90/><G70/><T54/><D54/><U22/><E36/><V41/><F65/><W23/><G53/><T91/><D91/><U127/><E69/><V111/><F111/><W64/><G109/><T48/><D48/><U116/><E116/><V102/><F51/><N who="3" m="27071" /><G64/><T114/><D114/><U126/><E94/><V95/><F95/><W93/><G62/><T86/><AGARI ba="0,1" hai="11,12,16,18,19,38,42,44,77,81,86,96,100,106" machi="86" ten="20,12000,2" yaku="1,1,0,1,7,1,52,1,54,1,53,1" doraHai="103" doraHaiUra="83" who="0" fromWho="0" sc="150,130,340,-60,250,-30,250,-30" /><INIT seed="2,0,0,5,3,59" ten="280,280,220,220" oya="2" hai0="4,129,98,65,79,66,12,44,46,97,21,48,22" hai1="118,51,126,34,15,95,2,121,14,130,87,16,25" hai2="20,24,115,110,71,128,43,63,55,107,122,91,114" hai3="36,112,85,104,73,108,6,96,39,27,31,125,32"/><V53/><F122/><W13/><G108/><T60/><D129/><U26/><E2/><V109/><F107/><W5/><G73/><T3/><D3/><U93/><E118/><V123/><F123/><W58/><G125/><T72/><D79/><U1/><E1/><V133/><F128/><W50/><G112/><N who="2" m="43049" /><F43/><W64/><G85/><T132/><D72/><U111/><E121/><V29/><F91/><W100/><G50/><T88/><D132/><U18/><E34/><V41/><F41/><W127/><G127/><T124/><D124/><U106/><E106/><V131/><F131/><W38/><REACH who="3" step="1"/><G13/><REACH who="3" ten="280,280,220,210" step="2"/><T7/><D12/><U47/><E126/><V134/><F53/><W105/><G105/><T67/><D48/><U57/><E130/><V54/><F54/><W82/><G82/><T70/><D66/><U101/><E87/><V94/><F94/><W30/><G30/><T75/><D75/><U61/><E51/><V90/><F90/><W78/><G78/><T83/><D83/><U11/><E95/><V117/><F117/><W19/><G19/><T8/><D67/><U102/><E93/><V69/><F55/><W135/><G135/><N who="2" m="51721" /><F63/><AGARI ba="0,1" hai="5,6,27,31,32,36,38,39,58,63,64,96,100,104" machi="63" ten="40,2600,0" yaku="1,1,52,1,53,0" doraHai="59" doraHaiUra="119" who="3" fromWho="2" sc="280,0,280,0,220,-26,210,36" /><INIT seed="3,0,0,3,0,105" ten="280,280,194,246" oya="3" hai0="91,16,26,58,77,22,127,36,8,4,47,123,116" hai1="112,21,70,99,24,3,63,106,18,20,28,11,131" hai2="83,39,13,75,48,135,120,6,54,102,130,90,33" hai3="42,23,85,40,12,104,17,76,110,69,60,101,114"/><W25/><G114/><T82/><D116/><U86/><E112/><V34/><F39/><W51/><G110/><T119/><D119/><U121/><E131/><V68/><F130/><W117/><G117/><T107/><D107/><U87/><E121/><V2/><F2/><W122/><G122/><T98/><D123/><U15/><E70/><V64/><F120/><W9/><G104/><T118/><D127/><U59/><E106/><V84/><F135/><W30/><G101/><T10/><D10/><U81/><E99/><V129/><F129/><W43/><G69/><T55/><D118/><U1/><E21/><V95/><F64/><W93/><G60/><T37/><D47/><U113/><E87/><V100/><F68/><W71/><G71/><T133/><D133/><U65/><REACH who="1" step="1"/><E113/><REACH who="1" ten="280,270,194,246" step="2"/><V67/><F67/><W108/><G108/><T56/><D98/><U132/><E132/><V57/><F34/><W49/><G93/><T0/><D91/><AGARI ba="0,1" hai="1,3,11,15,18,20,24,28,59,63,65,81,86,91" machi="91" ten="30,2000,0" yaku="1,1,7,1,53,0" doraHai="105" doraHaiUra="103" who="1" fromWho="0" sc="280,-20,270,30,194,0,246,0" owari="260,6.0,300,40.0,194,-30.6,246,-15.4" /></mjloggm>