<mjloggm ver="2.3"><GO type="225" lobby="0"/><UN n0="%E3%81%AF%E3%82%88%E3%81%8A%E3%81%98%E3%81%95%E3%82%93" n1="%E8%81%B7%E6%A5%AD%E3%80%81%E9%A2%A8%32" n2="%E7%B4%94%E6%BD%94%E3%83%94%E3%83%A9%E3%83%8B%E3%82%A2" n3="%E3%83%96%E3%83%83%E3%83%91%E3%82%AA%E3%83%96%E3%83%81%E3%82%AD%E3%83%B3" dan="16,16,17,16" rate="2211.10,2163.51,2223.77,2189.25" sx="M,M,M,M"/><TAIKYOKU oya="0"/><INIT seed="0,0,0,5,4,128" ten="250,250,250,250" oya="0" hai0="59,73,46,95,80,78,53,64,106,19,112,126,74" hai1="23,0,99,6,125,54,26,113,72,92,17,82,58" hai2="45,47,115,100,60,68,31,66,11,25,7,97,119" hai3="40,69,14,63,133,122,89,18,4,43,75,81,129"/><T35/><D112/><U65/><E125/><V123/><F119/><W10/><G129/><T135/><D106/><U131/><E131/><V5/><F123/><W70/><G122/><T134/><D126/><U83/><E113/><V87/><F87/><W109/><G109/><T30/><D74/><U86/><E72/><V42/><F115/><W32/><G32/><T102/><D19/><U51/><E0/><V37/><F47/><W39/><G133/><N who="0" m="50699" /><D64/><U61/><E6/><V34/><REACH who="2" step="1"/><F11/><REACH who="2" ten="250,250,240,250" step="2"/><W132/><G10/><T13/><D46/><N who="1" m="28023" /><E86/><V90/><F90/><AGARI ba="0,1" hai="17,23,26,58,61,65,82,83,90,92,99" m="28023" machi="90" ten="30,1000,0" yaku="8,1" doraHai="128" who="1" fromWho="2" sc="250,0,250,20,240,-10,250,0" /><INIT seed="1,0,0,5,2,110" ten="250,270,230,250" oya="1" hai0="11,36,99,88,70,13,41,48,46,25,10,56,32" hai1="82,132,79,51,86,52,133,129,23,6,118,62,67" hai2="107,58,128,78,71,22,8,94,3,50,125,72,75" hai3="9,124,95,130,121,29,108,33,83,97,117,43,16"/><U64/><E118/><V98/><F71/><W120/><G108/><T17/><D70/><U34/><E34/><V28/><F107/><W89/><G117/><T122/><D122/><U57/><E129/><V92/><F125/><W123/><G130/><T106/><D106/><U15/><E6/><V27/><F128/><W21/><G124/><T7/><D32/><U101/><E101/><V73/><F78/><W5/><G43/><T81/><D56/><U77/><E77/><V37/><F37/><W87/><G33/><T54/><D36/><U109/><E109/><V53/><REACH who="2" step="1"/><F98/><REACH who="2" ten="250,270,220,250" step="2"/><W66/><G66/><T31/><D99/><U24/><E15/><V61/><F61/><W44/><G121/><T90/><D13/><U19/><REACH who="1" step="1"/><E67/><REACH who="1" ten="250,260,220,250" step="2"/><V113/><F113/><W119/><G123/><T38/><D90/><U26/><E26/><V84/><F84/><W55/><G120/><T104/><D88/><U42/><E42/><V96/><F96/><W45/><G119/><T85/><D25/><U74/><E74/><V65/><F65/><W0/><G55/><T35/><D85/><U1/><E1/><V127/><F127/><W68/><G97/><T4/><D54/><U14/><E14/><V93/><F93/><W131/><G95/><T59/><D41/><U103/><E103/><V102/><F102/><W105/><G105/><T134/><D104/><U111/><E111/><V91/><F91/><W135/><G89/><T40/><D40/><U114/><E114/><V116/><F116/><W39/><G131/><T115/><D115/><U63/><E63/><V80/><F80/><RYUUKYOKU ba="0,2" sc="250,-15,260,15,220,15,250,-15" hai1="19,23,24,51,52,57,62,64,79,82,86,132,133" hai2="3,8,22,27,28,50,53,58,72,73,75,92,94" /><INIT seed="1,1,2,5,2,38" ten="235,275,235,235" oya="1" hai0="7,122,124,64,117,29,84,20,82,63,90,42,97" hai1="73,62,4,9,106,46,48,23,102,129,86,60,3" hai2="59,44,65,118,6,80,50,131,14,98,53,34,88" hai3="33,56,116,41,13,43,47,68,113,25,91,108,134"/><U17/><E129/><V128/><F34/><W87/><G113/><T110/><D117/><U79/><E73/><V57/><F118/><W30/><G116/><T37/><D110/><U15/><E106/><V71/><F71/><W22/><G108/><T96/><D124/><U119/><E119/><V99/><F65/><W8/><G68/><T107/><D122/><U24/><E102/><V0/><F0/><W93/><G134/><T75/><D75/><U103/><E103/><V35/><F35/><W28/><G47/><T120/><D120/><U2/><E2/><V105/><F105/><W32/><G32/><T52/><D7/><U109/><E3/><V123/><F123/><W83/><G33/><T26/><D107/><U135/><E135/><V94/><F98/><W21/><G56/><N who="0" m="35207" /><D37/><U12/><E24/><V72/><F6/><N who="3" m="3223" /><G83/><T36/><D64/><U92/><E109/><V10/><F10/><W5/><G5/><T89/><D36/><U54/><REACH who="1" step="1"/><E92/><REACH who="1" ten="235,265,235,235" step="2"/><V114/><F114/><W58/><G58/><T78/><D26/><AGARI ba="1,3" hai="21,22,25,26,28,30,41,43,87,91,93" m="3223" machi="26" ten="30,3900,0" yaku="8,1,52,2" doraHai="38" who="3" fromWho="0" sc="235,-42,265,0,235,0,235,72" /><INIT seed="2,0,0,3,4,77" ten="193,265,235,307" oya="2" hai0="25,22,124,73,95,127,14,48,62,65,4,135,47" hai1="66,87,7,10,101,118,85,53,3,32,21,27,34" hai2="13,8,69,2,23,128,113,80,12,122,106,55,90" hai3="28,58,109,111,45,92,9,72,82,26,123,64,57"/><V103/><F113/><W43/><G123/><T88/><D73/><U91/><E118/><V131/><F122/><W35/><G9/><T108/><D108/><N who="3" m="41545" /><G64/><T18/><D135/><U29/><E66/><V129/><F69/><W110/><N who="3" m="41553" /><W5/><DORA hai="75" /><G5/><T52/><D4/><U105/><E53/><V121/><F121/><W33/><G33/><T130/><D130/><U119/><E87/><N who="2" m="50535" /><F23/><W56/><G92/><T1/><D1/><U17/><E119/><V24/><F24/><W98/><G98/><T54/><D25/><U36/><E36/><V102/><F106/><W40/><G45/><T44/><D44/><U20/><E101/><N who="2" m="38411" /><F55/><W97/><G97/><T133/><D133/><U6/><E6/><AGARI ba="0,0" hai="2,6,8,12,13,128,129,131" m="38411,50535" machi="6" ten="40,3900,0" yaku="19,1,52,1" doraHai="77,75" who="2" fromWho="1" sc="193,0,265,-39,235,39,307,0" /><INIT seed="2,1,0,4,0,102" ten="193,226,274,307" oya="2" hai0="27,30,7,135,88,69,35,22,68,94,84,39,9" hai1="21,33,28,83,107,104,96,26,126,98,91,17,23" hai2="100,128,53,115,99,95,45,10,132,120,76,118,55" hai3="1,82,8,85,6,62,43,112,79,63,93,18,116"/><V81/><F115/><W59/><G116/><T24/><D135/><U111/><E111/><V66/><F118/><W73/><G112/><T2/><REACH who="0" step="1"/><D39/><REACH who="0" ten="183,226,274,307" step="2"/><U75/><E126/><V103/><F132/><W47/><G18/><AGARI ba="1,1" hai="2,7,9,18,22,24,27,30,35,68,69,84,88,94" machi="18" ten="30,7700,0" yaku="1,1,2,1,7,1,54,1,53,0" doraHai="102" doraHaiUra="113" who="0" fromWho="3" sc="183,90,226,0,274,0,307,-80" /><INIT seed="3,0,0,1,0,20" ten="273,226,274,227" oya="3" hai0="5,46,111,61,36,32,10,88,52,51,39,123,48" hai1="134,44,84,13,100,9,85,95,30,0,77,19,21" hai2="41,76,125,129,96,124,86,112,24,81,127,78,126" hai3="47,56,63,110,131,62,54,83,31,105,67,117,75"/><W113/><G113/><T26/><D123/><U65/><E134/><V97/><F112/><W132/><G117/><T23/><D32/><U74/><E74/><V7/><F129/><W50/><G105/><T49/><D111/><U93/><E0/><V119/><F119/><W130/><G132/><T1/><D49/><U45/><E65/><V99/><F7/><W8/><G8/><T94/><D51/><U2/><E2/><V37/><N who="2" m="31744" /><DORA hai="11" /><V102/><F41/><N who="3" m="24943" /><G31/><T118/><D61/><N who="3" m="23049" /><G83/><T35/><D35/><U69/><E69/><V92/><F37/><W135/><G75/><T53/><D53/><U43/><E43/><V121/><F121/><W91/><G91/><T120/><D120/><U89/><E30/><V42/><F42/><W87/><G87/><T71/><D71/><U64/><E64/><V72/><F24/><W101/><G101/><T38/><D118/><U103/><E9/><V59/><F59/><W60/><G135/><T109/><D109/><U106/><E106/><V70/><F70/><N who="3" m="42343" /><G110/><T122/><D122/><U22/><E22/><V12/><F12/><W4/><G4/><T73/><D73/><U107/><E107/><V18/><F18/><W57/><G57/><T17/><D39/><U116/><E116/><V128/><F128/><W55/><G56/><T58/><D58/><U40/><E40/><V108/><F108/><W3/><G3/><T90/><D90/><N who="1" m="53447" /><E77/><V33/><F33/><W28/><G28/><T114/><D114/><U104/><E104/><V82/><AGARI ba="0,0" hai="72,76,78,81,82,86,92,96,97,99,102" m="31744" machi="82" ten="60,8000,1" yaku="0,1,18,1,34,3" doraHai="20,11" who="2" fromWho="2" sc="273,-20,226,-20,274,80,227,-40" owari="253,5.3,206,-19.4,354,45.4,187,-31.3" /></mjloggm>