<mjloggm ver="2.3"><GO type="225" lobby="0"/><UN n0="%E3%81%BF%E3%81%BF%E3%81%9A" n1="%E9%A6%AC%E5%BC%95%E7%81%AB%33" n2="%E6%A3%AE%E5%B1%B1%E7%94%B0%E7%9B%B4%E5%A4%AA%E6%9C%97%E4%B9%8B%E4%BB%8B" n3="%E5%B0%8F%E9%B3%A5%E9%81%8A%E7%B7%B4%E7%84%A1%32%31%E6%AD%B3" dan="18,17,16,16" rate="2192.11,2131.16,2163.07,2193.82" sx="M,M,M,F"/><TAIKYOKU oya="0"/><INIT seed="0,0,0,4,1,102" ten="250,250,250,250" oya="0" hai0="4,26,16,84,126,10,129,99,128,103,55,96,52" hai1="77,75,1,28,91,68,67,54,118,50,56,46,78" hai2="22,63,18,53,41,66,92,71,21,88,23,98,15" hai3="85,104,116,29,110,57,48,108,125,111,113,45,121"/><T32/><D126/><U27/><E118/><V24/><F41/><W47/><G116/><T130/><D84/><U61/><E1/><V100/><F53/><N who="3" m="31911" /><G113/><T59/><D59/><U51/><E75/><V35/><F100/><W73/><G73/><T114/><D114/><U95/><E27/><V62/><F62/><W93/><G29/><T58/><D58/><U94/><E28/><V106/><F106/><W122/><G125/><T134/><D134/><U6/><E6/><V83/><F83/><W34/><G34/><T13/><D99/><U12/><E12/><V76/><F76/><W19/><G19/><T65/><D65/><U38/><E95/><V123/><F123/><N who="3" m="47115" /><G104/><N who="0" m="63591" /><D32/><U117/><E117/><V79/><F79/><W14/><G14/><N who="0" m="5447" /><D26/><U119/><E119/><V33/><REACH who="2" step="1"/><F22/><AGARI ba="0,0" hai="13,16,22,52,55,128,129,130" m="5447,63591" machi="22" ten="30,11600,0" yaku="19,1,52,1,54,2" doraHai="102" who="0" fromWho="2" sc="250,116,250,0,250,-116,250,0" /><INIT seed="0,1,0,4,2,43" ten="366,250,134,250" oya="0" hai0="129,3,51,22,96,105,93,16,41,26,108,37,120" hai1="114,28,44,15,100,63,118,40,80,110,62,13,2" hai2="24,1,59,90,33,5,121,77,76,29,30,61,127" hai3="7,14,53,125,97,86,103,38,81,134,92,113,65"/><T64/><D120/><U82/><E118/><V52/><F121/><W79/><G113/><T36/><D3/><U8/><E2/><V115/><F115/><W11/><G134/><T25/><D105/><U54/><E114/><V95/><F127/><W32/><G125/><T47/><D129/><U45/><E100/><V68/><F68/><W42/><G32/><T126/><D126/><U111/><E28/><V10/><REACH who="2" step="1"/><F29/><REACH who="2" ten="366,250,124,250" step="2"/><W60/><G53/><T94/><D108/><U124/><E124/><V98/><AGARI ba="1,1" hai="1,5,10,24,30,33,52,59,61,76,77,90,95,98" machi="98" ten="20,8000,1" yaku="1,1,2,1,0,1,7,1,54,1,53,0" doraHai="43" doraHaiUra="69" who="2" fromWho="2" sc="366,-41,250,-21,124,93,250,-21" /><INIT seed="1,0,0,3,0,82" ten="325,229,217,229" oya="1" hai0="89,127,124,7,11,51,70,91,108,130,105,129,25" hai1="60,119,134,75,18,111,69,46,34,31,47,128,19" hai2="33,109,23,15,117,13,24,17,49,41,64,12,32" hai3="40,92,131,39,63,30,84,115,45,14,35,98,113"/><U116/><E75/><V26/><F64/><W87/><G131/><N who="0" m="50187" /><D108/><U54/><E128/><V97/><F97/><W3/><G3/><N who="0" m="511" /><D105/><U42/><E134/><V28/><F49/><W1/><G1/><T80/><D70/><U58/><E111/><V106/><F106/><W72/><G72/><T77/><D51/><U8/><E69/><V118/><F41/><W0/><G0/><T103/><D103/><U125/><E125/><N who="0" m="48201" /><D25/><U81/><E47/><V48/><F48/><W114/><G63/><T76/><D76/><U37/><E81/><V6/><F109/><W83/><G14/><T101/><D101/><U20/><E8/><V94/><F94/><W122/><G83/><T126/><N who="0" m="48209" /><T62/><DORA hai="79" /><D62/><U22/><E116/><N who="2" m="44651" /><F6/><W36/><G36/><T74/><AGARI ba="0,0" hai="74,77,80,89,91" m="48209,511,50187" machi="74" ten="50,6400,0" yaku="19,1,18,1,52,1" doraHai="82,79" who="0" fromWho="0" sc="325,64,229,-32,217,-16,229,-16" /><INIT seed="2,0,0,3,3,7" ten="389,197,201,213" oya="2" hai0="46,32,129,38,88,77,135,19,54,76,0,29,124" hai1="18,57,26,61,42,131,130,3,64,96,48,60,23" hai2="72,127,49,8,1,17,123,81,106,107,9,47,134" hai3="113,50,79,74,84,30,58,71,121,25,122,117,91"/><V10/><F123/><W59/><G71/><T115/><D0/><U37/><E3/><V86/><F72/><W51/><G117/><T125/><D115/><U11/><E37/><V34/><F34/><W28/><G79/><T67/><D67/><U4/><E61/><V20/><F1/><W56/><G74/><T36/><D129/><N who="1" m="49163" /><E96/><V24/><F134/><W94/><G113/><T128/><D46/><N who="1" m="25687" /><E4/><V44/><F127/><W21/><REACH who="3" step="1"/><G30/><REACH who="3" ten="389,197,201,203" step="2"/><T31/><D77/><U22/><E22/><V120/><F120/><AGARI ba="0,1" hai="21,25,28,50,51,56,58,59,84,91,94,120,121,122" machi="120" ten="40,2600,0" yaku="1,1,2,1,53,0" doraHai="7" doraHaiUra="104" who="3" fromWho="2" sc="389,0,197,0,201,-26,203,36" /><INIT seed="3,0,0,2,0,39" ten="389,197,175,239" oya="3" hai0="21,25,99,96,130,33,76,112,95,66,102,71,7" hai1="43,98,134,48,128,49,81,45,1,32,118,54,93" hai2="104,35,85,52,27,125,34,6,16,132,56,28,11" hai3="103,88,13,105,69,9,22,107,75,84,94,100,60"/><W133/><G133/><T30/><D130/><U57/><E128/><V53/><F104/><W91/><G75/><T90/><D112/><U83/><E134/><V44/><F132/><W26/><G91/><T117/><D117/><U5/><E32/><V109/><F109/><W2/><G2/><T113/><D113/><U17/><E118/><V51/><F125/><W72/><G72/><T10/><D76/><U108/><E108/><V41/><F35/><W73/><G73/><T68/><D21/><U46/><E57/><V126/><F126/><W127/><G127/><T31/><D66/><U58/><E58/><V15/><F85/><W67/><G105/><T119/><D31/><U38/><E38/><V114/><F114/><W89/><G89/><T19/><D19/><U101/><REACH who="1" step="1"/><E17/><REACH who="1" ten="389,187,175,239" step="2"/><V86/><F86/><W47/><G84/><T123/><D119/><U63/><E63/><V29/><F29/><W3/><G60/><T97/><D123/><U77/><E77/><V65/><REACH who="2" step="1"/><F6/><REACH who="2" ten="389,187,165,239" step="2"/><W70/><G69/><T87/><D7/><U61/><E61/><AGARI ba="0,2" hai="11,15,16,27,28,34,41,44,51,52,53,56,61,65" machi="61" ten="40,8000,1" yaku="1,1,2,1,52,1,54,2,53,0" doraHai="39" doraHaiUra="106" who="2" fromWho="1" sc="389,0,187,-80,165,100,239,0" owari="389,48.9,107,-39.3,265,6.5,239,-16.1" /></mjloggm>