<mjloggm ver="2.3"><GO type="225" lobby="0"/><UN n0="%E3%81%8B%E3%82%8F%E3%81%A1%E3%82%83%E3%82%93%35%38" n1="%73%74%61%72%E6%98%9F%E8%BE%B0" n2="%E3%83%81%E3%83%83%E3%82%BF%E3%82%BD%E3%83%BC" n3="%E5%91%A8%E6%9D%B1" dan="16,16,16,17" rate="2110.89,2110.53,2093.42,2177.16" sx="M,M,F,M"/><TAIKYOKU oya="0"/><INIT seed="0,0,0,3,4,107" ten="250,250,250,250" oya="0" hai0="21,79,115,45,129,34,77,54,88,116,123,22,30" hai1="121,78,73,20,110,74,42,46,1,89,86,82,135" hai2="3,52,95,55,59,109,117,2,14,80,102,63,6" hai3="61,96,32,37,67,76,15,23,108,27,104,70,90"/><T49/><D116/><U113/><E121/><V60/><F109/><W25/><G108/><T43/><D115/><U122/><E122/><V57/><F117/><W7/><G37/><T58/><D123/><U31/><E110/><V94/><F80/><W44/><G44/><T97/><D34/><U64/><E1/><V75/><F75/><W93/><G104/><T130/><D30/><U87/><E135/><V47/><F47/><W72/><G32/><T24/><D79/><U127/><E127/><V118/><F118/><W126/><G126/><T66/><D66/><U100/><E100/><V99/><F94/><W62/><G62/><N who="0" m="36183" /><D77/><U98/><E98/><V12/><F12/><W53/><G53/><T26/><D21/><U41/><E41/><V125/><F125/><W13/><G7/><T83/><D83/><U51/><E113/><V106/><F106/><W84/><G72/><T50/><D50/><U120/><E120/><V103/><F102/><W134/><G134/><T101/><D101/><U81/><REACH who="1" step="1"/><E64/><REACH who="1" ten="250,240,250,250" step="2"/><V114/><F114/><W71/><G67/><T124/><D124/><U48/><E48/><V5/><F2/><W9/><G96/><T65/><D65/><U40/><E40/><V10/><F3/><W68/><G70/><T18/><D24/><AGARI ba="0,1" hai="20,24,31,42,46,51,73,74,78,81,82,86,87,89" machi="24" ten="40,5200,0" yaku="1,1,52,2,53,0" doraHai="107" doraHaiUra="112" who="1" fromWho="0" sc="250,-52,240,62,250,0,250,0" /><INIT seed="1,0,0,4,0,37" ten="198,302,250,250" oya="1" hai0="120,65,61,63,77,129,58,121,25,128,106,76,15" hai1="2,98,119,35,126,112,66,42,93,79,1,20,67" hai2="22,60,83,91,105,28,33,52,40,117,130,134,16" hai3="24,43,50,110,34,73,102,82,29,21,107,48,68"/><U13/><E35/><V23/><F117/><W30/><G110/><T114/><D106/><U45/><E119/><V118/><F118/><W27/><G73/><T18/><D25/><U92/><E112/><V11/><F105/><W74/><G74/><T109/><D114/><U122/><E122/><N who="0" m="47209" /><D63/><U124/><E79/><N who="0" m="30281" /><D109/><U133/><E133/><V113/><F113/><W49/><G82/><T115/><D115/><U88/><E93/><V94/><F83/><W8/><G8/><AGARI ba="0,0" hai="8,15,18,58,61,65,128,129" m="30281,47209" machi="8" ten="30,1000,0" yaku="13,1" doraHai="37" who="0" fromWho="3" sc="198,10,302,0,250,0,250,-10" /><INIT seed="2,0,0,1,3,66" ten="208,302,250,240" oya="2" hai0="114,0,106,55,33,93,1,98,101,130,30,10,107" hai1="24,67,47,80,102,62,110,85,87,64,42,23,3" hai2="96,34,14,63,6,28,127,77,72,5,133,21,76" hai3="54,44,7,15,91,90,46,125,56,57,94,124,2"/><V25/><F133/><W45/><G2/><T31/><D114/><U50/><E3/><V111/><F127/><N who="3" m="48715" /><G54/><T129/><D55/><U26/><E110/><V22/><F111/><W32/><G32/><T20/><D20/><U126/><E126/><V84/><F72/><W97/><G91/><T70/><D93/><U88/><E102/><V121/><F121/><W86/><G97/><T122/><D122/><U83/><E62/><V58/><F96/><W104/><G104/><T53/><D53/><U109/><E109/><V29/><F34/><W48/><G48/><T131/><D106/><U120/><E120/><V35/><F35/><W89/><G89/><T9/><D33/><U132/><E132/><V17/><F29/><W8/><AGARI ba="0,0" hai="7,8,15,44,45,46,56,57,86,90,94" m="48715" machi="8" ten="40,1500,0" yaku="18,1" doraHai="66" who="3" fromWho="3" sc="208,-4,302,-4,250,-7,240,15" /><INIT seed="3,0,0,5,0,127" ten="204,298,243,255" oya="3" hai0="66,117,116,36,105,121,115,12,96,15,53,13,75" hai1="120,91,102,33,28,16,3,93,107,35,62,17,68" hai2="123,80,26,67,82,54,125,131,130,77,98,48,78" hai3="65,2,106,55,63,41,76,34,83,97,10,31,44"/><W101/><G55/><T5/><D121/><U45/><E120/><V57/><F125/><W122/><G122/><T95/><D75/><U14/><E3/><V88/><F123/><W47/><G2/><T39/><D105/><U20/><E45/><V128/><F67/><W85/><G10/><T94/><D96/><U71/><E71/><V114/><F114/><W49/><G47/><T19/><D19/><U104/><E17/><V23/><F98/><W73/><G31/><T25/><D25/><U8/><E102/><V92/><F92/><N who="0" m="35370" /><D53/><U4/><E104/><V38/><F38/><N who="0" m="14378" /><D66/><N who="1" m="41047" /><E107/><V134/><F134/><W108/><G34/><T52/><D52/><U99/><E33/><V32/><F32/><W42/><G42/><T56/><D56/><U89/><E93/><V81/><F88/><N who="1" m="33865" /><E99/><V29/><AGARI ba="0,0" hai="23,26,29,48,54,57,77,78,80,81,82,128,130,131" machi="29" ten="40,8000,1" yaku="0,1,19,1,52,3" doraHai="127" who="2" fromWho="2" sc="204,-20,298,-20,243,80,255,-40" owari="184,-31.6,278,7.8,323,42.3,215,-18.5" /></mjloggm>