<mjloggm ver="2.3"><GO type="225" lobby="0"/><UN n0="%E9%A6%AC%E5%BC%95%E7%81%AB%33" n1="%E5%8C%97%E6%AC%A7%E3%81%AE%E3%82%82%E3%81%93%E3%81%86" n2="%E6%A1%9C%E8%8A%B1%E9%96%83%E3%80%85" n3="%E3%81%94%E3%83%BC%E3%81%A9%E3%82%93" dan="17,16,16,16" rate="2180.87,2096.87,2170.07,2087.66" sx="M,M,M,M"/><TAIKYOKU oya="0"/><INIT seed="0,0,0,1,5,79" ten="250,250,250,250" oya="0" hai0="99,41,89,108,48,113,102,132,70,133,134,118,76" hai1="129,5,65,16,75,54,20,122,66,53,34,69,80" hai2="44,107,109,13,38,130,100,86,4,81,93,85,26" hai3="88,43,59,94,0,39,64,60,36,82,103,35,84"/><T90/><D70/><U9/><E122/><V101/><F107/><W111/><G0/><T91/><D113/><U78/><E129/><V125/><F130/><W124/><G111/><T30/><D118/><U28/><E69/><V74/><F109/><W123/><G123/><T23/><D108/><U21/><E34/><V17/><F125/><W6/><G124/><T98/><D76/><U131/><E28/><V42/><F74/><W46/><G6/><T49/><D41/><U15/><E21/><V8/><F86/><W95/><G35/><T58/><D58/><U11/><E11/><V1/><F26/><W55/><G36/><T47/><D47/><U116/><E131/><V29/><F29/><W73/><G73/><T22/><D99/><U19/><E19/><V33/><F93/><W127/><G127/><T27/><REACH who="0" step="1"/><D22/><REACH who="0" ten="240,250,250,250" step="2"/><U71/><E116/><V56/><F56/><W114/><G114/><T112/><D112/><U104/><E71/><V68/><F68/><W24/><G24/><T32/><D32/><U117/><E117/><V18/><F33/><W119/><G119/><T37/><D37/><U87/><E75/><V115/><F115/><W7/><G7/><T83/><D83/><U2/><REACH who="1" step="1"/><E104/><AGARI ba="0,1" hai="23,27,30,48,49,89,90,91,98,102,104,132,133,134" machi="104" ten="50,4800,0" yaku="1,1,20,1,53,0" doraHai="79" doraHaiUra="31" who="0" fromWho="1" sc="240,58,250,-48,250,0,250,0" /><INIT seed="0,1,0,2,4,15" ten="298,202,250,250" oya="0" hai0="36,10,115,93,39,7,12,71,26,130,88,98,19" hai1="1,121,77,47,14,43,119,51,73,111,27,75,68" hai2="34,84,80,52,104,127,18,13,63,70,86,90,66" hai3="81,134,92,114,96,60,29,25,62,50,125,112,94"/><T97/><D115/><U38/><E119/><V6/><F127/><W72/><G125/><T105/><D71/><U89/><E121/><V99/><F34/><W109/><G109/><T58/><D130/><U32/><E111/><V85/><F6/><W28/><G50/><T117/><D117/><U67/><E1/><V113/><F113/><W103/><G134/><T61/><D105/><U87/><E77/><V53/><F104/><W91/><G81/><T40/><D40/><U20/><E32/><V83/><F99/><W11/><G72/><T120/><D120/><U8/><E38/><V24/><F24/><W126/><G126/><T42/><D42/><U101/><E101/><V9/><REACH who="2" step="1"/><F85/><REACH who="2" ten="298,202,240,250" step="2"/><W31/><G112/><T95/><D26/><U124/><E124/><V33/><F33/><W22/><G114/><T0/><D7/><U123/><E75/><V49/><F49/><W76/><G62/><T45/><D0/><U128/><E73/><V131/><F131/><W122/><G122/><T5/><D5/><U65/><E128/><V55/><F55/><W46/><G60/><T118/><D118/><U3/><E123/><V54/><F54/><W102/><G96/><T107/><D107/><U21/><E3/><V57/><F57/><W74/><G25/><T23/><D36/><U132/><E27/><V108/><F108/><W59/><G59/><T64/><D39/><U44/><E51/><V110/><F110/><W116/><G116/><T129/><D129/><U35/><E35/><V135/><F135/><W56/><G56/><T100/><D45/><U30/><E44/><RYUUKYOKU ba="1,1" sc="298,15,202,-15,240,15,250,-15" hai0="10,12,19,23,58,61,64,88,93,95,97,98,100" hai2="9,13,18,52,53,63,66,70,80,83,84,86,90" /><INIT seed="0,2,1,1,3,23" ten="313,187,255,235" oya="0" hai0="86,15,130,83,25,110,6,108,45,33,17,90,70" hai1="131,126,5,76,68,27,4,94,26,99,64,8,128" hai2="85,84,65,127,52,28,77,105,115,12,11,14,60" hai3="75,42,9,113,55,133,7,58,66,93,1,51,21"/><T122/><D122/><U46/><E76/><V125/><F115/><W24/><G133/><T89/><D70/><U22/><E126/><N who="2" m="48139" /><F105/><W13/><G113/><T78/><D130/><N who="1" m="49707" /><E46/><V98/><F98/><W118/><G75/><T92/><D6/><N who="1" m="2667" /><E8/><V39/><F39/><W102/><G118/><T35/><D45/><U79/><E22/><V117/><F117/><W82/><G42/><T119/><D90/><N who="1" m="55767" /><E79/><V19/><F77/><W61/><G82/><T34/><D119/><U50/><E50/><V124/><F124/><W49/><G1/><T62/><D62/><AGARI ba="2,1" hai="26,27,62,64,68" m="55767,2667,49707" machi="62" ten="30,3900,0" yaku="19,1,52,2" doraHai="23" who="1" fromWho="0" sc="313,-45,187,55,255,0,235,0" /><INIT seed="1,0,0,0,3,10" ten="268,242,255,235" oya="1" hai0="62,7,32,116,86,128,122,74,52,115,58,54,103" hai1="135,36,33,35,100,15,18,90,126,85,91,92,104" hai2="106,22,60,23,112,93,79,0,41,109,72,108,83" hai3="84,97,1,94,73,27,3,71,88,14,6,38,11"/><U45/><E135/><V46/><F106/><W110/><G73/><T68/><D115/><U9/><E126/><V21/><F112/><W24/><G38/><T127/><D74/><U99/><REACH who="1" step="1"/><E91/><REACH who="1" ten="268,232,255,235" step="2"/><V123/><F108/><W20/><G110/><T75/><D127/><U81/><E81/><V39/><F109/><W76/><G71/><T28/><D68/><U125/><E125/><V121/><F121/><W101/><G76/><T53/><D122/><U131/><E131/><V98/><F123/><W64/><G64/><T2/><D128/><U44/><E44/><V67/><F83/><W120/><G120/><T70/><D70/><U107/><E107/><V63/><F79/><W5/><G5/><T134/><D7/><U57/><E57/><V25/><F46/><W113/><G113/><T13/><D58/><U78/><E78/><V43/><F67/><W42/><G42/><AGARI ba="0,1" hai="9,15,18,33,35,36,42,45,85,90,92,99,100,104" machi="42" ten="40,3900,0" yaku="1,1,52,1,53,0" doraHai="10" doraHaiUra="114" who="1" fromWho="3" sc="268,0,232,49,255,0,235,-39" /><INIT seed="1,1,0,1,3,131" ten="268,281,255,196" oya="1" hai0="85,51,84,97,52,19,0,8,102,46,74,53,31" hai1="41,61,94,7,117,96,68,79,22,9,45,129,54" hai2="28,2,116,124,14,72,12,25,57,109,30,50,113" hai3="77,130,5,71,135,49,10,43,34,47,125,121,66"/><U64/><E117/><V90/><F116/><W36/><G130/><T13/><D74/><U108/><E129/><V75/><F2/><W55/><G121/><T89/><D0/><U123/><E123/><V115/><F109/><W59/><G125/><T107/><D31/><N who="2" m="11818" /><F25/><W67/><G34/><T16/><D53/><U88/><E108/><V17/><F90/><W73/><G135/><T101/><D101/><U3/><E79/><V48/><F124/><W114/><G114/><N who="2" m="43529" /><F57/><W38/><G38/><T56/><D56/><U62/><E22/><N who="2" m="11559" /><F14/><W32/><G32/><T104/><D104/><U82/><E82/><V132/><F132/><W87/><G87/><T33/><D33/><U70/><E54/><V83/><F83/><W69/><G69/><T78/><D78/><U91/><E91/><V63/><F63/><W76/><G73/><AGARI ba="1,0" hai="48,50,72,73,75" m="11559,43529,11818" machi="73" ten="30,1000,0" yaku="11,1" doraHai="131" who="2" fromWho="3" sc="268,0,281,0,255,13,196,-13" /><INIT seed="2,0,0,1,5,27" ten="268,281,268,183" oya="2" hai0="96,100,8,99,113,105,38,52,26,56,89,60,104" hai1="19,95,21,42,80,106,122,17,102,70,67,81,134" hai2="34,37,130,51,36,72,23,45,13,39,119,115,28" hai3="14,4,118,50,128,5,83,120,15,108,32,101,25"/><V1/><F115/><W94/><G118/><T109/><D109/><U135/><E106/><V129/><F119/><W85/><G120/><T18/><D113/><U110/><E110/><V20/><F1/><W31/><G108/><T3/><D38/><U48/><E122/><V71/><F71/><W62/><G128/><N who="2" m="49257" /><F72/><W69/><G50/><T16/><D26/><U103/><E70/><V54/><F13/><W66/><G14/><T84/><D99/><N who="1" m="59775" /><E67/><V33/><F28/><W30/><G30/><T132/><D132/><U59/><E103/><V49/><F49/><W75/><G15/><T77/><D77/><U127/><E127/><V65/><F65/><W97/><REACH who="3" step="1"/><G75/><REACH who="3" ten="268,281,268,173" step="2"/><T123/><D123/><U24/><E135/><V73/><F73/><W76/><AGARI ba="0,1" hai="4,5,25,31,32,62,66,69,76,83,85,94,97,101" machi="76" ten="20,12000,2" yaku="1,1,2,1,0,1,7,1,52,1,53,1" doraHai="27" doraHaiUra="92" who="3" fromWho="3" sc="268,-30,281,-30,268,-60,173,130" /><INIT seed="3,0,0,1,1,73" ten="238,251,208,303" oya="3" hai0="3,114,29,25,71,63,62,119,9,95,79,44,132" hai1="64,100,2,129,78,41,42,121,23,26,134,67,115" hai2="1,5,76,106,99,37,124,53,118,58,48,65,87" hai3="97,43,90,39,34,54,98,70,31,13,45,105,110"/><W28/><G70/><T91/><D119/><U22/><E2/><V12/><F118/><W49/><G110/><T122/><D122/><U57/><E115/><V133/><F1/><W92/><G34/><T113/><D132/><U117/><E129/><V80/><F133/><W75/><G75/><T7/><D44/><U0/><E0/><V4/><F124/><W14/><G14/><T32/><D79/><U82/><E134/><V8/><F37/><W40/><G40/><T6/><D6/><U120/><E117/><V125/><F125/><W85/><G13/><T18/><D18/><U102/><E57/><V17/><REACH who="2" step="1"/><F65/><REACH who="2" ten="238,251,198,303" step="2"/><W11/><G39/><T19/><D3/><U52/><E64/><V60/><F60/><W127/><G127/><T109/><D63/><U20/><E67/><V84/><F84/><W30/><G85/><T88/><D62/><U77/><E121/><V86/><F86/><W108/><G98/><T89/><D114/><U83/><E120/><V93/><F93/><W123/><G92/><T111/><D95/><U16/><E83/><V36/><F36/><W66/><G97/><T94/><D94/><U15/><E82/><V112/><F112/><W35/><G66/><T130/><D113/><U59/><E102/><AGARI ba="0,1" hai="4,5,8,12,17,48,53,58,76,80,87,99,102,106" machi="102" ten="40,2600,0" yaku="1,1,52,1,53,0" doraHai="73" doraHaiUra="69" who="2" fromWho="1" sc="238,0,251,-26,198,36,303,0" owari="238,3.8,225,-27.5,234,-16.6,303,40.3" /></mjloggm>