<mjloggm ver="2.3"><GO type="225" lobby="0"/><UN n0="%E6%9D%B1%E9%A2%A8%E3%81%AE%E3%81%8D%E3%82%83%E3%81%B7%E3%81%95%E3%82%93" n1="%72%61%6B%33" n2="%E6%97%A5%E6%9B%9C%E6%97%A5%E3%82%88%E3%82%8A%E3%81%AE%E4%BD%BF%E8%80%85" n3="%E3%81%A9%E3%82%93%E3%82%88%E3%81%8F%4D%6B%2E%32" dan="16,16,17,16" rate="2103.49,2144.50,2196.56,2137.39" sx="M,M,M,M"/><TAIKYOKU oya="0"/><INIT seed="0,0,0,0,2,52" ten="250,250,250,250" oya="0" hai0="72,100,33,80,29,24,7,98,59,66,131,93,82" hai1="41,58,54,68,132,84,11,116,114,111,20,74,46" hai2="60,90,104,129,36,6,125,96,47,13,1,122,75" hai3="128,87,117,64,105,70,15,88,101,67,118,51,25"/><T95/><D131/><U31/><E116/><V121/><F75/><W86/><G128/><T3/><D72/><U21/><E74/><V61/><F1/><W134/><G105/><T79/><D79/><U109/><E68/><V14/><F129/><W106/><G106/><T38/><D38/><U17/><E132/><V113/><F113/><W91/><G101/><T94/><D7/><U12/><E114/><V77/><F77/><W78/><G78/><T103/><D3/><U8/><E84/><V30/><F30/><W126/><G126/><T4/><D4/><U0/><E0/><V133/><F104/><W40/><G25/><T124/><D124/><U99/><E99/><V10/><F36/><W83/><G134/><T63/><REACH who="0" step="1"/><D103/><REACH who="0" ten="240,250,250,250" step="2"/><U127/><E127/><V37/><F37/><W43/><G118/><T97/><D97/><U32/><E111/><V18/><F96/><W130/><G117/><T57/><D57/><U44/><E109/><V120/><F125/><W5/><G130/><T135/><D135/><U102/><E102/><V107/><F133/><W89/><G70/><T48/><D48/><U73/><E73/><V69/><F69/><W42/><G51/><T62/><D62/><U34/><E58/><V35/><F61/><W23/><G5/><T65/><D65/><N who="3" m="25161" /><G87/><T76/><D76/><U85/><E85/><V53/><F60/><W50/><G50/><T45/><D45/><U2/><E46/><V55/><F47/><W28/><G28/><T92/><AGARI ba="0,1" hai="24,29,33,59,63,66,80,82,92,93,94,95,98,100" machi="92" ten="30,6000,0" yaku="1,1,0,1,52,1,53,0" doraHai="52" doraHaiUra="19" who="0" fromWho="0" sc="240,70,250,-20,250,-20,250,-20" /><INIT seed="0,1,0,2,2,94" ten="310,230,230,230" oya="0" hai0="58,90,79,106,115,135,60,76,63,5,96,132,70" hai1="81,75,116,0,103,65,93,89,36,105,16,124,131" hai2="15,113,88,80,34,87,104,55,127,74,112,109,50" hai3="27,38,95,83,13,42,37,56,72,44,98,118,68"/><T123/><D123/><U133/><E116/><V19/><F34/><W99/><G68/><T73/><D5/><U108/><E0/><V102/><F74/><W111/><G118/><T26/><D115/><U21/><E108/><V1/><F1/><W84/><G72/><T97/><D26/><U110/><E110/><V18/><F109/><W54/><G111/><T39/><D39/><U82/><E36/><V48/><F127/><W30/><G38/><T71/><D73/><U78/><E124/><V17/><F15/><W25/><G95/><T10/><D10/><U59/><E81/><V22/><F22/><W117/><G13/><T33/><D33/><U2/><E2/><V9/><F9/><W66/><G66/><T46/><D46/><U40/><E40/><V62/><F62/><W91/><G117/><T61/><D58/><U53/><E65/><V85/><F85/><W43/><G43/><T14/><D14/><U11/><E11/><V77/><F77/><N who="0" m="29770" /><D90/><U126/><E126/><V31/><F31/><W128/><G128/><T134/><D106/><U101/><E105/><V6/><F6/><W28/><G25/><T125/><D125/><U69/><E131/><V47/><REACH who="2" step="1"/><F50/><REACH who="2" ten="310,230,220,230" step="2"/><W45/><G30/><T119/><D119/><U121/><E75/><V64/><F64/><W57/><G28/><T130/><D130/><U29/><E29/><V12/><F12/><W122/><G27/><T4/><D4/><U3/><E3/><V8/><F8/><W52/><G37/><T107/><D107/><U32/><E32/><V20/><F20/><W129/><G129/><RYUUKYOKU ba="1,1" sc="310,15,230,-15,220,15,230,-15" hai0="60,61,63,70,71,96,97,132,134,135" hai2="17,18,19,47,48,55,80,87,88,102,104,112,113" /><INIT seed="0,2,1,4,2,87" ten="325,215,235,215" oya="0" hai0="53,48,85,126,22,117,109,30,101,130,99,18,1" hai1="102,45,74,80,113,75,63,115,78,106,118,15,61" hai2="31,14,42,58,23,89,38,69,10,40,95,33,81" hai3="112,68,82,35,36,124,44,84,51,59,6,108,19"/><T52/><D1/><U122/><E118/><V0/><F69/><W76/><G35/><T107/><D117/><U119/><E119/><V5/><F38/><W27/><G112/><N who="1" m="43082" /><E122/><V103/><F103/><W123/><G123/><T110/><D30/><U60/><E15/><V50/><F81/><W56/><G68/><T4/><D4/><U12/><E12/><V131/><F131/><W96/><G36/><T129/><D85/><N who="1" m="48279" /><E45/><V98/><F33/><W47/><G47/><T94/><D107/><U65/><E65/><V11/><F31/><W132/><G6/><T62/><D62/><U64/><E64/><V114/><F23/><W70/><G70/><T104/><D104/><U57/><E57/><V105/><F105/><W93/><G59/><N who="0" m="33159" /><D53/><U55/><E55/><V3/><F114/><W90/><G56/><T20/><D126/><U127/><E127/><V37/><F37/><W28/><G124/><T121/><D121/><U79/><E74/><V13/><F58/><W24/><G28/><T116/><D116/><U29/><E29/><V49/><F49/><W88/><G51/><T39/><D39/><U125/><E125/><V67/><F67/><W73/><G44/><T128/><D18/><U91/><E106/><V135/><F50/><W46/><G46/><T32/><D32/><U41/><E75/><V9/><F5/><W34/><G19/><T26/><D26/><U111/><E61/><V16/><F0/><W66/><G34/><T72/><D72/><U100/><E60/><V134/><F3/><W77/><G24/><T86/><D86/><U71/><E71/><RYUUKYOKU ba="2,1" sc="325,30,215,-10,235,-10,215,-10" hai0="20,22,94,99,101,109,110,128,129,130" /><INIT seed="0,3,1,2,1,33" ten="355,205,225,205" oya="0" hai0="79,107,96,76,120,64,35,5,0,2,135,91,124" hai1="9,93,17,74,114,95,12,7,87,59,46,92,82" hai2="61,49,30,104,32,20,26,72,122,41,67,134,51" hai3="14,98,105,123,3,62,85,43,89,6,121,52,119"/><T112/><D5/><U103/><E114/><V56/><F122/><N who="3" m="46603" /><G119/><T88/><D120/><U55/><E74/><V13/><F72/><W94/><G43/><T21/><D35/><U28/><E28/><V99/><F134/><W39/><G39/><T109/><D64/><U65/><E65/><V132/><F132/><W102/><G14/><T75/><D21/><U63/><E46/><V116/><F116/><W15/><G15/><T53/><D53/><U19/><REACH who="1" step="1"/><E103/><REACH who="1" ten="355,195,225,205" step="2"/><V110/><F67/><W31/><G31/><T129/><D75/><U131/><E131/><V50/><F30/><W111/><G111/><T127/><D135/><U18/><E18/><V71/><F71/><W115/><G115/><T45/><D45/><U44/><E44/><V38/><F110/><W118/><G118/><T90/><D109/><U48/><E48/><V84/><F51/><W106/><G106/><T16/><D16/><U68/><E68/><V78/><F50/><W83/><G105/><T86/><D129/><U57/><E57/><V1/><F49/><W54/><G62/><T126/><D112/><U70/><E70/><V66/><F61/><W60/><G60/><T117/><D117/><U11/><E11/><AGARI ba="3,2" hai="3,6,11,52,54,83,85,89,94,98,102" m="46603" machi="11" ten="30,3900,0" yaku="13,1,52,1,54,1" doraHai="33" who="3" fromWho="1" sc="355,0,195,-48,225,0,205,68" /><INIT seed="1,0,0,5,5,34" ten="355,147,225,273" oya="1" hai0="93,57,42,99,60,31,21,16,30,96,63,28,25" hai1="106,110,65,54,90,43,95,77,116,3,45,98,105" hai2="12,118,91,92,22,58,44,73,120,10,39,87,89" hai3="50,97,134,72,14,2,11,47,86,85,101,49,15"/><U103/><E116/><V68/><F118/><W67/><G72/><T53/><D42/><U75/><E110/><V117/><F117/><W122/><G122/><T0/><D0/><U20/><E65/><V88/><F68/><W111/><G111/><T94/><D63/><U18/><E54/><V127/><F120/><W114/><G114/><T69/><D69/><U4/><E90/><V5/><F73/><W115/><G115/><T131/><D131/><U124/><E124/><V32/><F32/><W38/><G67/><T56/><D56/><U36/><E18/><V133/><F127/><W24/><G134/><T74/><D74/><U27/><E20/><V8/><F133/><W1/><G38/><T113/><D113/><U41/><E41/><V9/><F39/><W6/><G24/><T62/><D62/><U109/><E27/><V64/><F44/><W46/><G101/><T129/><D129/><U59/><E59/><V83/><F5/><W100/><G100/><T78/><D78/><U48/><E48/><V55/><F64/><W112/><G97/><AGARI ba="0,0" hai="16,21,25,28,30,31,53,57,60,93,94,96,97,99" machi="97" ten="40,2600,0" yaku="8,1,54,1" doraHai="34" who="0" fromWho="3" sc="355,26,147,0,225,0,273,-26" /><INIT seed="2,0,0,4,0,22" ten="381,147,225,247" oya="2" hai0="107,44,50,73,72,25,99,126,77,110,34,8,81" hai1="117,123,98,9,74,4,59,2,38,69,111,70,122" hai2="94,53,47,66,17,40,105,28,68,46,6,23,39" hai3="21,41,63,31,103,130,1,19,33,120,57,24,37"/><V48/><F105/><W76/><G120/><T51/><D110/><U71/><E117/><V83/><F6/><W132/><G132/><T87/><D126/><U135/><E135/><V124/><F124/><W18/><G130/><T109/><D109/><U101/><E111/><V125/><F125/><W102/><G76/><T95/><D107/><U27/><E59/><V3/><F3/><W89/><G1/><T43/><D8/><U20/><E38/><V85/><F94/><W112/><G112/><T104/><D104/><U106/><REACH who="1" step="1"/><E74/><REACH who="1" ten="381,137,225,247" step="2"/><V133/><F133/><W79/><G57/><T121/><D72/><U113/><E113/><V15/><F68/><W84/><G37/><T128/><D73/><U14/><E14/><V10/><F66/><W97/><G103/><T35/><D121/><U67/><E67/><V56/><F56/><W64/><G102/><T29/><D128/><U62/><E62/><V114/><F114/><W86/><G63/><T75/><D75/><U5/><E5/><V32/><F32/><W116/><G33/><T11/><D35/><U96/><E96/><V100/><F100/><W65/><G97/><T0/><D99/><U60/><E60/><V88/><REACH who="2" step="1"/><F28/><AGARI ba="0,1" hai="2,4,9,20,27,28,69,70,71,98,101,106,122,123" machi="28" ten="40,2600,0" yaku="1,1,52,1,53,0" doraHai="22" doraHaiUra="134" who="1" fromWho="2" sc="381,0,137,36,225,-26,247,0" /><INIT seed="3,0,0,2,2,6" ten="381,173,199,247" oya="3" hai0="67,110,119,113,42,49,109,9,10,132,58,87,4" hai1="12,117,81,68,45,51,22,5,91,35,123,122,78" hai2="59,32,127,69,93,128,130,72,54,44,77,85,111" hai3="99,19,104,33,135,129,17,94,64,38,126,56,50"/><W37/><G33/><T21/><D119/><U83/><E35/><V40/><F32/><W95/><G104/><T61/><D132/><U74/><E68/><V102/><F69/><W120/><G120/><T124/><D124/><U66/><E66/><V41/><F127/><W8/><G135/><T27/><D87/><U101/><E117/><V71/><F71/><W107/><G107/><T11/><D113/><U13/><E101/><V52/><F111/><N who="0" m="42506" /><D49/><U121/><E22/><V90/><F102/><W82/><G82/><T31/><D42/><N who="2" m="16490" /><F44/><W43/><G129/><N who="2" m="49769" /><F59/><W1/><G126/><T48/><D48/><U79/><E91/><V86/><F72/><W108/><G108/><T3/><AGARI ba="0,0" hai="3,4,9,10,11,21,27,31,58,61,67" m="42506" machi="3" ten="30,7900,0" yaku="14,1,52,3" doraHai="6" who="0" fromWho="0" sc="381,79,173,-20,199,-20,247,-39" owari="460,56.0,153,-34.7,179,-22.1,208,0.8" /></mjloggm>