<mjloggm ver="2.3"><GO type="225" lobby="0"/><UN n0="%E5%91%A8%E6%9D%B1" n1="%E3%82%8F%E3%81%8B%E3%81%B0%2A%E3%82%AC%E3%83%BC%E3%83%AB" n2="%E9%A6%AC%E5%BC%95%E7%81%AB%33" n3="%E5%B6%BA%E4%B8%8A%E5%92%B2" dan="16,16,16,16" rate="2226.90,2095.00,2073.96,2149.89" sx="M,M,M,F"/><TAIKYOKU oya="0"/><INIT seed="0,0,0,5,1,3" ten="250,250,250,250" oya="0" hai0="62,1,64,105,47,81,27,90,74,67,21,30,56" hai1="89,86,125,98,111,109,77,28,83,33,107,75,5" hai2="103,76,102,34,121,31,4,26,104,94,0,29,131" hai3="65,134,49,12,57,80,72,22,38,113,61,10,117"/><T69/><D105/><U50/><E33/><V71/><F121/><W127/><G38/><T124/><D124/><U13/><E28/><V120/><F120/><W110/><G113/><T58/><D1/><U112/><E125/><V82/><F71/><W85/><G117/><T115/><D115/><U87/><E112/><V133/><F104/><W8/><G134/><T54/><D67/><U32/><E32/><V135/><F29/><W14/><G72/><T91/><D69/><U96/><E50/><V11/><F131/><W6/><G127/><T7/><D47/><U39/><E39/><V92/><F92/><W66/><G110/><N who="1" m="41994" /><E107/><V129/><F129/><W15/><G49/><T118/><D118/><U73/><E13/><V128/><F128/><W59/><G22/><T122/><D122/><U130/><E5/><V45/><F45/><W123/><G123/><T18/><D30/><U48/><E48/><V40/><F40/><W119/><G119/><T24/><D24/><U108/><E130/><V20/><F34/><W84/><G80/><T132/><D132/><N who="2" m="50762" /><F94/><W93/><G93/><T37/><D37/><U42/><E42/><V19/><F31/><W97/><G97/><N who="1" m="37482" /><E108/><V17/><F17/><W55/><G14/><T23/><D23/><U43/><E43/><V46/><F46/><W36/><G36/><T106/><D106/><U101/><E101/><V51/><F51/><N who="3" m="30975" /><G65/><T78/><D7/><AGARI ba="0,0" hai="6,7,8,10,12,15,59,61,66,84,85" m="30975" machi="7" ten="30,3900,0" yaku="8,1,52,2" doraHai="3" who="3" fromWho="0" sc="250,-39,250,0,250,0,250,39" /><INIT seed="1,0,0,0,2,74" ten="211,250,250,289" oya="1" hai0="14,92,105,28,79,17,23,99,15,10,93,122,80" hai1="102,59,118,44,51,124,82,123,112,0,125,126,101" hai2="133,109,29,21,53,98,57,16,31,58,119,86,36" hai3="13,68,76,32,26,106,70,62,91,117,22,128,8"/><U65/><E123/><V94/><F119/><W85/><G106/><T84/><D122/><U43/><E118/><V5/><F109/><W52/><G32/><T33/><D33/><U27/><E112/><V111/><F111/><W116/><G128/><T63/><D63/><N who="1" m="38143" /><E0/><V72/><F72/><W96/><G116/><T49/><D105/><U50/><E27/><V34/><F133/><W67/><G117/><T90/><D28/><U30/><E30/><V39/><F5/><W24/><G96/><T66/><D66/><U61/><E61/><V108/><F108/><W115/><G115/><T73/><D49/><N who="1" m="18443" /><E82/><V20/><F34/><W37/><G37/><AGARI ba="0,0" hai="37,43,44,101,102,124,125,126" m="18443,38143" machi="37" ten="30,1500,0" yaku="18,1" doraHai="74" who="1" fromWho="3" sc="211,0,250,15,250,0,289,-15" /><INIT seed="1,1,0,4,4,25" ten="211,265,250,274" oya="1" hai0="117,4,92,62,124,105,32,134,18,52,76,3,113" hai1="37,77,132,24,72,107,90,91,44,60,88,119,21" hai2="73,104,7,38,39,97,29,85,16,59,10,13,20" hai3="61,68,53,17,83,86,34,110,27,63,99,112,93"/><U65/><E119/><V41/><F73/><W118/><G112/><T45/><D117/><U14/><E107/><V0/><F41/><W87/><G110/><T56/><D105/><U94/><E132/><V67/><F85/><W8/><G118/><T5/><D113/><U9/><E72/><V120/><F120/><W126/><G126/><T28/><D124/><U123/><E123/><V89/><F89/><W40/><G40/><T57/><D134/><U66/><E77/><V135/><F135/><W133/><G133/><T71/><D71/><U116/><E116/><V81/><F81/><W58/><G68/><T46/><D76/><U115/><E115/><V75/><F75/><W95/><G63/><T103/><D18/><U33/><E33/><V78/><F78/><W6/><G34/><T42/><D3/><U96/><E44/><V43/><F43/><W127/><G127/><T121/><D121/><U122/><E37/><V23/><F59/><W51/><G61/><T22/><D32/><U2/><E2/><V50/><F50/><W80/><G80/><T130/><D57/><N who="1" m="37007" /><E66/><V48/><F48/><W69/><G69/><T74/><D74/><U49/><E49/><V106/><F106/><W31/><G83/><T35/><D35/><U125/><E122/><V64/><F67/><W82/><G82/><T79/><D79/><U19/><E125/><V54/><F54/><W128/><G53/><T12/><D42/><U36/><E36/><V111/><F64/><W98/><G51/><T47/><D52/><U102/><E102/><N who="2" m="62543" /><F111/><W26/><G58/><T70/><D62/><RYUUKYOKU ba="1,0" sc="211,-15,265,15,250,15,274,-15" hai1="9,14,19,21,24,88,90,91,94,96" hai2="0,7,10,13,16,20,23,29,38,39" /><INIT seed="1,2,0,3,2,127" ten="196,280,265,259" oya="1" hai0="2,80,31,108,62,60,122,4,128,124,99,13,9" hai1="22,117,59,35,33,61,72,114,26,123,28,79,15" hai2="39,14,45,41,58,87,105,3,67,86,95,0,71" hai3="6,119,93,29,83,77,65,44,115,64,85,8,63"/><U17/><E114/><V104/><F71/><W66/><G115/><T101/><D124/><U81/><E117/><V27/><F27/><W70/><G119/><T48/><D122/><U51/><E51/><V40/><F14/><W135/><G135/><T42/><D108/><U110/><E110/><V94/><F58/><W16/><G29/><T134/><D134/><U103/><E103/><V32/><F67/><W82/><G93/><T21/><D80/><U106/><E106/><V125/><F125/><W18/><G82/><T131/><D48/><U55/><REACH who="1" step="1"/><E123/><REACH who="1" ten="196,270,265,259" step="2"/><V43/><F43/><W129/><G44/><T56/><D42/><U133/><E133/><V5/><F45/><W132/><G132/><T57/><D62/><U49/><E49/><V90/><F105/><W1/><G63/><T121/><D121/><U38/><E38/><V30/><F104/><W25/><G70/><T120/><D120/><U53/><E53/><V118/><F39/><W69/><G69/><T88/><D101/><U11/><AGARI ba="2,1" hai="11,15,17,22,26,28,33,35,55,59,61,72,79,81" machi="11" ten="20,3900,0" yaku="1,1,0,1,7,1,53,0" doraHai="127" doraHaiUra="68" who="1" fromWho="1" sc="196,-15,270,55,265,-15,259,-15" /><INIT seed="1,3,0,3,4,87" ten="181,325,250,244" oya="1" hai0="18,8,43,55,88,117,16,121,0,128,101,63,97" hai1="74,30,113,31,135,47,125,108,51,12,78,96,37" hai2="2,10,75,29,120,118,48,38,45,23,90,35,67" hai3="100,93,77,22,102,86,32,61,65,9,98,15,39"/><U111/><E113/><V83/><F118/><W126/><G32/><T4/><D117/><U24/><E37/><V66/><F120/><W85/><G39/><T40/><D121/><U34/><E31/><V53/><F35/><W57/><G126/><T17/><D128/><U27/><E27/><V3/><F38/><W124/><G124/><T130/><D130/><U1/><E1/><V59/><F45/><W56/><G22/><T14/><D0/><U28/><E28/><V6/><F3/><W49/><G100/><T94/><D101/><U64/><E64/><V62/><F48/><W119/><G119/><T13/><D13/><U52/><E125/><V95/><F83/><W92/><G77/><T7/><D7/><U131/><E131/><V26/><REACH who="2" step="1"/><F75/><REACH who="2" ten="181,325,240,244" step="2"/><W84/><G49/><T82/><D82/><U19/><E74/><V132/><F132/><W89/><REACH who="3" step="1"/><G57/><AGARI ba="3,1" hai="4,8,14,16,17,18,40,43,55,57,63,88,94,97" machi="57" ten="40,8000,1" yaku="8,1,52,1,54,2" doraHai="87" who="0" fromWho="3" sc="181,99,325,0,240,0,244,-89" /><INIT seed="2,0,0,1,3,72" ten="280,325,240,155" oya="2" hai0="74,116,103,73,17,4,20,125,69,134,94,12,34" hai1="113,78,27,82,51,38,80,130,66,111,56,128,88" hai2="28,83,105,90,21,63,1,15,10,91,3,9,0" hai3="85,99,118,117,70,39,43,84,87,109,26,14,2"/><V62/><F105/><W24/><G2/><T23/><D34/><U37/><E113/><V7/><F10/><W92/><G70/><T8/><D69/><U100/><E100/><V60/><REACH who="2" step="1"/><F83/><REACH who="2" ten="280,325,230,155" step="2"/><W22/><G109/><T129/><D8/><U55/><E111/><V19/><F19/><W122/><G122/><T133/><D17/><U65/><E128/><V16/><F16/><W123/><G123/><T58/><D129/><U114/><E130/><V115/><F115/><W107/><G107/><T98/><D4/><U102/><E114/><V104/><F104/><W132/><G132/><T6/><D6/><U76/><E82/><V124/><F124/><W77/><G14/><T68/><D12/><U67/><E27/><AGARI ba="0,1" hai="0,1,3,7,9,15,21,27,28,60,62,63,90,91" machi="27" ten="50,2400,0" yaku="1,1,53,0" doraHai="72" doraHaiUra="46" who="2" fromWho="1" sc="280,0,325,-24,230,34,155,0" /><INIT seed="2,1,0,0,5,81" ten="280,301,264,155" oya="2" hai0="0,28,29,55,121,24,94,27,117,14,49,113,95" hai1="3,23,120,2,45,119,1,107,59,21,92,66,116" hai2="68,90,57,98,6,101,131,130,93,77,52,64,86" hai3="30,73,32,10,13,44,133,83,36,104,84,128,15"/><V53/><F6/><W111/><G111/><T20/><D0/><U35/><E107/><V106/><F68/><W79/><G128/><N who="2" m="49193" /><F77/><W115/><G133/><T75/><D75/><U11/><E35/><V97/><F97/><W91/><G115/><T25/><D113/><U71/><E71/><V80/><F80/><W62/><G104/><T103/><D121/><U31/><E120/><V112/><F112/><W69/><G30/><T39/><D39/><U61/><E92/><N who="0" m="35369" /><D103/><U129/><E129/><V118/><F118/><W87/><G32/><T34/><D34/><U72/><E72/><V9/><F9/><W65/><G91/><T82/><D82/><U78/><E78/><V33/><F33/><W42/><REACH who="3" step="1"/><G15/><REACH who="3" ten="280,301,264,145" step="2"/><T126/><D14/><U40/><E31/><V76/><F76/><W22/><G22/><T47/><D20/><U67/><E21/><V88/><F90/><W5/><AGARI ba="1,1" hai="5,10,13,36,42,44,62,65,69,73,79,83,84,87" machi="5" ten="20,8000,1" yaku="1,1,0,1,7,1,52,2,53,0" doraHai="81" doraHaiUra="114" who="3" fromWho="3" sc="280,-21,301,-21,264,-41,145,93" /><INIT seed="3,0,0,0,0,117" ten="259,280,223,238" oya="3" hai0="56,21,66,43,135,77,111,62,102,49,15,2,128" hai1="132,28,122,61,46,38,105,106,17,18,54,44,11" hai2="94,97,32,125,114,103,74,98,76,81,107,72,100" hai3="64,131,110,134,68,57,19,39,45,89,25,121,113"/><W53/><G113/><T127/><D2/><U47/><E122/><V109/><F32/><W37/><G121/><T124/><D111/><U126/><E38/><V63/><F63/><N who="3" m="39967" /><G89/><T116/><D116/><U85/><E28/><V69/><F69/><W71/><G71/><T12/><D102/><U58/><E126/><N who="0" m="48169" /><D77/><U4/><E85/><N who="2" m="48295" /><F125/><W118/><G110/><T60/><D135/><U75/><E75/><N who="2" m="28715" /><F109/><W59/><G118/><T112/><D112/><AGARI ba="0,0" hai="94,97,98,100,103,107,112,114" m="28715,48295" machi="112" ten="30,2000,0" yaku="34,2" doraHai="117" who="2" fromWho="0" sc="259,-20,280,0,223,20,238,0" /><INIT seed="4,0,0,1,4,106" ten="239,280,243,238" oya="0" hai0="46,100,44,131,64,113,69,80,120,132,40,36,4" hai1="3,112,61,68,133,59,114,58,48,35,122,107,85" hai2="97,96,119,30,15,43,28,134,125,104,83,76,8" hai3="6,91,2,88,74,5,20,98,78,65,75,29,25"/><T60/><D120/><U73/><E73/><V77/><F134/><W12/><G2/><T49/><D132/><U27/><E122/><V57/><F125/><W126/><G126/><T124/><D124/><U67/><E133/><V14/><F119/><W129/><G129/><T9/><D131/><U130/><E130/><V103/><F43/><W108/><G108/><T19/><D113/><N who="1" m="43627" /><E3/><V89/><F57/><W95/><G78/><T38/><D100/><U24/><E107/><V11/><F104/><W26/><G65/><T13/><D80/><U34/><E85/><V50/><F50/><W135/><G135/><T55/><REACH who="0" step="1"/><D4/><REACH who="0" ten="229,280,243,238" step="2"/><U86/><E35/><V118/><F118/><W7/><G91/><T105/><D105/><U121/><E34/><V51/><F89/><W92/><G92/><T1/><D1/><U72/><E121/><V94/><F94/><W115/><G115/><T70/><D70/><U102/><E102/><V37/><F103/><W18/><REACH who="3" step="1"/><G25/><REACH who="3" ten="229,280,243,228" step="2"/><T62/><D62/><U0/><E24/><V63/><F63/><W45/><G45/><T127/><D127/><U54/><E27/><V110/><F83/><W101/><G101/><T10/><D10/><AGARI ba="0,2" hai="5,6,7,10,12,18,20,26,29,74,75,88,95,98" machi="10" ten="40,8000,1" yaku="1,1,52,2,54,1,53,0" doraHai="106" doraHaiUra="66" who="3" fromWho="0" sc="229,-80,280,0,243,0,228,100" owari="149,-35.1,280,8.0,243,-15.7,328,42.8" /></mjloggm>