<mjloggm ver="2.3"><GO type="225" lobby="0"/><UN n0="%E3%83%81%E3%83%A7%E3%83%99%E3%83%83%E3%82%AF" n1="%E5%B0%8F%E9%B3%A5%E9%81%8A%E7%B7%B4%E7%84%A1%32%31%E6%AD%B3" n2="%E7%99%BD%E5%80%89%E5%AF%9B%E4%B9%8B" n3="%E9%A6%AC%E5%BC%95%E7%81%AB%33" dan="16,16,16,17" rate="2135.44,2210.43,2150.51,2139.47" sx="M,F,M,M"/><TAIKYOKU oya="0"/><INIT seed="0,0,0,4,1,75" ten="250,250,250,250" oya="0" hai0="83,39,25,58,127,1,97,50,51,69,85,88,89" hai1="56,41,63,94,62,35,122,54,34,21,96,130,78" hai2="42,91,112,12,53,132,76,11,3,123,128,109,126" hai3="113,107,26,119,105,52,124,84,117,110,79,131,32"/><T55/><D39/><U59/><E122/><V60/><F123/><W4/><G113/><T82/><D69/><U19/><E41/><V7/><F112/><W27/><G4/><T48/><D1/><U37/><E37/><V20/><F126/><W111/><G124/><T40/><D127/><U43/><E43/><V77/><F42/><W67/><G67/><T133/><D133/><U102/><E130/><V115/><F115/><W108/><G131/><T103/><D40/><U72/><E72/><V81/><F128/><W29/><G26/><T49/><D25/><U17/><E78/><N who="2" m="30315" /><F3/><W0/><G0/><T45/><D45/><U73/><E73/><V33/><F33/><W14/><G14/><T125/><D125/><U28/><E35/><V36/><F36/><W66/><G66/><T95/><REACH who="0" step="1"/><D89/><REACH who="0" ten="240,250,250,250" step="2"/><U129/><E129/><V99/><F132/><W8/><G27/><T74/><D74/><U5/><E34/><V47/><F109/><W90/><G32/><T10/><D10/><U57/><E57/><N who="2" m="34863" /><F47/><W9/><G111/><T30/><D30/><U22/><E28/><V134/><F134/><W92/><G29/><T87/><D87/><U18/><REACH who="1" step="1"/><E5/><REACH who="1" ten="240,240,250,250" step="2"/><V23/><F99/><N who="3" m="57751" /><G110/><T15/><D15/><U86/><E86/><AGARI ba="0,2" hai="7,11,12,20,23,81,86,91" m="34863,30315" machi="86" ten="30,7700,0" yaku="8,1,52,3" doraHai="75" who="2" fromWho="1" sc="240,0,240,-77,250,97,250,0" /><INIT seed="1,0,0,0,3,45" ten="240,163,347,250" oya="1" hai0="85,34,109,106,67,16,114,61,60,123,4,22,91" hai1="120,70,77,54,133,93,131,8,98,18,103,41,36" hai2="13,47,24,65,113,29,111,90,62,38,20,37,6" hai3="132,92,72,116,31,117,134,53,42,112,82,68,87"/><U1/><E70/><V128/><F111/><W35/><G68/><T63/><D106/><U119/><E120/><V101/><F128/><W102/><G42/><T2/><D34/><U115/><E115/><V21/><F113/><W71/><G71/><T33/><D33/><U86/><E119/><N who="3" m="45642" /><G112/><T59/><D109/><U9/><E133/><N who="3" m="51306" /><G53/><T78/><D123/><U80/><E131/><V30/><F101/><W88/><G35/><T108/><D108/><U25/><E1/><V73/><F47/><W48/><G48/><T81/><D4/><U79/><E41/><V43/><F43/><W110/><G31/><T122/><D2/><U64/><E36/><V56/><F73/><W104/><G110/><T3/><D3/><U76/><E54/><V0/><F0/><W40/><G40/><T126/><D126/><U105/><E64/><V135/><F135/><W15/><G15/><T107/><D107/><U74/><E25/><N who="2" m="16551" /><F38/><W23/><G23/><T5/><D5/><U39/><E39/><V95/><F37/><W66/><G66/><T100/><D100/><U26/><E26/><V99/><F13/><W125/><G125/><T75/><D122/><U7/><E7/><AGARI ba="0,0" hai="6,7,21,24,30,56,62,65,90,95,99" m="16551" machi="7" ten="30,1000,0" yaku="8,1" doraHai="45" who="2" fromWho="1" sc="240,0,163,-10,347,10,250,0" /><INIT seed="2,0,0,4,5,0" ten="240,153,357,250" oya="2" hai0="45,116,87,133,105,96,114,99,69,17,92,41,108" hai1="27,31,115,68,16,10,12,79,44,19,109,26,106" hai2="7,76,1,135,101,13,6,134,72,91,111,130,25" hai3="73,113,86,93,18,58,14,53,102,5,127,97,122"/><V75/><F1/><W15/><G122/><T131/><D114/><U100/><E115/><V49/><F130/><W8/><G113/><T117/><D69/><U65/><E109/><V52/><F111/><W23/><G127/><T94/><D108/><U78/><E44/><V4/><F101/><W39/><G73/><N who="2" m="28233" /><F76/><W74/><G74/><T63/><D63/><U2/><E2/><V121/><F91/><W22/><G39/><T83/><D105/><U24/><E19/><V50/><F121/><W56/><G86/><T61/><D61/><U66/><E31/><V90/><F90/><W123/><G123/><T70/><D70/><U3/><E3/><V9/><F25/><W107/><G107/><T84/><D133/><N who="2" m="50698" /><F50/><N who="3" m="30775" /><G58/><AGARI ba="0,0" hai="4,6,7,9,13,49,52,58" m="50698,28233" machi="58" ten="30,12000,1" yaku="20,1,52,3,54,1" doraHai="0" who="2" fromWho="3" sc="240,0,153,0,357,120,250,-120" /><INIT seed="2,1,0,2,5,3" ten="240,153,477,130" oya="2" hai0="134,103,28,24,120,29,74,127,82,54,93,116,71" hai1="91,12,32,126,104,48,56,77,35,17,80,87,30" hai2="41,20,16,101,108,6,50,85,105,9,75,102,18" hai3="72,109,36,133,5,43,31,89,14,7,1,94,106"/><V112/><F75/><W46/><G106/><T23/><D71/><U63/><E104/><V33/><F33/><W38/><G1/><T40/><D40/><U113/><E113/><V53/><F112/><W110/><G133/><T15/><D134/><U47/><E126/><V96/><F41/><N who="3" m="22823" /><G31/><T49/><D127/><U81/><E30/><V4/><F108/><N who="3" m="41579" /><G14/><T39/><D28/><U44/><E44/><V57/><F102/><W34/><G72/><T55/><D103/><U61/><E61/><V10/><F85/><N who="3" m="52527" /><G34/><T45/><D15/><U27/><E27/><V73/><F73/><W115/><G115/><T37/><D24/><U118/><E118/><V21/><F21/><W51/><G38/><T66/><D37/><U60/><E32/><V52/><F53/><W79/><G79/><T111/><D39/><U122/><E35/><V42/><F42/><W67/><G67/><T70/><D66/><U22/><E56/><V92/><F105/><W124/><G124/><T11/><D74/><U88/><E122/><V69/><F69/><W121/><G121/><T125/><D70/><U59/><E59/><V123/><F123/><W25/><G25/><T65/><D29/><U107/><E107/><V97/><F97/><W78/><G78/><T68/><D125/><U26/><E26/><N who="2" m="14599" /><F18/><W128/><G128/><T132/><D132/><U8/><E77/><V64/><F64/><W2/><G2/><T90/><D111/><U98/><E98/><V131/><F131/><W95/><G95/><T130/><D68/><U13/><E8/><AGARI ba="1,0" hai="4,6,8,9,10,50,52,57,92,96,101" m="14599" machi="8" ten="30,12000,1" yaku="8,1,52,2,54,2" doraHai="3" who="2" fromWho="1" sc="240,0,153,-123,477,123,130,0" /><INIT seed="2,2,0,2,4,17" ten="240,30,600,130" oya="2" hai0="49,84,7,113,93,77,52,71,106,34,39,53,32" hai1="28,89,105,134,37,16,47,118,12,115,4,97,50" hai2="31,13,6,57,114,111,42,65,18,1,61,25,87" hai3="103,83,63,60,127,64,104,135,0,125,56,121,3"/><V120/><F120/><W19/><G121/><T26/><D106/><U23/><E115/><V38/><F114/><W33/><G135/><T11/><D39/><U48/><E134/><V43/><F38/><W20/><G33/><T130/><D71/><U40/><E118/><V70/><F111/><W54/><G83/><T10/><D130/><U51/><E4/><V117/><F117/><W9/><G103/><T123/><D32/><U15/><E28/><V96/><F6/><W109/><G104/><T74/><D74/><U92/><REACH who="1" step="1"/><E105/><REACH who="1" ten="240,20,600,130" step="2"/><V59/><F31/><W124/><G109/><T128/><D113/><U24/><AGARI ba="2,1" hai="12,15,16,23,24,37,40,47,48,50,51,89,92,97" machi="24" ten="30,8000,1" yaku="1,1,2,1,0,1,52,1,54,1,53,0" doraHai="17" doraHaiUra="129" who="1" fromWho="1" sc="240,-22,20,96,600,-42,130,-22" /><INIT seed="3,0,0,5,5,111" ten="218,116,558,108" oya="3" hai0="128,117,121,91,110,109,98,108,130,64,1,47,96" hai1="5,21,124,0,2,135,41,30,116,33,104,78,103" hai2="120,63,73,84,26,126,79,34,72,10,45,76,29" hai3="38,114,59,32,16,56,11,123,132,75,62,82,69"/><W86/><G114/><T71/><D1/><U23/><E124/><V58/><F126/><W35/><G123/><T19/><D117/><U55/><E41/><V61/><F61/><W90/><G38/><T134/><D134/><U83/><E135/><V77/><F120/><W81/><G132/><T66/><D121/><U49/><E33/><V95/><F45/><W115/><G69/><T40/><D19/><U3/><E5/><V54/><F10/><W25/><G115/><T20/><D20/><U89/><E89/><V50/><F50/><W87/><G75/><T107/><D91/><U129/><E30/><V80/><F95/><W57/><G62/><N who="0" m="40343" /><D66/><U102/><E129/><N who="0" m="49769" /><D107/><U60/><E104/><V125/><F125/><W101/><G101/><T46/><D46/><U105/><E105/><V88/><AGARI ba="0,0" hai="26,29,34,54,58,63,72,73,76,77,79,80,84,88" machi="88" ten="30,2000,0" yaku="0,1,54,1" doraHai="111" who="2" fromWho="2" sc="218,-5,116,-5,558,20,108,-10" owari="213,1.3,111,-28.9,578,67.8,98,-40.2" /></mjloggm>