<mjloggm ver="2.3"><GO type="225" lobby="0"/><UN n0="%E3%82%8A%E3%81%93%E3%82%8A%E3%82%93%E3%81%94" n1="%E6%81%A5%E6%99%92%E3%81%97" n2="%E9%B3%B3%E6%9D%B1%E3%81%AE%E3%81%BF%E3%81%91%E3%81%AB%E3%82%83%E3%82%93" n3="%E3%83%A9%E3%82%A4%E3%83%B3%E3%81%AE%E8%99%8E" dan="17,16,17,16" rate="2196.60,2152.79,2158.51,2135.45" sx="M,M,F,M"/><TAIKYOKU oya="0"/><INIT seed="0,0,0,1,3,28" ten="250,250,250,250" oya="0" hai0="132,60,15,87,11,131,26,73,121,135,75,89,35" hai1="72,24,120,118,107,122,90,119,10,34,9,66,59" hai2="54,71,57,3,74,40,70,48,134,50,31,126,27" hai3="45,79,88,76,1,113,16,93,30,91,104,77,103"/><T95/><D121/><U83/><E107/><V13/><F3/><W32/><G1/><T115/><D115/><U29/><E120/><V52/><F74/><W100/><G113/><T44/><D131/><U106/><E106/><V6/><F134/><N who="0" m="51242" /><D60/><U114/><E114/><V111/><F111/><W133/><G133/><T85/><D85/><U97/><E122/><V129/><F126/><W105/><G105/><T25/><D44/><U2/><E97/><V55/><F129/><W62/><G104/><T51/><D51/><U0/><E90/><V5/><F70/><W101/><G62/><T65/><D65/><U47/><E47/><V109/><F71/><W61/><G93/><T56/><D56/><U127/><E127/><V46/><F109/><W99/><G99/><T37/><D37/><U53/><E66/><V117/><F117/><W69/><G45/><T98/><D98/><U108/><E108/><V82/><F82/><W8/><G69/><T116/><D116/><U23/><E118/><V7/><REACH who="2" step="1"/><F13/><REACH who="2" ten="250,250,240,250" step="2"/><W4/><G76/><T20/><D75/><U92/><E119/><V36/><F36/><W80/><G77/><T110/><D73/><U12/><E0/><V124/><F124/><W33/><G79/><T41/><D15/><U128/><E128/><V21/><AGARI ba="0,1" hai="5,6,7,21,27,31,40,46,48,50,52,54,55,57" machi="21" ten="30,7900,0" yaku="1,1,0,1,8,1,54,1,53,0" doraHai="28" doraHaiUra="130" who="2" fromWho="2" sc="250,-39,250,-20,240,89,250,-20" /><INIT seed="1,0,0,1,4,117" ten="211,230,329,230" oya="1" hai0="35,63,56,130,115,96,36,100,3,120,23,34,2" hai1="110,109,132,25,104,51,0,45,53,73,116,89,1" hai2="67,37,4,62,24,112,71,49,48,66,80,122,38" hai3="103,75,88,93,85,16,97,20,76,44,19,27,8"/><U52/><E116/><V99/><F4/><W111/><G111/><N who="1" m="42506" /><E104/><V70/><F24/><W81/><G44/><T77/><D115/><U113/><E113/><V82/><F112/><W79/><G75/><T129/><D36/><U94/><E73/><V135/><F99/><W55/><G55/><N who="1" m="21066" /><E25/><V121/><F62/><W92/><REACH who="3" step="1"/><G81/><REACH who="3" ten="211,230,329,220" step="2"/><T7/><D129/><U10/><E132/><AGARI ba="0,1" hai="37,38,48,49,66,67,70,71,80,82,121,122,132,135" machi="132" ten="25,6400,0" yaku="22,2,52,2" doraHai="117" who="2" fromWho="1" sc="211,0,230,-64,329,74,220,0" /><INIT seed="2,0,0,1,2,28" ten="211,166,403,220" oya="2" hai0="81,47,57,88,0,113,54,55,87,116,56,59,61" hai1="26,82,52,29,122,4,63,123,64,127,13,65,3" hai2="20,83,104,42,103,15,51,1,36,89,10,115,73" hai3="105,112,126,99,62,96,35,102,120,8,34,133,97"/><V131/><F115/><W70/><G120/><T6/><D113/><U12/><E3/><V19/><F36/><W46/><G112/><T60/><D116/><U39/><E39/><V40/><F103/><W58/><G70/><T7/><D0/><U110/><E110/><V50/><F104/><W67/><G126/><T134/><D134/><U30/><E127/><V43/><F131/><W44/><G133/><T77/><D47/><U23/><E82/><V101/><F101/><W108/><G108/><T129/><D129/><U14/><E4/><V106/><F106/><W135/><G135/><T75/><REACH who="0" step="1"/><D57/><REACH who="0" ten="201,166,403,220" step="2"/><N who="1" m="35239" /><E30/><V118/><F118/><W33/><G46/><T125/><D125/><U74/><E74/><V24/><F1/><W21/><G44/><T72/><D72/><U49/><E49/><V32/><F73/><W90/><G90/><T86/><D86/><U18/><E29/><V98/><F50/><W119/><G119/><T95/><AGARI ba="0,1" hai="6,7,54,55,56,59,60,61,75,77,81,87,88,95" machi="95" ten="20,12000,2" yaku="1,1,0,1,7,1,9,1,54,1,53,1" doraHai="28" doraHaiUra="107" who="0" fromWho="0" sc="201,130,166,-30,403,-60,220,-30" /><INIT seed="3,0,0,2,2,76" ten="331,136,343,190" oya="3" hai0="79,61,62,86,113,99,54,2,129,91,117,100,7" hai1="47,97,35,72,55,81,107,34,90,82,74,108,75" hai2="42,133,59,10,93,109,20,115,44,130,84,85,119" hai3="122,29,65,28,106,22,135,124,33,6,63,89,58"/><W103/><G122/><T19/><D117/><U40/><E55/><V27/><F115/><W46/><G124/><T17/><D113/><U101/><E108/><V18/><F119/><W80/><G135/><T120/><D120/><U110/><E110/><V112/><F112/><W128/><G128/><T73/><D129/><U41/><E41/><V49/><F109/><W9/><G33/><T60/><D73/><U21/><E21/><V50/><F130/><W39/><G22/><T134/><D79/><U15/><E15/><N who="2" m="7543" /><F133/><W53/><G103/><T52/><D134/><U14/><E14/><V125/><F125/><W69/><G106/><T4/><D2/><U78/><E90/><V126/><F126/><W64/><G64/><T23/><D7/><U87/><REACH who="1" step="1"/><E82/><REACH who="1" ten="331,126,343,190" step="2"/><V16/><F42/><N who="3" m="22879" /><G80/><N who="0" m="49607" /><D4/><U43/><E43/><V68/><F44/><W45/><G89/><T66/><D66/><U1/><E1/><V3/><F3/><N who="3" m="223" /><G45/><T116/><D116/><U105/><E105/><V32/><F32/><W48/><AGARI ba="0,1" hai="28,29,48,53,58,63,65,69" m="223,22879" machi="48" ten="30,1500,0" yaku="24,1" doraHai="76" who="3" fromWho="3" sc="331,-5,126,-5,343,-5,190,25" /><INIT seed="3,1,0,4,4,85" ten="326,121,338,215" oya="3" hai0="52,45,55,70,118,46,5,28,92,105,38,80,25" hai1="126,114,96,117,7,49,128,43,56,27,65,82,0" hai2="74,59,134,37,127,115,19,101,18,121,21,42,97" hai3="91,15,77,129,16,109,26,119,120,89,88,72,64"/><W9/><G119/><T84/><D118/><U23/><E114/><V112/><F74/><W44/><G120/><T54/><D105/><U8/><E117/><V48/><F37/><W124/><G72/><T4/><D70/><U135/><E126/><V113/><F127/><W111/><G124/><T125/><D125/><U20/><E135/><V95/><F134/><W107/><G107/><T98/><D38/><U35/><E128/><V58/><F121/><W131/><G77/><N who="0" m="46095" /><D25/><U12/><E65/><V31/><F31/><W53/><G64/><T6/><D28/><U103/><E82/><V30/><F30/><W87/><G87/><T36/><D36/><U63/><E49/><V60/><F21/><N who="3" m="13607" /><G53/><T62/><D62/><U3/><E43/><V17/><REACH who="2" step="1"/><F60/><REACH who="2" ten="326,121,328,215" step="2"/><W67/><G67/><T2/><D2/><U71/><E23/><V106/><F106/><W32/><G32/><T57/><D57/><U81/><E35/><V61/><F61/><W14/><G44/><AGARI ba="1,1" hai="17,18,19,42,44,48,58,59,95,97,101,112,113,115" machi="44" ten="50,1600,0" yaku="1,1,53,0" doraHai="85" doraHaiUra="66" who="2" fromWho="3" sc="326,0,121,0,328,29,215,-19" owari="326,12.6,121,-37.9,357,45.7,196,-20.4" /></mjloggm>