<mjloggm ver="2.3"><GO type="225" lobby="0"/><UN n0="%E3%81%BF%E3%81%BF%E3%81%9A" n1="%E6%A0%B9%E5%85%83%E3%81%8B%E3%82%89%E5%90%B9%E3%81%A3%E9%A3%9B%E3%81%B6" n2="%E3%82%BC%E3%83%AB%E3%83%80%E3%81%AE%E4%BC%9D%E8%AA%AC" n3="%E6%9C%88%E5%B3%B6%E5%9F%BA" dan="17,16,17,17" rate="2181.52,2145.50,2149.66,2199.54" sx="M,F,M,M"/><TAIKYOKU oya="0"/><INIT seed="0,0,0,3,3,52" ten="250,250,250,250" oya="0" hai0="86,29,132,100,124,56,23,17,126,129,123,79,49" hai1="9,42,24,46,135,95,59,115,47,114,10,60,27" hai2="93,21,20,58,106,88,91,28,65,61,26,101,69" hai3="7,108,109,53,36,90,89,77,14,19,32,5,92"/><T119/><D119/><U78/><E135/><V33/><F58/><W73/><G32/><T15/><D123/><U30/><E78/><V110/><F110/><N who="3" m="42603" /><G36/><T37/><D37/><U34/><E95/><V0/><F0/><W41/><G41/><T82/><D132/><U99/><E99/><N who="2" m="61759" /><F91/><N who="3" m="34827" /><G92/><T62/><D129/><U116/><E27/><V94/><F94/><W12/><G53/><T113/><D113/><N who="1" m="43019" /><E116/><V111/><F111/><W50/><G50/><T85/><D100/><U63/><E63/><V4/><F4/><N who="3" m="1611" /><G19/><T125/><D49/><N who="1" m="26839" /><E47/><V96/><AGARI ba="0,0" hai="20,21,26,28,33,61,65,69,88,93,96" m="61759" machi="96" ten="30,2000,0" yaku="25,1,54,1" doraHai="52" who="2" fromWho="2" sc="250,-10,250,-5,250,20,250,-5" /><INIT seed="1,0,0,2,4,41" ten="240,245,270,245" oya="1" hai0="104,54,118,115,12,42,27,73,84,80,20,125,117" hai1="55,76,1,88,100,74,98,85,101,77,75,68,90" hai2="23,60,93,44,19,67,128,91,133,26,4,32,15" hai3="58,116,106,50,31,6,87,108,130,10,112,40,89"/><U111/><E68/><V123/><F123/><W34/><G112/><T17/><D115/><U126/><E1/><V8/><F133/><W131/><G106/><T81/><D104/><U35/><E35/><V22/><F128/><N who="3" m="49195" /><G108/><T30/><D125/><U3/><E3/><V96/><F32/><W79/><G79/><N who="1" m="30282" /><E126/><V0/><F44/><N who="3" m="25863" /><G58/><T129/><D129/><U7/><E7/><V14/><REACH who="2" step="1"/><F23/><REACH who="2" ten="240,245,260,245" step="2"/><W66/><G34/><T37/><D118/><U48/><E111/><V97/><F97/><W11/><G116/><T13/><D117/><U102/><E75/><V124/><F124/><W103/><G103/><T52/><D73/><U94/><E74/><V83/><F83/><N who="3" m="49407" /><G31/><T114/><D114/><U16/><E101/><V120/><F120/><W72/><G72/><T95/><D80/><N who="1" m="49191" /><E102/><V51/><F51/><W82/><G82/><T45/><D81/><U127/><E127/><V105/><F105/><W25/><G25/><T99/><D84/><U33/><E33/><V69/><AGARI ba="0,1" hai="0,4,8,14,15,19,22,26,60,67,69,91,93,96" machi="69" ten="20,2700,0" yaku="1,1,0,1,7,1,53,0" doraHai="41" doraHaiUra="28" who="2" fromWho="2" sc="240,-7,245,-13,260,37,245,-7" /><INIT seed="2,0,0,3,1,119" ten="233,232,297,238" oya="2" hai0="133,19,108,126,45,48,54,99,3,115,38,78,9" hai1="113,76,16,70,91,68,40,118,114,31,122,92,77" hai2="25,104,134,105,100,107,80,13,87,103,129,4,32" hai3="88,86,62,85,5,117,55,17,84,21,130,11,120"/><V46/><F134/><W109/><G117/><T14/><D115/><U22/><E118/><V29/><F129/><W33/><G33/><T95/><D133/><U131/><E113/><V39/><F4/><W132/><G132/><T0/><D108/><U8/><E114/><V52/><F13/><N who="3" m="5359" /><G120/><T6/><D126/><U7/><E70/><V125/><F125/><W82/><G109/><T65/><D78/><N who="1" m="30315" /><E68/><V123/><F123/><W106/><G106/><T90/><D65/><U102/><E131/><V96/><F103/><W89/><G82/><T67/><D67/><U12/><E40/><V23/><F32/><W61/><G130/><T1/><REACH who="0" step="1"/><D38/><REACH who="0" ten="223,232,297,238" step="2"/><U44/><E122/><V49/><F39/><W28/><G28/><T20/><AGARI ba="0,1" hai="0,1,3,6,9,14,19,20,45,48,54,90,95,99" machi="20" ten="20,5200,0" yaku="1,1,2,1,0,1,7,1,53,0" doraHai="119" doraHaiUra="64" who="0" fromWho="0" sc="223,62,232,-13,297,-26,238,-13" /><INIT seed="3,0,0,0,1,60" ten="285,219,271,225" oya="3" hai0="89,117,135,24,40,93,65,127,96,54,4,109,56" hai1="59,73,41,67,115,3,68,30,29,31,53,105,55" hai2="52,133,22,9,123,81,58,0,5,102,83,37,126" hai3="20,92,129,42,7,78,6,69,74,75,134,34,32"/><W71/><G92/><T39/><D117/><U84/><E73/><N who="3" m="27658" /><G20/><T108/><D127/><U122/><E3/><V1/><F37/><W19/><G19/><T121/><D121/><U91/><E122/><V110/><F123/><W46/><G46/><T132/><D4/><N who="3" m="1577" /><G42/><T12/><D12/><U33/><E115/><V64/><F126/><W14/><G14/><T26/><D39/><U111/><E68/><N who="3" m="26186" /><G78/><T125/><D40/><U36/><E36/><V63/><F1/><W49/><G49/><T94/><D125/><U47/><E41/><V17/><F102/><W95/><G95/><T70/><D94/><N who="1" m="54631" /><E33/><N who="3" m="12906" /><G129/><T21/><D24/><U98/><E105/><V114/><F83/><W45/><G45/><T90/><D90/><U27/><E47/><V131/><F81/><W35/><G35/><T13/><D13/><U113/><E98/><V44/><F131/><W10/><G10/><T15/><D15/><U50/><E27/><V72/><F72/><W128/><G128/><T124/><D124/><U106/><E106/><V99/><F44/><W88/><G88/><T57/><D21/><U66/><E113/><V86/><F114/><W8/><G8/><T82/><D26/><U119/><E119/><V28/><F99/><W97/><G97/><T130/><D82/><U116/><E116/><V61/><F22/><W62/><G62/><N who="0" m="38087" /><D70/><U25/><E25/><V18/><F63/><W103/><G103/><T104/><D130/><U76/><E76/><V85/><F61/><W43/><G43/><T87/><D104/><U11/><E11/><V2/><F2/><W101/><G101/><RYUUKYOKU ba="0,0" sc="285,-10,219,-10,271,-10,225,30" hai3="134" /><INIT seed="3,1,0,1,2,14" ten="275,209,261,255" oya="3" hai0="109,3,123,84,133,69,29,75,18,15,9,88,129" hai1="113,37,34,17,94,79,45,105,130,131,119,6,93" hai2="38,25,8,76,1,46,16,52,32,114,64,41,66" hai3="59,126,51,10,39,72,127,89,80,48,26,78,47"/><W42/><G26/><T13/><D75/><U2/><E113/><V36/><F114/><W83/><G10/><T35/><D123/><U135/><E105/><V65/><F76/><W23/><G23/><T68/><D3/><U106/><E106/><V132/><F132/><W4/><G4/><T5/><D133/><U107/><E107/><V98/><F98/><W74/><G59/><T122/><D122/><U43/><E34/><V28/><F1/><W58/><G58/><T40/><D40/><U61/><E135/><V99/><F99/><W96/><G74/><T33/><D109/><U117/><E79/><V53/><REACH who="2" step="1"/><F38/><REACH who="2" ten="275,209,251,255" step="2"/><W82/><G78/><T125/><D125/><N who="3" m="47625" /><G72/><T24/><D129/><N who="1" m="49163" /><E2/><V63/><F63/><W73/><G73/><T128/><D128/><U57/><E6/><V110/><F110/><W31/><G39/><T118/><D118/><N who="1" m="45067" /><E17/><V22/><F22/><W120/><G120/><T11/><D35/><U7/><E7/><V108/><F108/><W62/><G96/><T90/><D90/><U27/><E27/><V81/><F81/><AGARI ba="1,1" hai="5,9,11,13,15,18,24,29,33,68,69,81,84,88" machi="81" ten="30,3900,0" yaku="7,1,52,1,54,1" doraHai="14" who="0" fromWho="2" sc="275,52,209,0,251,-42,255,0" owari="327,42.7,209,-19.1,209,-29.1,255,5.5" /></mjloggm>