<mjloggm ver="2.3"><GO type="225" lobby="0"/><UN n0="%E5%8D%A0%E3%81%84%E5%B8%AB%E8%A3%8F%E3%81%AA%E3%81%84%E3%81%97" n1="%E9%BB%99%E8%81%B4%E3%81%AE%E3%81%99%E3%82%9D%E3%82%81" n2="%E6%B4%BE%E9%81%A3%E3%81%AE%E3%82%B8%E3%83%A3%E3%83%83%E3%82%AF" n3="%6C%65%74%69%74%62%65" dan="17,16,17,16" rate="2201.76,2148.31,2201.80,2077.06" sx="M,M,M,M"/><TAIKYOKU oya="0"/><INIT seed="0,0,0,1,4,124" ten="250,250,250,250" oya="0" hai0="1,34,49,16,63,103,106,71,48,9,108,86,92" hai1="98,130,66,126,14,116,65,125,35,61,95,62,8" hai2="53,122,105,0,99,32,89,76,55,80,52,78,104" hai3="7,33,13,75,117,64,100,24,127,111,19,12,91"/><T84/><D106/><U135/><E35/><V119/><F32/><W50/><G117/><T31/><D1/><U54/><E116/><V118/><F0/><W96/><G75/><T40/><D108/><U37/><E37/><V110/><F110/><W39/><G39/><T20/><D71/><U28/><E28/><V15/><F122/><W59/><G111/><T107/><D107/><U30/><E30/><V129/><F15/><W60/><G91/><T56/><D103/><U109/><E109/><V26/><F26/><W18/><G127/><N who="1" m="48650" /><E135/><V43/><F43/><W123/><G123/><T121/><D121/><U3/><E3/><V115/><F115/><W45/><G7/><T97/><D9/><U90/><E130/><V4/><F4/><W5/><G33/><T77/><D31/><U57/><E62/><V10/><F10/><W72/><G72/><T134/><D34/><U51/><E61/><V69/><F69/><W85/><G85/><T133/><D133/><U46/><E46/><V47/><F47/><W131/><G131/><T83/><D84/><U101/><E101/><N who="2" m="62527" /><F105/><W42/><G5/><AGARI ba="0,0" hai="5,8,14,51,54,57,65,66,90,95,98" m="48650" machi="5" ten="30,1000,0" yaku="18,1" doraHai="124" who="1" fromWho="3" sc="250,0,250,10,250,0,250,-10" /><INIT seed="1,0,0,5,2,107" ten="250,260,250,240" oya="1" hai0="44,30,61,83,94,46,4,42,100,23,75,84,86" hai1="105,89,70,123,29,31,1,112,2,110,87,10,72" hai2="96,53,131,11,116,60,92,19,77,101,95,58,80" hai3="0,104,43,57,12,63,18,45,28,121,71,99,68"/><U122/><E105/><V128/><F116/><W132/><G121/><T113/><D113/><U64/><E64/><V33/><F33/><W14/><G0/><T115/><D115/><U59/><E70/><V73/><F11/><W120/><G120/><T65/><D4/><U124/><E59/><V125/><F125/><W47/><G28/><T98/><D75/><U69/><E69/><V90/><REACH who="2" step="1"/><F19/><REACH who="2" ten="250,260,240,240" step="2"/><W79/><G18/><T49/><D44/><U3/><E10/><V40/><F40/><W39/><G45/><T119/><D119/><U55/><E124/><V127/><F127/><W85/><G47/><T109/><D109/><U20/><E112/><V117/><F117/><W41/><G41/><T106/><D106/><U111/><E123/><V67/><F67/><W8/><G43/><T78/><D30/><U74/><E122/><V66/><F66/><N who="3" m="39279" /><G8/><T35/><D35/><U81/><E31/><V129/><F129/><W15/><G39/><T13/><D46/><U76/><E111/><V126/><F126/><W36/><G36/><T27/><D42/><U102/><E110/><V21/><F21/><W51/><G104/><T130/><D65/><U24/><E29/><V62/><F62/><W135/><G51/><T50/><D61/><U103/><E20/><V34/><F34/><W91/><G68/><T9/><D130/><U7/><E55/><V5/><F5/><W22/><G71/><T32/><D32/><U82/><E7/><V93/><F93/><N who="3" m="56767" /><G22/><T48/><D23/><U97/><E24/><V134/><F134/><N who="3" m="51243" /><G12/><T108/><D27/><U16/><E16/><RYUUKYOKU ba="0,1" sc="250,-15,260,-15,240,15,240,15" hai2="53,58,60,73,77,80,90,92,95,96,101,128,131" hai3="14,15,79,85" /><INIT seed="2,1,1,4,4,8" ten="235,245,255,255" oya="2" hai0="56,14,76,107,25,58,113,80,44,7,31,114,0" hai1="23,88,71,65,57,100,110,41,38,45,92,34,69" hai2="17,4,70,18,122,99,84,130,29,62,61,46,125" hai3="12,103,106,134,43,86,59,19,82,15,94,66,36"/><V93/><F122/><W1/><G1/><T54/><D107/><U22/><E34/><V97/><F125/><W95/><G106/><T10/><D0/><U24/><E100/><V102/><F130/><W51/><G134/><T72/><D44/><U35/><E110/><V121/><F121/><W67/><G36/><T108/><D108/><U42/><E42/><V2/><F29/><W104/><G104/><T117/><D117/><U53/><E35/><V48/><F97/><N who="3" m="59831" /><G95/><T39/><D39/><U112/><E112/><V33/><F33/><W13/><G19/><N who="2" m="7177" /><F2/><W123/><G123/><T68/><D68/><U55/><E55/><N who="2" m="30103" /><F70/><W96/><G96/><T109/><D58/><U11/><E11/><V6/><F84/><W52/><G43/><T20/><REACH who="0" step="1"/><D109/><REACH who="0" ten="225,245,255,255" step="2"/><U60/><E71/><V135/><F135/><W111/><G111/><T116/><D116/><U91/><E69/><V3/><F3/><W37/><G37/><T83/><D83/><U128/><E38/><V49/><F49/><AGARI ba="1,2" hai="7,10,14,20,25,31,49,54,56,72,76,80,113,114" machi="49" ten="30,7700,0" yaku="1,1,7,1,52,1,53,1" doraHai="8" doraHaiUra="73" who="0" fromWho="2" sc="225,100,245,0,255,-80,255,0" /><INIT seed="3,0,0,3,3,113" ten="325,245,175,255" oya="3" hai0="108,76,124,65,26,24,39,126,52,19,20,5,130" hai1="60,105,88,109,127,1,55,91,67,89,29,53,14" hai2="120,75,2,70,110,98,135,131,17,123,103,41,51" hai3="114,72,23,33,42,31,63,86,119,30,87,71,13"/><W45/><G114/><T15/><D108/><U78/><E1/><V104/><F17/><W7/><G72/><T96/><D39/><U85/><E109/><V116/><F2/><W118/><G33/><T92/><D65/><U27/><E105/><V69/><F110/><W117/><G71/><N who="2" m="27145" /><F51/><W93/><G63/><T94/><D130/><U129/><E129/><V40/><F131/><W49/><G93/><T25/><D76/><U48/><E14/><V8/><F8/><W74/><G74/><T97/><D52/><U107/><E107/><V22/><F22/><W99/><G99/><N who="0" m="37963" /><D5/><U9/><E9/><V6/><F6/><W82/><G86/><T3/><D3/><U132/><E132/><V83/><F41/><W18/><REACH who="3" step="1"/><G7/><REACH who="3" ten="325,245,175,245" step="2"/><T50/><D94/><U101/><E85/><V11/><F135/><W44/><G44/><T16/><D92/><U10/><E60/><V111/><F111/><W28/><G28/><T77/><D19/><U133/><E29/><V34/><F34/><W84/><G84/><T121/><D16/><U61/><E61/><V58/><F75/><W100/><G100/><T36/><D126/><U134/><E101/><V73/><F73/><W21/><G21/><T66/><D124/><U68/><E127/><V95/><F104/><W43/><G43/><T4/><D20/><U35/><E134/><V102/><F40/><W79/><AGARI ba="0,1" hai="13,18,23,30,31,42,45,49,79,82,87,117,118,119" machi="79" ten="30,24000,3" yaku="1,1,0,1,52,3,53,3" doraHai="113" doraHaiUra="115" who="3" fromWho="3" sc="325,-80,245,-80,175,-80,245,250" owari="245,4.5,165,-23.5,95,-40.5,495,59.5" /></mjloggm>