<mjloggm ver="2.3"><GO type="225" lobby="0"/><UN n0="%5C%28%E2%89%A7%E2%96%BD%E2%89%A6%29%2F" n1="%E7%89%B9%E6%9D%B1%E3%81%AF%E4%B8%96%E7%95%8C%E3%82%92%E6%95%91%E3%81%86" n2="%E4%BF%BA%E3%81%A8%E5%A6%96%E5%A4%A2" n3="%E3%83%A9%E3%82%B9%E7%8E%87%EF%BC%93%E5%89%B2" dan="16,16,16,17" rate="2065.52,2169.88,2141.15,2203.81" sx="M,M,F,F"/><TAIKYOKU oya="0"/><INIT seed="0,0,0,4,2,10" ten="250,250,250,250" oya="0" hai0="66,59,82,124,6,72,128,33,20,5,4,130,135" hai1="37,38,129,113,35,63,117,1,70,40,78,18,93" hai2="44,100,2,83,28,105,46,29,41,126,9,114,92" hai3="14,131,132,102,13,95,108,71,64,68,89,57,54"/><T106/><D33/><U84/><E117/><V121/><F114/><W85/><G108/><T122/><D122/><U19/><E35/><V96/><F121/><W115/><G115/><T47/><D106/><U61/><E1/><V3/><F126/><W101/><G131/><N who="0" m="50219" /><D124/><U60/><E129/><V90/><F46/><W25/><G132/><T119/><D119/><U23/><E113/><V53/><F53/><W42/><G42/><T22/><D135/><U51/><E70/><V118/><F118/><W52/><G68/><T133/><D133/><U109/><E109/><V79/><F28/><W15/><G25/><T32/><D32/><U107/><E107/><V45/><F29/><W99/><G71/><T125/><D125/><U88/><E78/><V43/><F45/><W127/><G127/><T86/><D72/><U62/><E61/><V21/><F21/><N who="0" m="8298" /><D47/><U111/><E111/><V17/><F44/><W98/><G64/><T65/><D59/><U73/><E73/><V97/><F43/><W34/><G34/><T81/><D86/><U49/><E40/><V12/><REACH who="2" step="1"/><F41/><REACH who="2" ten="250,250,240,250" step="2"/><W8/><G8/><T48/><D48/><N who="1" m="18507" /><E38/><V31/><F31/><W30/><G30/><T110/><D110/><U67/><E37/><V120/><F120/><W76/><G54/><T75/><D75/><AGARI ba="0,1" hai="2,3,9,12,17,75,79,83,90,92,96,97,100,105" machi="75" ten="30,7700,0" yaku="1,1,7,1,52,1,53,1" doraHai="10" doraHaiUra="11" who="2" fromWho="0" sc="250,-77,250,0,240,87,250,0" /><INIT seed="1,0,0,5,0,35" ten="173,250,327,250" oya="1" hai0="39,118,22,53,58,131,126,113,115,26,56,14,24" hai1="94,27,86,42,9,109,66,99,11,43,101,127,15" hai2="77,106,30,10,5,3,88,128,129,84,123,16,97" hai3="12,90,125,7,134,111,117,57,100,50,54,135,83"/><U2/><E127/><V112/><F123/><W95/><G125/><T37/><D126/><U120/><E120/><V91/><F112/><W132/><G111/><T102/><D118/><U76/><E109/><V29/><F77/><W103/><G117/><T36/><D131/><N who="2" m="50250" /><F91/><W51/><G83/><T75/><D75/><U18/><E66/><V59/><F59/><W107/><G107/><T34/><D102/><U48/><E48/><V108/><F108/><W33/><G33/><T1/><D14/><U21/><E2/><V49/><F49/><W40/><G12/><T81/><D81/><N who="1" m="47399" /><E9/><V110/><F110/><W46/><REACH who="3" step="1"/><G7/><AGARI ba="0,0" hai="7,11,15,18,21,27,42,43,94,99,101" m="47399" machi="7" ten="30,1500,0" yaku="8,1" doraHai="35" who="1" fromWho="3" sc="173,0,250,15,327,0,250,-15" /><INIT seed="1,1,0,0,5,28" ten="173,265,327,235" oya="1" hai0="52,102,113,65,72,135,77,74,92,114,24,93,13" hai1="7,127,61,109,132,55,37,133,115,69,83,51,31" hai2="39,131,104,87,14,9,108,123,110,22,2,134,27" hai3="57,71,101,38,116,68,11,96,53,47,73,35,81"/><U86/><E115/><V29/><F39/><W75/><G116/><T25/><D65/><U17/><E37/><V124/><F104/><W85/><G11/><T30/><D135/><U130/><E130/><V119/><F119/><W20/><G20/><T43/><D43/><U44/><E127/><V121/><F134/><N who="1" m="51817" /><E7/><N who="2" m="1271" /><F87/><W8/><G8/><T79/><D30/><U4/><E4/><V12/><F131/><W111/><G111/><N who="2" m="42537" /><F124/><W91/><G35/><T49/><D49/><U94/><E94/><V15/><AGARI ba="1,0" hai="12,14,15,22,27,29,121,123" m="42537,1271" machi="15" ten="30,4000,0" yaku="14,1,34,2" doraHai="28" who="2" fromWho="2" sc="173,-11,265,-21,327,43,235,-11" /><INIT seed="2,0,0,0,5,16" ten="162,244,370,224" oya="2" hai0="94,119,17,44,52,38,70,66,71,101,32,88,68" hai1="46,92,25,110,62,51,37,82,79,89,23,22,15" hai2="47,123,125,34,81,90,39,31,13,134,56,5,55" hai3="3,85,67,65,10,121,95,7,69,0,72,108,104"/><V63/><F123/><W128/><G104/><T12/><D32/><U84/><E110/><V120/><F120/><W60/><G72/><T96/><D119/><U113/><E37/><V54/><F134/><W4/><G108/><T133/><D133/><U24/><E113/><V35/><F125/><W9/><G128/><T103/><D66/><U19/><E62/><V131/><F131/><W74/><G74/><T118/><D118/><U50/><E46/><V132/><F132/><W93/><G121/><T99/><D99/><U97/><E15/><V129/><F129/><W58/><G85/><T8/><REACH who="0" step="1"/><D38/><REACH who="0" ten="152,244,370,224" step="2"/><U40/><E40/><V33/><F39/><W2/><G2/><T105/><D105/><U18/><AGARI ba="0,1" hai="18,19,22,23,24,25,50,51,79,82,84,89,92,97" machi="18" ten="20,12000,2" yaku="0,1,7,1,9,1,8,1,52,2" doraHai="16" who="1" fromWho="1" sc="152,-30,244,130,370,-60,224,-30" /><INIT seed="3,0,0,3,1,56" ten="122,374,310,194" oya="3" hai0="33,130,124,65,66,21,99,23,107,114,40,27,45" hai1="133,97,54,7,5,39,34,47,50,11,36,52,28" hai2="87,121,112,2,35,30,116,111,20,58,128,103,75" hai3="108,57,109,131,14,70,80,1,51,126,68,120,38"/><W3/><G120/><T98/><D114/><U22/><E34/><V60/><F112/><W24/><G38/><T94/><D124/><U64/><E133/><V4/><F116/><W81/><G14/><T41/><D130/><U91/><E64/><V115/><F115/><W132/><G131/><T55/><D107/><U9/><E54/><V46/><F75/><W82/><G24/><T93/><D33/><U12/><E22/><V104/><F35/><W17/><G17/><T31/><D55/><U127/><E28/><V125/><F2/><N who="3" m="523" /><G57/><T32/><D32/><U18/><E127/><V61/><F104/><W13/><G13/><T119/><D119/><U85/><E97/><V73/><F73/><W96/><G96/><T37/><D37/><U72/><E72/><V10/><F125/><W69/><G51/><T15/><D15/><N who="1" m="7551" /><E7/><V26/><F58/><W67/><G126/><T16/><D31/><U48/><E48/><V122/><F128/><W90/><G67/><T117/><D117/><U106/><E106/><V129/><F129/><W59/><G59/><T88/><D23/><U53/><E53/><V100/><F10/><W84/><G132/><T71/><D71/><U0/><E0/><V86/><F4/><W44/><G44/><T101/><D45/><U110/><E39/><V6/><F6/><W95/><G70/><T49/><D49/><U76/><E36/><V62/><F46/><W74/><G74/><T105/><D105/><U83/><E47/><V89/><F122/><W29/><G29/><T118/><D118/><U79/><E50/><V43/><F121/><RYUUKYOKU ba="0,0" sc="122,15,374,-15,310,-15,194,15" hai0="16,21,27,40,41,65,66,88,93,94,98,99,101" hai3="68,69,80,81,82,84,90,95,108,109" /><INIT seed="3,1,0,1,5,33" ten="137,359,295,209" oya="3" hai0="39,64,57,5,116,24,16,89,84,67,54,131,30" hai1="38,12,13,130,69,118,46,78,115,107,7,99,63" hai2="22,14,17,88,28,75,91,20,70,134,52,123,122" hai3="4,23,29,94,65,85,66,51,2,73,135,45,34"/><W76/><G135/><T120/><D116/><U41/><E115/><V79/><F70/><W58/><G73/><T15/><D120/><N who="2" m="46122" /><F79/><W43/><G34/><T113/><D131/><U82/><E118/><V126/><F75/><W61/><G66/><T110/><D110/><U1/><E130/><V80/><F134/><W103/><G2/><T106/><D39/><U68/><E99/><V124/><F80/><W26/><G4/><T127/><D127/><N who="2" m="48682" /><F28/><W98/><G85/><T90/><D113/><U44/><E82/><V87/><F22/><W18/><G18/><T71/><D106/><U77/><E77/><AGARI ba="1,0" hai="23,26,29,43,45,51,58,61,65,76,77,94,98,103" machi="77" ten="40,7700,0" yaku="25,2,8,1" doraHai="33" who="3" fromWho="1" sc="137,0,359,-80,295,0,209,80" /><INIT seed="3,2,0,4,1,56" ten="137,279,295,289" oya="3" hai0="124,95,25,64,2,41,70,97,123,72,65,132,38" hai1="71,107,58,0,28,5,54,9,32,20,74,46,22" hai2="100,111,61,35,88,16,42,78,47,108,24,99,76" hai3="39,118,59,120,102,7,43,44,105,63,69,115,8"/><W1/><G115/><T93/><D123/><U86/><E74/><V14/><F88/><W110/><G120/><T68/><D72/><U126/><E71/><V45/><F61/><W109/><G118/><T53/><D2/><U40/><E107/><V90/><F90/><W134/><G134/><T130/><D132/><U49/><E126/><V112/><F112/><W73/><G73/><T29/><D124/><U60/><E32/><V6/><F6/><W75/><G75/><T55/><D130/><U77/><REACH who="1" step="1"/><E28/><REACH who="1" ten="137,269,295,289" step="2"/><V79/><F108/><N who="3" m="41579" /><G69/><T17/><D17/><U133/><E133/><V33/><F111/><W87/><G105/><T37/><D29/><U81/><AGARI ba="2,1" hai="0,5,9,20,22,40,46,49,54,58,60,77,81,86" machi="81" ten="30,4000,0" yaku="1,1,0,1,52,1,53,0" doraHai="56" doraHaiUra="117" who="1" fromWho="1" sc="137,-12,269,56,295,-12,289,-22" owari="125,-37.5,325,42.5,283,8.3,267,-13.3" /></mjloggm>