<mjloggm ver="2.3"><GO type="225" lobby="0"/><UN n0="%E3%83%8F%E3%83%B3%E3%83%89%E3%83%A9%E3%83%BC%E3%83%BB%E3%83%AF%E3%83%B3" n1="%E3%81%95%E3%81%8D%E3%81%9F%E3%81%BE%E6%9E%97%E6%AA%8E" n2="%E3%83%96%E3%83%83%E3%83%91%E3%82%AA%E3%83%96%E3%83%81%E3%82%AD%E3%83%B3" n3="%E3%83%A9%E3%82%B9%E7%8E%87%EF%BC%93%E5%89%B2" dan="18,16,16,17" rate="2265.80,2096.34,2191.61,2209.04" sx="M,M,M,F"/><TAIKYOKU oya="0"/><INIT seed="0,0,0,5,2,102" ten="250,250,250,250" oya="0" hai0="64,113,105,124,71,55,39,33,26,94,61,24,51" hai1="130,7,93,18,82,112,36,16,27,100,19,17,120" hai2="118,104,70,126,50,32,45,59,22,30,67,28,114" hai3="11,101,6,73,110,76,54,79,29,47,43,97,80"/><T103/><D113/><U38/><E120/><V117/><F114/><W135/><G110/><T23/><D39/><U63/><E112/><V68/><F126/><W3/><G135/><T25/><D124/><U107/><E93/><V41/><F32/><W46/><G79/><T127/><D127/><U66/><E7/><V128/><F128/><W77/><G77/><T84/><D33/><U95/><E95/><V92/><F92/><W52/><G29/><N who="2" m="11369" /><F22/><W21/><G21/><T108/><D108/><U0/><E0/><V78/><F78/><W10/><G10/><T57/><D105/><U85/><E130/><V69/><F59/><W106/><G47/><T58/><D71/><N who="2" m="18178" /><V48/><DORA hai="88" /><F67/><W134/><REACH who="3" step="1"/><G134/><REACH who="3" ten="250,250,250,240" step="2"/><T60/><D60/><U9/><E63/><V37/><F104/><W121/><G121/><T91/><REACH who="0" step="1"/><D103/><REACH who="0" ten="240,250,250,240" step="2"/><U8/><E100/><V42/><F118/><W133/><G133/><T89/><D89/><U20/><E107/><V31/><F117/><W44/><G44/><T123/><D123/><U125/><E125/><V109/><F45/><W87/><G87/><T132/><D132/><U119/><E85/><V40/><F109/><W65/><G65/><T72/><D72/><U90/><E66/><V116/><F116/><W35/><G35/><T15/><D15/><U56/><E119/><V81/><F37/><AGARI ba="0,2" hai="3,6,11,37,43,46,52,54,73,76,80,97,101,106" machi="37" ten="30,16000,3" yaku="1,1,7,1,25,2,52,1,54,1,53,2" doraHai="102,88" doraHaiUra="2,1" who="3" fromWho="2" sc="240,0,250,0,250,-160,240,180" /><INIT seed="1,0,0,0,2,62" ten="240,250,90,420" oya="1" hai0="25,68,5,26,80,135,1,55,98,95,43,35,72" hai1="61,75,37,82,113,84,63,103,28,47,9,102,91" hai2="19,104,14,49,56,86,131,57,52,41,77,17,129" hai3="2,10,38,99,36,11,89,67,125,107,42,118,34"/><U48/><E113/><V114/><F114/><W31/><G125/><T0/><D68/><U60/><E75/><V85/><F104/><W105/><G118/><T27/><D35/><U76/><E37/><V111/><F111/><W46/><G38/><T51/><D43/><U64/><E28/><V40/><F77/><W58/><G89/><T119/><D119/><U13/><E64/><V78/><F78/><W70/><G58/><T93/><D135/><U18/><REACH who="1" step="1"/><E76/><REACH who="1" ten="240,240,90,420" step="2"/><V109/><F109/><W3/><G31/><T65/><D72/><U22/><E22/><V54/><REACH who="2" step="1"/><F49/><REACH who="2" ten="240,240,80,420" step="2"/><W122/><G36/><T66/><D51/><U88/><E88/><V23/><F23/><W15/><G34/><T106/><D106/><U124/><E124/><V120/><F120/><W121/><G107/><T123/><D123/><U133/><E133/><V116/><F116/><W90/><G105/><T92/><D66/><U44/><E44/><V128/><F128/><W73/><G67/><T108/><D65/><U53/><AGARI ba="0,2" hai="9,13,18,47,48,53,60,61,63,82,84,91,102,103" machi="53" ten="30,24000,3" yaku="1,1,0,1,25,2,8,1,53,3" doraHai="62" doraHaiUra="59" who="1" fromWho="1" sc="240,-80,240,260,80,-80,420,-80" /><INIT seed="1,1,0,4,2,118" ten="160,500,0,340" oya="1" hai0="30,112,127,32,92,4,37,27,76,113,115,126,78" hai1="103,18,47,5,68,106,63,53,65,34,41,110,60" hai2="36,86,111,74,31,75,7,77,124,2,93,40,20" hai3="130,13,10,66,98,105,49,6,55,87,0,14,38"/><U70/><E34/><V102/><F31/><W22/><G38/><T133/><D37/><U19/><E5/><V11/><F20/><W46/><G130/><T17/><D133/><U125/><E103/><V59/><F111/><W61/><G22/><T107/><D107/><U109/><E106/><V123/><F124/><N who="0" m="47658" /><D4/><U73/><E73/><V62/><F75/><W54/><G54/><T43/><D43/><U131/><E131/><V29/><F29/><W21/><G21/><T90/><D17/><U8/><E125/><V15/><F15/><W39/><G39/><T80/><D80/><U35/><E35/><V79/><F123/><W94/><G87/><AGARI ba="1,0" hai="27,30,32,76,78,87,90,92,112,113,115" m="47658" machi="87" ten="40,1300,0" yaku="18,1" doraHai="118" who="0" fromWho="3" sc="160,16,500,0,0,0,340,-16" /><INIT seed="2,0,0,0,5,4" ten="176,500,0,324" oya="2" hai0="37,27,52,84,103,21,75,108,79,96,101,98,31" hai1="45,35,130,28,111,3,34,125,67,93,66,74,91" hai2="68,8,36,132,89,23,92,20,110,97,60,128,39" hai3="109,11,61,57,95,77,64,38,90,1,50,134,44"/><V73/><F73/><W126/><G109/><T17/><D75/><U25/><E111/><V53/><F110/><W81/><G134/><T123/><D37/><U58/><E74/><V62/><F132/><W127/><G38/><T106/><D123/><U85/><E3/><V54/><F128/><W120/><G120/><T133/><D133/><U9/><E130/><V105/><F105/><W69/><G1/><T70/><D70/><U86/><E35/><V76/><F76/><W83/><G11/><T22/><D108/><U16/><E45/><V65/><F54/><W107/><G107/><T116/><D116/><U40/><E40/><V82/><F82/><W63/><G77/><T32/><D52/><U121/><E121/><V56/><F23/><W115/><G115/><T118/><D118/><U124/><E86/><V24/><F8/><W131/><G131/><T59/><D59/><U88/><E91/><V99/><F99/><N who="0" m="37930" /><D32/><U87/><E58/><V49/><F49/><W5/><G57/><T51/><D51/><U71/><E71/><V18/><AGARI ba="0,0" hai="18,20,24,36,39,53,56,60,62,65,68,89,92,97" machi="18" ten="20,7800,0" yaku="0,1,7,1,25,2" doraHai="4" who="2" fromWho="2" sc="176,-26,500,-26,0,78,324,-26" /><INIT seed="2,1,0,4,4,41" ten="150,474,78,298" oya="2" hai0="113,109,66,103,110,5,114,101,35,45,24,105,13" hai1="77,78,16,130,97,106,80,132,98,95,123,88,8" hai2="51,25,6,36,23,79,117,9,86,20,99,68,55" hai3="26,112,1,73,37,14,75,42,43,83,89,71,54"/><V74/><F117/><W122/><G1/><T3/><D3/><U29/><E132/><V60/><F36/><W33/><G71/><T85/><D66/><U0/><E29/><V87/><F74/><W108/><G122/><T49/><D85/><N who="2" m="32266" /><F68/><W135/><G135/><T134/><D134/><U104/><E0/><V4/><F79/><W100/><G75/><T2/><D2/><U27/><E123/><V124/><F124/><W129/><G73/><T91/><D91/><U63/><E130/><V84/><N who="2" m="32274" /><V92/><DORA hai="57" /><F60/><W46/><G37/><T10/><D24/><U47/><E63/><V81/><F81/><W39/><G83/><T11/><D11/><U111/><E106/><V17/><F20/><W52/><G129/><T118/><D35/><U38/><E38/><V70/><F9/><W28/><G39/><T64/><D64/><U127/><E8/><V72/><F72/><W119/><G33/><T58/><D118/><U121/><E104/><V44/><F70/><W61/><G119/><T48/><D105/><U102/><E121/><V18/><F17/><W116/><G116/><T93/><D114/><U133/><E16/><V107/><F107/><W34/><G112/><T115/><D115/><U90/><E133/><V82/><F82/><W62/><G34/><T126/><D126/><U96/><E80/><V53/><F53/><W59/><G54/><N who="0" m="32071" /><D113/><U120/><E127/><V67/><F67/><W76/><G76/><T125/><D125/><U32/><E78/><V69/><F69/><W56/><G62/><T22/><D22/><U94/><E77/><RYUUKYOKU ba="1,0" sc="150,-10,474,-10,78,30,298,-10" hai2="4,6,18,23,25,44,51,55,92,99" /><INIT seed="2,2,0,1,3,80" ten="140,464,108,288" oya="2" hai0="115,2,55,76,26,7,14,47,9,62,13,54,99" hai1="44,85,128,12,11,77,84,65,90,21,16,108,68" hai2="53,27,17,133,100,131,74,23,48,69,135,6,41" hai3="106,29,134,71,112,32,109,40,88,30,57,3,126"/><V56/><F74/><W75/><RYUUKYOKU type="yao9" ba="2,0" sc="140,0,464,0,108,0,288,0" hai3="3,29,30,32,40,57,71,75,88,106,109,112,126,134" /><INIT seed="2,3,0,2,1,28" ten="140,464,108,288" oya="2" hai0="110,17,30,115,82,93,134,98,81,77,32,127,7" hai1="105,83,109,118,66,130,61,71,4,58,62,90,1" hai2="13,63,94,100,95,135,15,16,26,68,92,41,19" hai3="119,88,73,20,54,97,112,29,14,89,125,117,25"/><V123/><F123/><W36/><G73/><T49/><D115/><U79/><E105/><V22/><F135/><W104/><G112/><T37/><D37/><U40/><E109/><V56/><F68/><W103/><G125/><T27/><D110/><U91/><E130/><V121/><F121/><W11/><G36/><T44/><D127/><U133/><E133/><V6/><F41/><W75/><G75/><T126/><D126/><U129/><E129/><V101/><F6/><W24/><G24/><T67/><D134/><U113/><E113/><V128/><F128/><W31/><G31/><T96/><D7/><U69/><E40/><V107/><F107/><W74/><G74/><T59/><D17/><U70/><E118/><V51/><F51/><W64/><G64/><T65/><D98/><U78/><E78/><V10/><REACH who="2" step="1"/><F26/><REACH who="2" ten="140,464,98,288" step="2"/><W35/><G119/><T86/><D49/><U42/><E42/><V85/><F85/><W106/><G117/><T39/><D39/><U122/><E122/><V55/><AGARI ba="3,1" hai="10,13,15,16,19,22,55,56,63,92,94,95,100,101" machi="55" ten="30,12000,1" yaku="1,1,0,1,8,1,54,1,53,1" doraHai="28" doraHaiUra="18" who="2" fromWho="2" sc="140,-43,464,-43,98,139,288,-43" /><INIT seed="2,4,0,0,0,96" ten="97,421,237,245" oya="2" hai0="120,132,56,113,93,89,84,15,5,29,101,12,119" hai1="73,13,20,48,37,27,108,49,99,106,38,78,11" hai2="65,14,62,24,94,123,105,107,2,111,61,50,104" hai3="4,42,128,3,91,129,9,126,133,109,130,33,77"/><V23/><F123/><W22/><G33/><T112/><D120/><U51/><E108/><V82/><F2/><W134/><G77/><T31/><D132/><N who="3" m="50793" /><G42/><T34/><D119/><U21/><E73/><V81/><F111/><W32/><G109/><T40/><D40/><U85/><E106/><V6/><F50/><W45/><G45/><T118/><D118/><U28/><E99/><V63/><F65/><W86/><G22/><T115/><D34/><U72/><E72/><V7/><F94/><N who="3" m="54647" /><G32/><T30/><D5/><U88/><E78/><V43/><F43/><W92/><G92/><T71/><D71/><U83/><E21/><V8/><REACH who="2" step="1"/><F7/><REACH who="2" ten="97,421,227,245" step="2"/><W10/><G10/><T39/><D39/><U135/><E135/><V110/><F110/><W102/><G102/><T1/><D1/><U26/><E38/><V70/><F70/><W36/><G36/><T44/><D44/><U58/><E37/><V54/><F54/><W97/><G97/><T75/><D75/><U64/><E51/><V52/><F52/><W124/><AGARI ba="4,1" hai="3,4,9,124,126,128,129,130" m="54647,50793" machi="124" ten="40,8000,1" yaku="30,2,19,1,20,1" doraHai="96" who="3" fromWho="3" sc="97,-24,421,-24,227,-44,245,102" /><INIT seed="3,0,0,0,2,24" ten="73,397,183,347" oya="3" hai0="59,6,66,67,5,132,18,45,95,64,34,97,94" hai1="9,3,63,27,134,32,83,46,55,72,4,112,40" hai2="42,37,54,87,77,48,53,135,123,109,28,41,21" hai3="39,23,81,58,103,82,85,113,38,91,1,50,70"/><W33/><G33/><T99/><D34/><U110/><E110/><V12/><F37/><W127/><G70/><T49/><D132/><U122/><E134/><V16/><F135/><W57/><G113/><T133/><D133/><U124/><E122/><V120/><F109/><W106/><G127/><T69/><D69/><U51/><E124/><V116/><F116/><W19/><G1/><T75/><D75/><U52/><E112/><V108/><F108/><W96/><G82/><T130/><D130/><U131/><E131/><V15/><F28/><W84/><G84/><T126/><D126/><U93/><E93/><V0/><F0/><W29/><G29/><T20/><D59/><U22/><E32/><V43/><F15/><W10/><G10/><T78/><D78/><U36/><E63/><V111/><F111/><W76/><G76/><T89/><D20/><U100/><E100/><V11/><F21/><W88/><G91/><T26/><D26/><U129/><E129/><V114/><F114/><W119/><G119/><T44/><D18/><N who="1" m="12759" /><E51/><V117/><F117/><W14/><REACH who="3" step="1"/><G50/><REACH who="3" ten="73,397,183,337" step="2"/><T128/><D128/><U121/><E121/><N who="2" m="46667" /><F48/><W107/><G107/><T73/><D73/><U60/><E60/><V90/><F77/><AGARI ba="0,1" hai="3,4,9,36,40,46,52,55,72,77,83" m="12759" machi="77" ten="30,2000,0" yaku="25,1,54,1" doraHai="24" who="1" fromWho="2" sc="73,0,397,30,183,-20,337,0" owari="73,-42.7,427,52.7,163,-23.7,337,13.7" /></mjloggm>