<mjloggm ver="2.3"><GO type="225" lobby="0"/><UN n0="%E7%87%90%2E%2E" n1="%E6%9C%88%E5%B3%B6%E5%9F%BA" n2="%33%74%72%65%65" n3="%E9%B3%B3%E6%9D%B1%E3%81%AE%E3%81%BF%E3%81%91%E3%81%AB%E3%82%83%E3%82%93" dan="16,16,16,17" rate="2144.49,2058.96,2147.59,2161.02" sx="M,M,F,F"/><TAIKYOKU oya="0"/><INIT seed="0,0,0,0,1,61" ten="250,250,250,250" oya="0" hai0="24,122,64,5,117,81,23,66,123,133,69,2,107" hai1="109,21,41,126,32,91,124,98,55,67,70,1,4" hai2="39,100,83,101,80,17,63,87,82,96,92,47,86" hai3="56,19,120,49,95,125,78,45,8,106,76,119,79"/><T16/><D117/><U53/><E32/><V134/><F134/><W112/><G119/><T52/><D107/><U85/><E109/><V59/><F101/><W20/><G106/><T135/><D81/><U11/><E98/><V113/><F113/><W50/><G112/><T40/><D40/><U10/><E41/><V35/><F35/><W68/><G68/><T22/><D5/><U31/><E11/><V105/><F105/><W77/><G125/><N who="1" m="48234" /><E31/><V46/><F17/><W131/><G131/><T62/><D2/><U118/><E21/><V130/><F130/><W104/><G104/><T99/><D99/><U48/><E118/><V7/><F7/><W25/><G8/><T97/><D97/><U103/><E103/><V115/><F115/><W43/><G120/><T58/><D23/><U26/><E26/><V57/><F39/><W71/><N who="3" m="19456" /><DORA hai="38" /><W110/><G110/><T75/><D75/><U89/><E55/><V60/><F96/><W13/><G25/><T36/><D36/><U14/><E1/><V6/><F100/><W54/><G71/><T27/><D27/><U37/><E37/><V90/><F6/><W0/><G0/><T28/><D28/><U18/><E4/><V33/><F33/><W108/><G108/><T3/><D3/><U30/><E30/><V9/><F9/><W132/><G132/><N who="0" m="50763" /><D69/><U65/><E70/><V128/><F128/><W15/><G15/><T29/><D29/><U94/><E89/><V127/><F127/><W102/><G102/><T51/><D62/><N who="2" m="23594" /><F87/><W93/><AGARI ba="0,0" hai="13,19,20,43,45,49,50,54,56,93,95" m="19456" machi="93" ten="40,5200,0" yaku="0,1,8,1,52,1" doraHai="61,38" who="3" fromWho="3" sc="250,-26,250,-13,250,-13,250,52" /><INIT seed="1,0,0,0,3,122" ten="224,237,237,302" oya="1" hai0="60,87,88,120,125,16,55,0,15,86,115,75,31" hai1="23,64,93,47,131,129,9,96,97,61,34,22,30" hai2="4,80,71,100,85,1,130,114,123,99,6,102,83" hai3="92,132,29,12,65,38,91,106,59,62,108,27,36"/><U118/><E118/><V13/><F123/><W37/><G106/><T101/><D115/><U81/><E9/><V109/><F114/><W73/><G73/><T68/><D120/><U54/><E81/><V35/><F1/><W33/><G132/><T46/><D75/><U45/><E34/><V3/><F3/><W58/><G108/><T90/><D0/><U107/><E107/><V124/><F109/><W7/><G7/><T10/><D125/><U82/><E82/><V117/><F71/><W32/><G12/><T116/><D116/><U133/><E133/><V79/><F124/><W52/><G33/><T44/><D101/><N who="1" m="60559" /><E97/><V41/><F35/><W8/><G8/><T26/><D87/><U51/><E47/><N who="0" m="17961" /><D68/><N who="1" m="41999" /><E30/><V14/><F83/><W67/><REACH who="3" step="1"/><G59/><REACH who="3" ten="224,237,237,292" step="2"/><N who="0" m="34943" /><D86/><AGARI ba="0,1" hai="27,29,32,36,37,38,52,58,62,65,67,86,91,92" machi="86" ten="40,5200,0" yaku="1,1,54,1,53,1" doraHai="122" doraHaiUra="24" who="3" fromWho="0" sc="224,-52,237,0,237,0,292,62" /><INIT seed="2,0,0,4,0,128" ten="172,237,237,354" oya="2" hai0="108,28,96,78,63,22,80,41,25,98,50,109,135" hai1="10,68,8,88,45,131,7,2,133,17,43,86,61" hai2="37,115,47,15,77,5,60,95,84,97,126,72,127" hai3="123,38,48,36,65,21,55,82,92,119,4,91,90"/><V44/><F115/><W74/><G119/><T71/><D41/><U102/><E131/><V69/><F72/><W89/><G123/><T107/><D50/><U58/><E68/><V113/><F113/><W75/><G92/><T132/><D71/><U11/><E102/><V3/><F3/><W39/><G65/><T118/><D63/><U73/><E73/><V27/><F27/><W79/><G74/><N who="0" m="43095" /><D118/><U76/><E76/><V105/><F69/><W35/><G35/><T19/><D19/><U57/><E133/><N who="0" m="51273" /><D107/><U64/><E57/><V93/><F60/><W52/><G4/><T54/><D54/><U33/><E33/><V112/><F105/><W13/><G48/><T59/><D59/><U18/><E18/><V46/><F37/><W20/><G13/><T103/><D103/><U134/><E17/><V130/><F112/><W14/><G14/><T31/><D28/><U111/><E134/><V32/><F130/><W120/><G52/><T67/><D67/><U83/><E111/><AGARI ba="0,0" hai="22,25,31,96,98,108,109,111" m="51273,43095" machi="111" ten="30,8000,1" yaku="14,1,20,1,52,3" doraHai="128" who="0" fromWho="1" sc="172,80,237,-80,237,0,354,0" /><INIT seed="3,0,0,5,2,107" ten="252,157,237,354" oya="3" hai0="66,69,87,9,111,95,49,133,74,86,104,59,76" hai1="68,27,25,35,29,91,103,75,73,115,7,44,21" hai2="48,121,38,106,132,124,93,90,110,85,14,15,122" hai3="53,127,28,5,135,58,19,56,131,102,4,2,109"/><W65/><G2/><T30/><D104/><U63/><E115/><V119/><F119/><W47/><G102/><T40/><D133/><U11/><E103/><V17/><F132/><W42/><G28/><T1/><D69/><U112/><E112/><V105/><F38/><W45/><G127/><T81/><D30/><U99/><E44/><V33/><F33/><W12/><G131/><T128/><D128/><U22/><E35/><V97/><F124/><W123/><G123/><N who="2" m="47113" /><F110/><W26/><G26/><T117/><D117/><U70/><E99/><V62/><F48/><N who="3" m="26679" /><G109/><T6/><D111/><U64/><E91/><N who="2" m="55487" /><F62/><N who="3" m="38087" /><G47/><T71/><D71/><U10/><E68/><V50/><F50/><N who="3" m="31031" /><G135/><T113/><D113/><U120/><E120/><V46/><F46/><W61/><G61/><T130/><D130/><U16/><E11/><AGARI ba="0,0" hai="4,5,11,12,19" m="31031,38087,26679" machi="11" ten="30,1500,0" yaku="8,1" doraHai="107" who="3" fromWho="1" sc="252,0,157,-15,237,0,354,15" owari="252,5.2,142,-35.8,237,-16.3,369,46.9" /></mjloggm>