<mjloggm ver="2.3"><GO type="225" lobby="0"/><UN n0="%E6%9C%88%E5%B3%B6%E5%9F%BA" n1="%E6%81%A5%E6%99%92%E3%81%97" n2="%E5%A4%8F%E9%88%B4%E9%88%B4%E5%A4%8F" n3="%6D%61%6A%69%6B%75%7A%75" dan="16,17,16,17" rate="2097.47,2163.31,2091.65,2229.20" sx="M,M,F,M"/><TAIKYOKU oya="0"/><INIT seed="0,0,0,3,1,50" ten="250,250,250,250" oya="0" hai0="107,128,105,121,20,11,7,83,43,26,33,46,17" hai1="60,101,52,64,82,2,120,44,38,10,76,51,125" hai2="108,13,102,0,80,113,98,79,73,95,56,119,32" hai3="14,100,18,131,94,27,48,129,62,29,89,16,40"/><T35/><D121/><U66/><E120/><V84/><F113/><W118/><G118/><T126/><D126/><U5/><E125/><V58/><F108/><W54/><G100/><T30/><D128/><N who="3" m="49225" /><G62/><T69/><D69/><U122/><E122/><V19/><F0/><W87/><G40/><T41/><D83/><U23/><E101/><V104/><F32/><N who="3" m="20543" /><G14/><N who="0" m="9271" /><D35/><U111/><E111/><V59/><F119/><W130/><N who="3" m="49233" /><W133/><DORA hai="132" /><G133/><T57/><D57/><AGARI ba="0,0" hai="16,18,48,54,57,87,89,94" m="20543,49233" machi="57" ten="40,5200,0" yaku="19,1,52,1,54,1" doraHai="50,132" who="3" fromWho="0" sc="250,-52,250,0,250,0,250,52" /><INIT seed="1,0,0,4,1,21" ten="198,250,250,302" oya="1" hai0="78,9,67,54,94,5,102,10,109,29,128,135,43" hai1="31,91,72,33,115,18,131,48,84,63,70,81,50" hai2="47,83,110,75,62,126,125,35,73,26,76,2,65" hai3="51,60,118,41,27,6,15,119,4,28,133,123,124"/><U68/><E115/><V49/><F110/><W20/><G123/><T107/><D109/><U64/><E131/><V122/><F122/><W30/><G124/><T59/><D128/><U16/><E70/><V32/><F2/><W40/><G133/><T85/><D135/><U37/><E37/><V61/><F75/><W96/><G30/><T53/><D43/><U112/><E112/><V44/><F44/><W132/><G132/><T39/><D39/><U101/><E101/><V77/><F77/><W17/><G60/><T82/><D107/><U104/><E104/><V129/><F129/><W58/><G96/><T1/><D67/><U52/><E72/><V130/><F130/><W93/><G93/><T57/><D10/><U121/><E121/><V8/><F8/><W42/><G51/><T74/><D29/><U113/><E113/><V116/><F116/><N who="3" m="44587" /><G58/><T88/><REACH who="0" step="1"/><D102/><REACH who="0" ten="188,250,250,302" step="2"/><U80/><E50/><V36/><F65/><W13/><G28/><T79/><D79/><U14/><E31/><N who="2" m="19575" /><F36/><W98/><G42/><T7/><D7/><U120/><E120/><V111/><F35/><W114/><G41/><T134/><D134/><U55/><E33/><V108/><F111/><W11/><G40/><T69/><D69/><U23/><E48/><V127/><F108/><W90/><G114/><T56/><AGARI ba="0,1" hai="1,5,9,53,54,56,57,59,74,78,82,85,88,94" machi="56" ten="30,7900,0" yaku="1,1,0,1,54,1,53,1" doraHai="21" doraHaiUra="89" who="0" fromWho="0" sc="188,89,250,-39,250,-20,302,-20" /><INIT seed="2,0,0,3,1,72" ten="277,211,230,282" oya="2" hai0="106,52,119,88,80,109,9,123,111,32,71,13,124" hai1="92,39,20,50,15,47,48,7,130,77,25,79,83" hai2="85,29,31,107,43,3,2,128,129,22,60,5,27" hai3="99,33,104,55,131,81,87,121,115,12,118,41,6"/><V19/><F107/><W91/><G33/><T89/><D123/><U30/><E130/><N who="2" m="50283" /><F43/><W70/><G70/><T75/><D124/><U54/><E39/><V120/><F120/><W35/><G35/><T74/><D71/><U0/><E0/><N who="2" m="43" /><F60/><W112/><G41/><T26/><D106/><U63/><E63/><V126/><F126/><W34/><G131/><T11/><D119/><U113/><E113/><V96/><F96/><W95/><G118/><T24/><D32/><U46/><E83/><V93/><F5/><W42/><G42/><T76/><D75/><U134/><E134/><V116/><F116/><W28/><G104/><T78/><D74/><U97/><E15/><V125/><F125/><W17/><G6/><T36/><D80/><U100/><E7/><V67/><F67/><W117/><G117/><T44/><D13/><U133/><E133/><V51/><F51/><W45/><G121/><T49/><D49/><U53/><AGARI ba="0,0" hai="20,25,30,46,47,48,50,53,54,77,79,92,97,100" machi="53" ten="20,12000,2" yaku="0,1,7,1,9,1,8,1,52,2" doraHai="72" who="1" fromWho="1" sc="277,-30,211,120,230,-60,282,-30" /><INIT seed="3,0,0,4,2,117" ten="247,331,170,252" oya="3" hai0="49,133,22,31,116,109,18,23,91,65,95,107,111" hai1="34,56,25,33,129,84,55,9,60,118,38,130,47" hai2="7,79,57,11,15,62,35,99,53,20,103,100,97" hai3="85,89,74,78,48,83,64,24,41,126,0,92,113"/><W30/><G126/><T114/><D116/><U72/><E72/><V80/><F35/><W96/><G113/><T1/><D107/><U61/><E118/><V63/><F20/><W98/><G0/><T86/><D133/><U101/><E101/><V127/><F127/><W128/><G128/><N who="1" m="49258" /><E25/><V112/><F112/><W125/><G125/><T44/><D1/><U5/><E84/><V32/><F32/><W28/><G64/><T39/><D65/><U108/><E108/><V8/><F8/><W90/><G24/><T69/><D31/><U27/><E61/><V76/><F80/><W42/><G74/><T115/><D86/><U77/><E77/><V6/><F6/><W124/><G124/><T88/><D114/><U131/><E27/><V81/><F81/><W73/><G73/><T54/><D115/><U123/><E123/><V10/><F10/><W45/><G42/><T110/><D110/><U21/><E21/><V120/><F63/><W2/><G2/><T82/><D23/><U122/><E122/><V75/><F75/><W4/><G4/><T26/><D82/><U106/><E106/><V13/><F13/><W134/><G134/><T43/><D69/><U105/><E105/><V58/><F120/><W17/><G17/><T52/><D39/><U16/><E33/><V66/><F99/><W104/><G104/><T93/><D109/><U87/><E131/><V50/><REACH who="2" step="1"/><F103/><REACH who="2" ten="247,331,160,252" step="2"/><N who="3" m="60807" /><G98/><N who="0" m="57639" /><D111/><U3/><E34/><V14/><F14/><W12/><G12/><T36/><D22/><U132/><E3/><V67/><F67/><W71/><G83/><T70/><D26/><RYUUKYOKU ba="0,1" sc="247,-10,331,-10,160,30,252,-10" hai2="7,11,15,50,53,57,58,62,66,76,79,97,100" owari="237,-16.3,331,43.1,190,-31.0,242,4.2" /></mjloggm>