<mjloggm ver="2.3"><GO type="225" lobby="0"/><UN n0="%E3%80%90%E3%83%88%E3%83%AA%E3%83%A5%E3%83%95%E3%80%91" n1="%E6%81%A5%E6%99%92%E3%81%97" n2="%E7%89%B9%E6%9D%B1%E5%96%B0%E8%B5%A4%E9%80%9F" n3="%33%74%72%65%65" dan="16,16,16,16" rate="2121.73,2131.46,2026.23,2139.99" sx="M,M,M,F"/><TAIKYOKU oya="0"/><INIT seed="0,0,0,4,3,120" ten="250,250,250,250" oya="0" hai0="39,135,126,130,85,115,4,109,98,63,55,27,72" hai1="66,77,56,94,80,105,107,65,134,84,52,45,42" hai2="64,82,57,114,8,53,26,25,132,2,73,6,92" hai3="36,50,49,71,93,108,47,117,91,70,18,54,112"/><T46/><D85/><U121/><E121/><V32/><F114/><W38/><G112/><T1/><D27/><U60/><E134/><V23/><F132/><W51/><G117/><T110/><D98/><U16/><E94/><V89/><F64/><W100/><G100/><T68/><D135/><U59/><E59/><V95/><F32/><W83/><G83/><T127/><D72/><U75/><E75/><V5/><F6/><W131/><G18/><T128/><D115/><U106/><REACH who="1" step="1"/><E16/><REACH who="1" ten="250,240,250,250" step="2"/><V15/><F92/><W124/><G93/><T20/><D20/><U125/><E125/><N who="0" m="47625" /><D68/><U9/><E9/><V97/><F73/><W31/><G70/><T123/><D123/><U101/><E101/><V22/><F82/><W122/><G71/><T11/><D63/><U19/><E19/><V28/><F95/><W0/><G124/><T74/><D74/><U87/><E87/><V12/><F97/><W35/><G122/><T104/><D104/><U67/><E67/><V81/><F81/><W29/><G35/><T96/><D96/><U116/><E116/><V7/><F57/><W113/><G113/><T129/><D55/><U90/><E90/><V88/><F53/><W133/><G91/><T17/><D17/><U69/><E69/><V33/><F88/><W99/><G99/><T103/><D103/><U61/><E61/><V86/><F89/><W111/><G133/><T58/><D58/><U119/><E119/><V24/><F86/><W41/><G54/><T76/><D76/><U118/><E118/><V40/><F33/><W48/><N who="3" m="12288" /><DORA hai="13" /><W102/><G102/><RYUUKYOKU ba="0,1" sc="250,15,240,15,250,-15,250,-15" hai0="1,4,11,39,46,109,110,128,129,130" hai1="42,45,52,56,60,65,66,77,80,84,105,106,107" /><INIT seed="0,1,1,1,0,21" ten="265,255,235,235" oya="0" hai0="85,65,20,55,12,64,105,36,102,72,18,43,79" hai1="51,75,41,6,68,76,116,19,0,91,126,13,94" hai2="74,130,17,42,66,120,127,9,117,23,1,115,100" hai3="119,35,73,113,133,110,71,46,14,28,129,60,125"/><T48/><D72/><U45/><E116/><V103/><F120/><W123/><G46/><T112/><D36/><U24/><E126/><V63/><F115/><W11/><G60/><T58/><D112/><U7/><E68/><V89/><F74/><W32/><G14/><T124/><D124/><U54/><E0/><V49/><F127/><W5/><G11/><T78/><D105/><U96/><E75/><V122/><F122/><W52/><G52/><T53/><D43/><U29/><E76/><N who="0" m="29225" /><D102/><U38/><E19/><V15/><F130/><W98/><G98/><T93/><D55/><U109/><E109/><V37/><F37/><W114/><G114/><T4/><D4/><U82/><E13/><V83/><F117/><W69/><G5/><T97/><D97/><U30/><E82/><V25/><F1/><W40/><G40/><T95/><D95/><U59/><REACH who="1" step="1"/><E30/><REACH who="1" ten="265,245,235,235" step="2"/><V10/><F83/><W31/><G28/><T2/><D2/><U34/><AGARI ba="1,2" hai="6,7,24,29,34,38,41,45,51,54,59,91,94,96" machi="34" ten="20,8000,1" yaku="1,1,2,1,0,1,7,1,52,1,53,0" doraHai="21" doraHaiUra="118" who="1" fromWho="1" sc="265,-41,245,103,235,-21,235,-21" /><INIT seed="1,0,0,1,3,65" ten="224,348,214,214" oya="1" hai0="50,23,32,16,90,127,66,30,46,61,83,128,82" hai1="31,110,60,63,117,134,51,96,49,100,67,126,5" hai2="119,120,102,55,98,97,121,29,131,130,2,107,123" hai3="62,42,56,101,12,11,118,106,54,74,103,48,87"/><U3/><E117/><V6/><F29/><W34/><G74/><T13/><D128/><N who="2" m="49194" /><F55/><W132/><G118/><T112/><D127/><U45/><E134/><V64/><F119/><W94/><G132/><T40/><D112/><U77/><E77/><V135/><F135/><W76/><G34/><T4/><D4/><U25/><E126/><V68/><F97/><W78/><G106/><T71/><REACH who="0" step="1"/><D90/><REACH who="0" ten="214,348,214,214" step="2"/><U14/><E5/><V26/><F26/><AGARI ba="0,1" hai="13,16,23,26,30,32,40,46,50,61,66,71,82,83" machi="26" ten="40,8000,1" yaku="1,1,2,1,52,1,54,1,53,0" doraHai="65" doraHaiUra="70" who="0" fromWho="2" sc="214,90,348,0,214,-80,214,0" /><INIT seed="2,0,0,0,4,34" ten="304,348,134,214" oya="2" hai0="2,55,131,67,22,23,115,87,71,128,118,40,121" hai1="75,60,129,110,9,91,103,41,125,13,84,70,35" hai2="20,47,108,56,37,106,19,77,119,126,78,76,93" hai3="30,48,105,117,68,44,61,79,90,73,86,65,33"/><V69/><F119/><W112/><G117/><T114/><D40/><U111/><E75/><V27/><F106/><W122/><G122/><T127/><D121/><U64/><E125/><V59/><F69/><W16/><G105/><T102/><D127/><U52/><E129/><N who="0" m="49737" /><D118/><U25/><E41/><V43/><F126/><W3/><G3/><T32/><D32/><U124/><E103/><V94/><REACH who="2" step="1"/><F108/><REACH who="2" ten="304,348,124,214" step="2"/><W4/><G112/><T46/><D115/><U88/><E124/><V17/><F17/><W29/><G16/><T134/><D114/><U89/><E110/><V42/><F42/><W109/><G109/><T45/><D71/><U1/><E111/><V85/><F85/><W6/><G30/><T83/><D87/><U133/><E84/><V63/><F63/><W15/><G29/><T74/><D74/><U54/><E70/><V7/><F7/><W28/><G6/><T135/><D135/><U100/><E133/><V38/><F38/><W8/><G28/><T104/><D104/><U99/><E60/><V130/><F130/><W82/><G73/><T66/><D134/><U113/><E113/><V10/><F10/><W96/><G61/><T36/><D36/><U120/><E9/><V132/><F132/><W49/><G68/><T12/><D23/><U98/><E120/><V51/><F51/><W53/><G49/><T107/><D22/><U81/><E35/><V101/><F101/><W11/><G33/><T14/><D102/><U95/><E100/><V116/><F116/><W50/><G11/><T62/><D62/><U0/><E99/><V26/><F26/><RYUUKYOKU ba="0,1" sc="304,-10,348,-10,124,30,214,-10" hai2="19,20,27,37,43,47,56,59,76,77,78,93,94" /><INIT seed="2,1,1,1,0,18" ten="294,338,154,204" oya="2" hai0="94,67,83,69,74,132,63,114,35,36,40,116,30" hai1="108,26,100,41,42,60,70,88,98,17,84,50,81" hai2="111,129,120,47,135,32,9,33,106,113,25,61,99" hai3="11,59,117,19,29,96,118,128,58,85,21,38,82"/><V46/><F120/><W130/><G38/><T64/><D114/><U48/><E108/><V3/><F113/><W72/><G72/><T103/><D67/><U62/><E70/><V10/><F129/><N who="3" m="49771" /><G11/><T112/><D112/><U79/><E100/><V20/><F135/><W78/><G29/><T4/><D4/><U97/><E17/><V123/><F123/><W56/><G96/><N who="1" m="36970" /><E26/><AGARI ba="1,1" hai="19,21,26,56,58,59,78,82,85,117,118" m="49771" machi="26" ten="30,2000,0" yaku="19,1,52,1" doraHai="18" who="3" fromWho="1" sc="294,0,338,-23,154,0,204,33" /><INIT seed="3,0,0,1,1,125" ten="294,315,154,237" oya="3" hai0="43,98,114,6,81,71,132,113,5,22,36,54,20" hai1="101,19,100,88,89,120,78,56,75,58,86,67,103" hai2="29,105,26,80,23,111,107,128,126,124,3,65,66" hai3="49,116,10,97,83,35,96,135,53,52,4,42,82"/><W1/><G116/><T11/><D71/><U63/><E120/><V69/><F80/><W33/><G135/><T24/><D132/><U12/><E75/><V68/><F3/><W122/><G122/><T21/><D98/><U7/><E7/><V74/><F74/><W70/><G70/><N who="2" m="27241" /><F23/><N who="0" m="8778" /><D54/><U79/><E58/><V40/><F40/><W30/><G42/><T59/><D59/><U2/><E2/><V109/><F26/><W95/><G53/><T39/><D81/><N who="1" m="49231" /><E89/><V64/><F29/><W76/><G30/><T8/><D43/><U90/><E90/><V131/><F105/><W99/><G95/><T117/><D39/><U134/><E134/><V108/><F107/><W15/><G1/><N who="0" m="47" /><D36/><U115/><E115/><V121/><F121/><W118/><G118/><T127/><D117/><U13/><E19/><V18/><F18/><W57/><G83/><T0/><D127/><AGARI ba="0,0" hai="64,65,66,108,109,111,124,126,127,128,131" m="27241" machi="127" ten="50,16000,3" yaku="28,2,14,1,18,1,34,2,52,2" doraHai="125" who="2" fromWho="0" sc="294,-160,315,0,154,160,237,0" owari="134,-36.6,315,41.5,314,11.4,237,-16.3" /></mjloggm>