<mjloggm ver="2.3"><GO type="225" lobby="0"/><UN n0="%73%69%67%65%6E%6F%72%69" n1="%E5%91%A8%E6%9D%B1" n2="%E6%81%A5%E6%99%92%E3%81%97" n3="%E3%82%A4%E3%83%BC%E3%82%B1%E3%83%97%E3%83%A9" dan="18,17,16,16" rate="2241.96,2157.84,2104.59,2167.61" sx="M,M,M,M"/><TAIKYOKU oya="0"/><INIT seed="0,0,0,1,5,97" ten="250,250,250,250" oya="0" hai0="84,24,90,87,27,98,26,60,72,43,116,77,65" hai1="56,11,89,38,58,35,105,41,40,45,94,132,30" hai2="134,76,83,13,102,64,2,86,103,91,14,78,21" hai3="115,44,79,36,80,66,130,10,49,29,42,55,110"/><T33/><D116/><U15/><E132/><V57/><F134/><W34/><G115/><T119/><D119/><U113/><E113/><V85/><F2/><W3/><G110/><T63/><D72/><U47/><E105/><V88/><F64/><W92/><G130/><T131/><D131/><U121/><E121/><V101/><F57/><W133/><G133/><T108/><D108/><U93/><E30/><V12/><F21/><W74/><G66/><T99/><D33/><U123/><E35/><V18/><F18/><W67/><G67/><T51/><D77/><U135/><E93/><AGARI ba="0,0" hai="12,13,14,76,78,83,85,86,88,91,93,101,102,103" machi="93" ten="40,8000,1" yaku="8,1,52,3,54,1" doraHai="97" who="2" fromWho="1" sc="250,0,250,-80,250,80,250,0" /><INIT seed="1,0,0,3,2,19" ten="250,170,330,250" oya="1" hai0="83,117,85,88,118,50,64,57,128,44,66,25,7" hai1="71,42,49,110,126,99,93,41,18,52,38,96,127" hai2="105,28,107,108,20,32,61,124,16,92,94,90,29" hai3="132,120,86,115,0,37,60,39,81,97,68,59,125"/><U12/><E71/><V78/><F108/><W6/><G68/><T116/><D128/><U21/><E110/><V104/><F124/><N who="1" m="47657" /><E38/><V84/><F32/><W53/><G125/><T102/><D7/><U65/><E65/><V14/><F78/><W80/><G115/><T4/><D4/><U111/><E111/><V34/><F34/><W15/><G0/><T8/><D8/><U9/><E9/><V55/><REACH who="2" step="1"/><F94/><REACH who="2" ten="250,170,320,250" step="2"/><W10/><G120/><T89/><D117/><U87/><E87/><V129/><F129/><W91/><G132/><T33/><D118/><U98/><E93/><V114/><F114/><W67/><G81/><T123/><D116/><U5/><E5/><V63/><F63/><W56/><REACH who="3" step="1"/><G97/><REACH who="3" ten="250,170,320,240" step="2"/><T79/><D123/><U17/><E17/><V69/><F69/><W109/><G109/><T119/><D119/><U62/><E62/><AGARI ba="0,2" hai="6,10,15,37,39,53,56,59,60,62,67,80,86,91" machi="62" ten="30,2000,0" yaku="1,1,7,1,53,0" doraHai="19" doraHaiUra="13" who="3" fromWho="1" sc="250,0,170,-20,320,0,240,40" /><INIT seed="2,0,0,5,1,135" ten="250,150,320,280" oya="2" hai0="54,110,29,134,99,5,78,3,36,28,94,123,52" hai1="62,97,8,132,23,120,90,100,12,108,33,69,16" hai2="95,6,117,40,64,45,67,37,112,10,72,79,101" hai3="124,60,91,39,25,13,42,75,41,81,26,11,74"/><V87/><F112/><W32/><G39/><T56/><D123/><U131/><E132/><V118/><F64/><W113/><G113/><T34/><D134/><U63/><E33/><V49/><F67/><W85/><G60/><T46/><D110/><U58/><E108/><V130/><F130/><W53/><G53/><T50/><D78/><U133/><E133/><V98/><F87/><W126/><G42/><T92/><D34/><U30/><E131/><V102/><F102/><W115/><G41/><T71/><D71/><U82/><E120/><V105/><F95/><W21/><G32/><T116/><D116/><U22/><E69/><V84/><F84/><W89/><G91/><T111/><D111/><U35/><E35/><V55/><F49/><W76/><G115/><T4/><D36/><U88/><E82/><N who="2" m="45415" /><F55/><W107/><G107/><T65/><D65/><N who="1" m="39127" /><E63/><V129/><F129/><W70/><G70/><T93/><D99/><U48/><E48/><V109/><F109/><W27/><G21/><N who="1" m="7690" /><E30/><N who="0" m="11881" /><D3/><AGARI ba="0,0" hai="3,6,10,37,40,45,98,101,105,117,118" m="45415" machi="3" ten="30,2900,0" yaku="25,1,23,1" doraHai="135" who="2" fromWho="0" sc="250,-29,150,0,320,29,280,0" /><INIT seed="2,1,0,2,0,76" ten="221,150,349,280" oya="2" hai0="92,21,44,74,77,123,39,128,125,50,33,87,36" hai1="49,132,79,18,29,46,82,130,103,45,119,135,72" hai2="109,129,100,7,10,81,58,99,127,6,101,26,66" hai3="108,3,89,38,122,34,97,134,27,106,12,43,75"/><V131/><F127/><W30/><G122/><T28/><D33/><U78/><E119/><V56/><F26/><W120/><G3/><T98/><D123/><U19/><E29/><V91/><F109/><W53/><G120/><T14/><D74/><U37/><E103/><V112/><F112/><W24/><G75/><T16/><D125/><U42/><E79/><V105/><F101/><W63/><G108/><T35/><D128/><N who="2" m="49226" /><F66/><W94/><G106/><T133/><D133/><U1/><E1/><N who="2" m="335" /><F7/><W85/><G134/><N who="1" m="51242" /><E130/><V67/><F67/><W68/><G27/><T90/><D35/><U113/><E113/><V70/><F70/><W64/><G12/><T96/><D28/><U124/><E124/><V41/><F41/><AGARI ba="1,0" hai="18,19,37,41,42,45,46,49,72,78,82" m="51242" machi="41" ten="30,2000,0" yaku="20,1,52,1" doraHai="76" who="1" fromWho="2" sc="221,0,150,23,349,-23,280,0" /><INIT seed="3,0,0,4,2,8" ten="221,173,326,280" oya="3" hai0="102,99,62,111,76,124,34,54,127,21,53,89,125" hai1="39,83,33,106,88,87,58,6,112,64,70,75,86" hai2="94,68,55,7,61,110,135,132,28,74,17,63,90" hai3="11,60,13,9,101,45,48,35,66,41,25,44,4"/><W42/><G35/><T20/><D34/><U23/><E112/><V31/><F110/><W92/><G25/><T73/><D111/><U15/><E75/><V10/><F17/><W84/><G11/><T98/><D76/><U107/><E33/><V12/><F74/><W82/><G92/><N who="0" m="56591" /><D73/><U72/><E72/><V51/><F68/><W117/><G101/><T27/><D62/><N who="2" m="23562" /><F132/><W85/><G117/><T19/><D21/><U16/><E39/><V130/><F130/><W0/><G0/><T47/><D47/><U2/><E70/><V52/><F55/><W122/><G122/><T1/><D1/><U32/><E32/><V26/><F26/><W49/><G82/><T100/><D100/><U38/><E38/><V40/><F40/><W131/><G131/><T29/><D29/><U24/><E2/><V37/><F37/><W123/><G123/><T3/><D3/><U81/><E64/><V120/><F135/><W97/><G97/><T105/><AGARI ba="0,0" hai="19,20,27,53,54,99,102,105,124,125,127" m="56591" machi="105" ten="30,1100,0" yaku="18,1" doraHai="8" who="0" fromWho="0" sc="221,11,173,-3,326,-3,280,-5" owari="232,-16.8,170,-33.0,323,42.3,275,7.5" /></mjloggm>