<mjloggm ver="2.3"><GO type="225" lobby="0"/><UN n0="%E5%B0%8F%E9%B3%A5%E9%81%8A%E7%B7%B4%E7%84%A1%32%31%E6%AD%B3" n1="%E7%99%BD%E5%80%89%E5%AF%9B%E4%B9%8B" n2="%79%75%72%69%6D%6F%67" n3="%E3%81%BF%E3%81%BF%E3%81%9A" dan="16,16,16,18" rate="2197.83,2114.36,2141.31,2200.57" sx="F,M,F,M"/><TAIKYOKU oya="0"/><INIT seed="0,0,0,5,5,19" ten="250,250,250,250" oya="0" hai0="90,54,42,59,48,9,124,66,125,73,119,80,81" hai1="55,50,47,23,107,22,97,74,70,58,93,27,130" hai2="131,3,63,100,65,46,61,129,8,78,30,31,103" hai3="57,122,135,51,104,113,83,127,134,52,120,101,28"/><T37/><D119/><U67/><E74/><V33/><F78/><W132/><G113/><T115/><D115/><U116/><E116/><V112/><F112/><W25/><G127/><N who="0" m="48715" /><D66/><U17/><E130/><N who="2" m="49675" /><F33/><W95/><G83/><T69/><D69/><U41/><E107/><V87/><F46/><W114/><G114/><T82/><D73/><U39/><E70/><V60/><F87/><W88/><G101/><N who="2" m="38985" /><F65/><W94/><G104/><T99/><D9/><U133/><E133/><V5/><AGARI ba="0,0" hai="3,5,8,30,31,60,61,63" m="38985,49675" machi="5" ten="40,1500,0" yaku="19,1" doraHai="19" who="2" fromWho="2" sc="250,-7,250,-4,250,15,250,-4" /><INIT seed="1,0,0,4,5,61" ten="243,246,265,246" oya="1" hai0="109,12,48,103,113,7,115,91,17,1,99,118,38" hai1="122,20,96,53,106,6,59,135,36,98,101,62,65" hai2="10,75,15,56,123,24,64,121,11,5,40,131,26" hai3="120,87,41,133,8,72,32,92,25,116,45,9,67"/><U127/><E36/><V125/><F75/><W74/><G120/><T90/><D38/><U69/><E122/><V34/><F125/><W76/><G133/><T0/><D118/><U29/><E135/><V114/><F131/><W13/><G116/><T27/><D109/><U80/><E127/><V66/><F34/><W97/><G8/><T28/><D48/><U30/><E6/><V112/><F56/><W4/><G67/><N who="2" m="25641" /><F40/><W46/><G46/><T82/><D82/><U81/><E96/><V63/><F63/><W84/><G25/><N who="2" m="9833" /><F11/><W94/><G32/><T132/><D132/><U134/><E134/><V130/><F130/><W85/><G72/><T79/><D0/><U37/><E37/><V22/><F22/><W71/><G71/><T50/><D1/><U51/><REACH who="1" step="1"/><E20/><REACH who="1" ten="243,236,265,246" step="2"/><V105/><F105/><W124/><G124/><T73/><D115/><AGARI ba="0,1" hai="5,10,15,112,114,115,121,123" m="9833,25641" machi="115" ten="30,7700,0" yaku="11,1,52,3" doraHai="61" who="2" fromWho="0" sc="243,-77,236,0,265,87,246,0" /><INIT seed="2,0,0,5,2,78" ten="166,236,352,246" oya="2" hai0="17,86,100,13,71,32,6,55,8,69,103,53,99" hai1="127,107,80,114,42,117,73,79,0,52,105,134,109" hai2="115,48,45,87,85,35,36,90,113,44,88,18,68" hai3="132,57,64,54,26,20,75,24,65,94,58,77,112"/><V39/><F35/><W92/><G132/><T91/><D32/><U126/><E0/><V11/><F68/><W4/><G112/><T43/><D43/><U1/><E1/><V10/><F48/><W25/><G75/><T22/><D71/><U28/><E42/><V123/><REACH who="2" step="1"/><F18/><REACH who="2" ten="166,236,342,246" step="2"/><W30/><G30/><T116/><D69/><U81/><E28/><V56/><F56/><W19/><G58/><T98/><D116/><U62/><E117/><V66/><F66/><W97/><G65/><T9/><D17/><U110/><E114/><V31/><F31/><W135/><G64/><T95/><D6/><U82/><E134/><V70/><F70/><W104/><G4/><T27/><D53/><U47/><E52/><V84/><F84/><W108/><G135/><T51/><D86/><U111/><E62/><V16/><F16/><W89/><G57/><T96/><D55/><U5/><E5/><V38/><F38/><W7/><G54/><T106/><D51/><U122/><E47/><V14/><F14/><W131/><G7/><T119/><D13/><U41/><E41/><V125/><F125/><N who="1" m="47625" /><E122/><AGARI ba="0,1" hai="10,11,36,39,44,45,85,87,88,90,113,115,122,123" machi="122" ten="25,18000,2" yaku="1,1,22,2,54,1,53,2" doraHai="78" doraHaiUra="83" who="2" fromWho="1" sc="166,0,236,-180,342,190,246,0" /><INIT seed="2,1,0,3,0,110" ten="166,56,532,246" oya="2" hai0="117,18,74,34,100,123,29,43,49,38,73,67,52" hai1="65,109,78,8,89,4,26,119,104,90,22,33,97" hai2="75,15,24,99,21,64,130,122,45,61,17,103,2" hai3="111,66,51,125,120,27,69,121,129,54,0,41,94"/><V105/><F130/><W85/><G0/><T46/><D123/><U16/><E119/><V20/><F75/><W80/><G41/><T68/><D100/><U11/><E109/><V1/><F45/><W98/><G111/><T62/><D18/><U86/><E33/><V48/><F48/><W6/><G6/><T87/><D117/><U76/><E65/><V12/><F12/><W58/><G129/><T35/><D87/><U102/><E11/><V115/><F115/><W39/><G39/><T40/><D40/><U91/><REACH who="1" step="1"/><E86/><REACH who="1" ten="166,46,532,246" step="2"/><V7/><F122/><W9/><G66/><T25/><REACH who="0" step="1"/><D35/><REACH who="0" ten="156,46,532,246" step="2"/><U57/><E57/><AGARI ba="1,2" hai="25,29,34,38,43,46,49,52,57,62,67,68,73,74" machi="57" ten="30,16000,3" yaku="1,1,2,1,7,1,24,2,54,1,53,2" doraHai="110" doraHaiUra="107" who="0" fromWho="1" sc="156,183,46,-163,532,0,246,0" owari="339,13.9,-117,-61.7,532,63.2,246,-15.4" /></mjloggm>