<mjloggm ver="2.3"><GO type="225" lobby="0"/><UN n0="%E4%BF%BA%E3%81%A8%E5%A6%96%E5%A4%A2" n1="%E3%81%82%E3%81%99%E3%81%AA%E3%82%8D%E3%83%A9%E3%82%A4%E3%83%80%E3%83%BC" n2="%E3%83%81%E3%83%83%E3%82%BF%E3%82%BD%E3%83%BC" n3="%E7%9A%AE%E3%80%85" dan="16,16,16,16" rate="2132.81,2154.90,2132.28,2080.81" sx="F,M,F,F"/><TAIKYOKU oya="0"/><INIT seed="0,0,0,3,5,82" ten="250,250,250,250" oya="0" hai0="7,64,0,72,13,94,62,56,101,4,69,100,34" hai1="123,124,104,75,106,132,120,68,108,117,112,33,50" hai2="46,73,9,133,97,8,121,111,60,26,118,71,95" hai3="32,131,70,81,6,86,10,65,122,89,80,110,21"/><T130/><D72/><U14/><E50/><V5/><F121/><W125/><G110/><T126/><D0/><U37/><E14/><V87/><F111/><W42/><G122/><T88/><D34/><U92/><E92/><V1/><F73/><W48/><G131/><T98/><D130/><U90/><E90/><V57/><F133/><W23/><G32/><T78/><D126/><U66/><E66/><V3/><F118/><W76/><G125/><T83/><D69/><U44/><E44/><V55/><F71/><W15/><G65/><T109/><D109/><U38/><E106/><V27/><F46/><N who="3" m="25687" /><G70/><T43/><D43/><U67/><E67/><V119/><F119/><W24/><G24/><T59/><D59/><U36/><E38/><V17/><F17/><W28/><G28/><T40/><D40/><U105/><E37/><V115/><F115/><W12/><G12/><T113/><D113/><U85/><E85/><AGARI ba="0,0" hai="6,10,15,21,23,76,80,81,85,86,89" m="25687" machi="85" ten="30,7700,0" yaku="25,1,8,1,52,2" doraHai="82" who="3" fromWho="1" sc="250,0,250,-77,250,0,250,77" /><INIT seed="1,0,0,2,0,39" ten="250,173,250,327" oya="1" hai0="61,34,127,10,68,107,28,80,123,105,35,99,7" hai1="103,125,113,118,79,16,133,114,25,81,56,46,112" hai2="93,24,116,30,50,73,22,1,119,87,129,65,52" hai3="69,26,6,90,54,131,70,17,51,55,98,100,117"/><U19/><E118/><V14/><F129/><W11/><G131/><T135/><D135/><U63/><E133/><V77/><F1/><W88/><G117/><T97/><D80/><U43/><E125/><V91/><F65/><W3/><G69/><T94/><D127/><U60/><E103/><V74/><F14/><W2/><G2/><T78/><D78/><U101/><E101/><V71/><F71/><W130/><G70/><T66/><D123/><U102/><E102/><V47/><F73/><W67/><G67/><T57/><D68/><U9/><E25/><V128/><F128/><W132/><G55/><T33/><D28/><U36/><E9/><V37/><F74/><W5/><G130/><T75/><D75/><U12/><E12/><V18/><F77/><W40/><G132/><T109/><D109/><U62/><REACH who="1" step="1"/><E56/><REACH who="1" ten="250,163,250,327" step="2"/><V64/><F116/><W95/><G26/><T134/><D134/><U82/><E82/><V38/><F119/><W44/><G11/><T21/><D10/><U32/><E32/><V72/><F30/><W111/><G3/><T106/><D21/><U108/><E108/><V96/><F24/><W104/><G111/><T92/><D7/><U86/><AGARI ba="0,1" hai="16,19,36,43,46,60,62,63,79,81,86,112,113,114" machi="86" ten="40,12000,1" yaku="1,1,0,1,52,1,54,1,53,0" doraHai="39" doraHaiUra="31" who="1" fromWho="1" sc="250,-40,163,130,250,-40,327,-40" /><INIT seed="1,1,0,0,0,3" ten="210,293,210,287" oya="1" hai0="5,6,59,50,43,13,129,54,48,95,116,112,110" hai1="14,125,91,42,46,58,77,28,89,119,25,33,18" hai2="73,37,131,56,100,121,75,83,27,21,107,104,47" hai3="76,128,98,65,49,120,64,86,99,55,11,53,20"/><U67/><E119/><V109/><F109/><W15/><G120/><T52/><D116/><U17/><E125/><V24/><F56/><W69/><G128/><T60/><D112/><U108/><E108/><V105/><F131/><W118/><G118/><T26/><D129/><U16/><E77/><V39/><F100/><W71/><G20/><T90/><D110/><U114/><E114/><V92/><F92/><W106/><G106/><T126/><D126/><U78/><E78/><V1/><F121/><W127/><G127/><T31/><D13/><U61/><REACH who="1" step="1"/><E14/><REACH who="1" ten="210,283,210,287" step="2"/><V111/><F111/><W113/><G113/><T36/><D36/><AGARI ba="1,1" hai="16,17,18,25,28,33,36,42,46,58,61,67,89,91" machi="36" ten="40,12000,1" yaku="1,1,2,1,54,1,53,1" doraHai="3" doraHaiUra="63" who="1" fromWho="0" sc="210,-123,283,133,210,0,287,0" /><INIT seed="1,2,0,3,1,47" ten="87,416,210,287" oya="1" hai0="29,85,120,70,40,25,66,28,73,82,124,107,27" hai1="114,93,5,121,4,31,49,86,101,104,119,12,8" hai2="53,63,130,58,3,39,21,60,17,89,115,68,14" hai3="11,87,96,32,20,135,99,98,38,133,95,88,117"/><U61/><E114/><V112/><F130/><W15/><G32/><T71/><D73/><U132/><E119/><V65/><F3/><W92/><G38/><T105/><D40/><U59/><E121/><V128/><F128/><W122/><G122/><T116/><D120/><U16/><E132/><N who="3" m="50762" /><G20/><T1/><D1/><U127/><E127/><V19/><F39/><W75/><G15/><T108/><D124/><U51/><E31/><N who="0" m="11849" /><D85/><U41/><E104/><N who="0" m="40009" /><D82/><U123/><E123/><V76/><F76/><W44/><G44/><T62/><D62/><U57/><E41/><V125/><F125/><W100/><G11/><T37/><D37/><U129/><E129/><V34/><F34/><W67/><G67/><T103/><D103/><U54/><E59/><V131/><F131/><W109/><G109/><T134/><D66/><U126/><E126/><V74/><F74/><W78/><G117/><T69/><D134/><U110/><E110/><V0/><F0/><W90/><G100/><T50/><D108/><U2/><E5/><V81/><F19/><W118/><G118/><T23/><D23/><U97/><E86/><V24/><F14/><W6/><G6/><T79/><D116/><U94/><E93/><N who="3" m="35914" /><G75/><T72/><D72/><U43/><E43/><V113/><F81/><AGARI ba="2,0" hai="78,81,87,88,90,96,98,99" m="35914,50762" machi="81" ten="40,8000,1" yaku="20,1,34,2,54,1" doraHai="47" who="3" fromWho="2" sc="87,0,416,0,210,-86,287,86" /><INIT seed="2,0,0,5,1,112" ten="87,416,124,373" oya="2" hai0="30,41,72,127,1,115,5,45,59,88,35,134,66" hai1="108,50,28,7,95,83,86,48,8,85,133,61,79" hai2="107,46,55,80,98,62,67,63,36,114,77,100,113" hai3="131,91,4,34,120,104,49,116,82,47,123,92,96"/><V73/><F55/><W111/><G34/><T84/><D115/><U14/><E108/><V40/><REACH who="2" step="1"/><F62/><REACH who="2" ten="87,416,114,373" step="2"/><W71/><G111/><T76/><D66/><U3/><E61/><V32/><F32/><W81/><G123/><T94/><D35/><U13/><E133/><V90/><F90/><W101/><G120/><T132/><D132/><U16/><E28/><V110/><F110/><W21/><G91/><T43/><D30/><U121/><E121/><V135/><F135/><W12/><G131/><T29/><D134/><U60/><E60/><V93/><F93/><W75/><G92/><T124/><D29/><U102/><E102/><V65/><F65/><W126/><G101/><T20/><D43/><U74/><E95/><V119/><F119/><W125/><G116/><T56/><D124/><U10/><E3/><V39/><F39/><W52/><G125/><T38/><D127/><U42/><E48/><V19/><F19/><W117/><G117/><T130/><D130/><U70/><E42/><V24/><F24/><W15/><G126/><T89/><D89/><U58/><E50/><V64/><F64/><W78/><G49/><T87/><D88/><U44/><E16/><V103/><F103/><W97/><G52/><T22/><D94/><U0/><E0/><V23/><F23/><W109/><G21/><T18/><D22/><U129/><E129/><V122/><F122/><W11/><G109/><T6/><D20/><U99/><E10/><V31/><F31/><W33/><G11/><T105/><D18/><U54/><E8/><V68/><AGARI ba="0,1" hai="36,40,46,63,67,68,73,77,80,98,100,107,113,114" machi="68" ten="20,12000,1" yaku="1,1,0,1,7,1,23,2,53,0" doraHai="112" doraHaiUra="17" who="2" fromWho="2" sc="87,-40,416,-40,114,130,373,-40" /><INIT seed="2,1,0,3,1,65" ten="47,376,244,333" oya="2" hai0="66,81,24,104,72,52,80,123,90,71,46,111,102" hai1="9,13,59,57,83,37,38,6,55,115,29,110,105" hai2="15,109,17,53,4,43,86,63,14,76,91,7,22" hai3="16,106,51,99,131,3,47,82,134,39,12,11,21"/><V26/><F109/><W62/><G134/><T35/><D123/><U33/><E115/><V89/><F43/><W73/><G131/><T122/><D111/><U125/><E110/><V114/><F114/><W54/><G62/><T75/><D122/><U34/><E125/><V129/><F129/><W88/><G39/><T116/><D116/><U92/><E105/><V84/><F76/><W64/><G64/><T5/><D5/><U79/><E59/><V70/><F7/><W48/><G48/><T28/><D80/><U101/><E37/><V32/><F32/><W107/><G73/><T113/><D113/><U97/><E38/><V74/><F74/><W69/><G69/><T8/><D8/><U40/><E29/><V67/><F53/><W27/><G3/><T108/><D90/><U45/><E45/><V68/><F4/><W87/><G99/><N who="0" m="61535" /><D81/><U130/><E40/><V58/><F15/><W61/><G61/><N who="0" m="40399" /><D108/><U56/><E56/><V10/><F89/><W119/><G119/><T95/><D95/><U118/><E130/><V127/><F127/><W20/><G20/><T77/><D77/><U96/><E96/><V103/><F103/><W98/><G98/><T120/><D120/><U44/><E44/><V132/><F132/><W23/><G23/><T121/><D121/><U41/><E41/><V94/><REACH who="2" step="1"/><F84/><REACH who="2" ten="47,376,234,333" step="2"/><W50/><G50/><AGARI ba="1,1" hai="24,28,35,46,50,52,72,75" m="40399,61535" machi="50" ten="30,3900,0" yaku="25,1,52,1,54,1" doraHai="65" who="0" fromWho="3" sc="47,52,376,0,234,0,333,-42" /><INIT seed="3,0,0,3,2,25" ten="99,376,234,291" oya="3" hai0="30,50,106,75,8,48,9,88,93,43,45,7,127" hai1="29,31,67,49,4,70,94,73,87,120,61,11,78" hai2="97,36,118,108,95,121,54,123,65,3,39,5,58" hai3="6,34,23,41,77,132,38,133,92,47,64,111,42"/><W84/><G34/><T16/><D106/><U125/><E120/><N who="2" m="46155" /><F108/><W28/><G64/><T52/><D75/><U18/><E18/><V74/><F74/><W98/><G111/><T15/><D127/><U76/><E125/><V68/><F118/><W90/><G6/><T66/><D66/><U53/><E73/><V27/><F65/><W59/><G59/><T85/><D8/><U86/><E86/><V56/><F68/><W17/><G42/><T128/><D128/><U2/><E78/><V96/><F27/><N who="3" m="16511" /><G17/><T10/><D10/><U131/><E131/><V135/><F135/><N who="3" m="51787" /><G77/><T102/><D102/><U101/><E101/><V22/><F22/><W55/><G55/><T13/><D13/><U26/><E26/><V114/><F114/><W105/><G105/><T33/><D33/><U20/><E20/><V51/><F58/><W104/><G104/><T12/><D12/><U60/><E60/><V110/><F110/><W79/><G79/><T112/><D112/><U35/><E35/><V103/><F5/><W63/><G63/><T46/><D7/><U14/><E2/><V99/><F3/><W62/><G62/><T57/><D57/><U37/><E37/><AGARI ba="0,0" hai="36,37,39,51,54,56,95,96,97,99,103" m="46155" machi="37" ten="30,1000,0" yaku="13,1" doraHai="25" who="2" fromWho="1" sc="99,0,376,-10,234,10,291,0" owari="99,-40.1,366,46.6,244,-15.6,291,9.1" /></mjloggm>