<mjloggm ver="2.3"><GO type="225" lobby="0"/><UN n0="%E4%B8%89%E5%88%86%E5%B0%8F%E5%83%A7" n1="%E3%81%AF%E3%82%88%E3%81%8A%E3%81%98%E3%81%95%E3%82%93" n2="%E3%81%BD%E3%81%A1%E3%81%9F%E3%81%93%E3%82%84" n3="%E6%98%93%E5%88%A9%E8%96%A9%E4%BC%AF" dan="16,17,17,17" rate="2069.66,2136.63,2252.69,2137.42" sx="M,M,M,F"/><TAIKYOKU oya="0"/><INIT seed="0,0,0,0,5,124" ten="250,250,250,250" oya="0" hai0="112,129,49,23,71,122,12,106,22,85,36,32,93" hai1="97,57,55,133,77,58,135,98,47,62,42,2,69" hai2="9,130,80,127,79,13,76,48,105,24,31,113,28" hai3="63,40,7,16,75,11,41,26,70,0,104,10,109"/><T99/><D36/><U5/><E69/><V84/><F127/><W83/><G104/><T44/><D32/><U114/><E114/><V89/><F113/><W27/><G109/><T39/><D39/><U134/><E77/><V117/><F105/><W120/><G120/><T54/><D112/><U119/><E119/><V102/><F102/><W68/><G75/><T126/><D122/><U46/><E5/><V123/><F117/><W110/><G83/><T111/><D71/><U61/><E2/><V37/><F37/><W45/><G41/><T92/><D106/><U96/><REACH who="1" step="1"/><E42/><REACH who="1" ten="250,240,250,250" step="2"/><V132/><F123/><W65/><G68/><T91/><D126/><U35/><E35/><V128/><F79/><W21/><G110/><T81/><D111/><U17/><E17/><V60/><F76/><W1/><G1/><T18/><D129/><N who="2" m="49770" /><F132/><W73/><G73/><T59/><D23/><U25/><E25/><V43/><F24/><W118/><G118/><T103/><REACH who="0" step="1"/><D81/><REACH who="0" ten="240,240,250,250" step="2"/><U50/><E50/><V3/><F48/><W94/><G21/><T34/><D34/><U51/><E51/><V78/><F80/><W72/><G27/><T74/><D74/><U4/><E4/><V86/><F60/><W64/><G63/><T107/><D107/><U87/><E87/><V95/><F84/><W53/><G72/><T116/><D116/><U66/><AGARI ba="0,2" hai="46,47,55,57,58,61,62,66,96,97,98,133,134,135" machi="66" ten="40,5200,0" yaku="1,1,0,1,20,1,53,0" doraHai="124" doraHaiUra="100" who="1" fromWho="1" sc="240,-26,240,72,250,-13,250,-13" /><INIT seed="1,0,0,0,0,26" ten="214,312,237,237" oya="1" hai0="116,135,42,35,106,125,96,30,56,107,36,66,114" hai1="102,94,103,14,32,12,78,24,43,118,99,76,59" hai2="3,5,49,41,50,25,2,83,67,73,22,0,113" hai3="121,10,68,93,57,31,64,38,86,117,123,95,87"/><U98/><E118/><V39/><F113/><W131/><G68/><T34/><D56/><U9/><E43/><V120/><F120/><W29/><G38/><T132/><D114/><U20/><E32/><V91/><F5/><W17/><G131/><T74/><D35/><U8/><E59/><V115/><F115/><W65/><G57/><T134/><D116/><U133/><E133/><V71/><F39/><W77/><G117/><T112/><D112/><U122/><E122/><V129/><F129/><W75/><G75/><T128/><D128/><U110/><E110/><V70/><F41/><W52/><G52/><T51/><D51/><U60/><E60/><V61/><F71/><W89/><G77/><T54/><D54/><U126/><E126/><V127/><F127/><W100/><G100/><N who="0" m="62727" /><D125/><U7/><E99/><V82/><F82/><W130/><G130/><T101/><D66/><N who="3" m="25705" /><G123/><T44/><D74/><U84/><E84/><N who="3" m="32298" /><G121/><T90/><D90/><U19/><REACH who="1" step="1"/><E103/><REACH who="1" ten="214,302,237,237" step="2"/><V33/><F70/><W11/><G89/><T104/><D101/><U13/><E13/><V48/><F61/><W4/><G4/><AGARI ba="0,1" hai="4,7,8,9,12,14,19,20,24,76,78,94,98,102" machi="4" ten="30,11600,0" yaku="1,1,7,1,9,1,8,1,53,0" doraHai="26" doraHaiUra="53" who="1" fromWho="3" sc="214,0,302,126,237,0,237,-116" /><INIT seed="1,1,0,3,2,8" ten="214,428,237,121" oya="1" hai0="78,50,0,31,15,115,109,3,62,1,83,127,81" hai1="75,99,70,97,37,24,38,87,120,63,85,73,117" hai2="54,10,133,59,46,55,134,60,128,36,30,45,43" hai3="86,27,44,130,101,16,67,84,47,112,124,89,74"/><U29/><E117/><V95/><F128/><W61/><G74/><T82/><D115/><U92/><E120/><V103/><F30/><W116/><G112/><T22/><D109/><U9/><E9/><V53/><F10/><W122/><G116/><T2/><D127/><U56/><E70/><V96/><REACH who="2" step="1"/><F46/><REACH who="2" ten="214,428,227,121" step="2"/><W111/><G130/><T119/><D119/><U88/><E29/><V118/><F118/><W6/><G124/><T110/><D110/><U131/><E131/><V51/><F51/><W135/><G111/><T41/><D31/><U14/><E37/><V33/><F33/><W64/><G122/><T32/><D32/><U4/><E38/><V66/><AGARI ba="1,1" hai="36,43,45,53,54,55,59,60,66,95,96,103,133,134" machi="66" ten="30,2000,0" yaku="1,1,0,1,53,0" doraHai="8" doraHaiUra="126" who="2" fromWho="2" sc="214,-6,428,-11,227,33,121,-6" /><INIT seed="2,0,0,3,5,12" ten="208,417,260,115" oya="2" hai0="38,51,98,96,80,17,95,40,53,134,105,50,119" hai1="57,66,121,78,120,132,117,88,16,34,15,73,61" hai2="48,42,106,30,100,11,131,110,86,43,87,101,2" hai3="65,60,67,135,79,122,99,23,14,46,8,83,10"/><V35/><F131/><W44/><G135/><T97/><D105/><U56/><E117/><V62/><F35/><W0/><G122/><N who="1" m="47210" /><E132/><V102/><F106/><W25/><G0/><T112/><D112/><U82/><E34/><V27/><F110/><W123/><G123/><T64/><D64/><U104/><E104/><V75/><F75/><W7/><G10/><T28/><D28/><U52/><E88/><V18/><F62/><W116/><G99/><T126/><D38/><U111/><E111/><V94/><F94/><W29/><G116/><T113/><D50/><U118/><E118/><V130/><F130/><W90/><G90/><T13/><D40/><U20/><E57/><V63/><F63/><W74/><REACH who="3" step="1"/><G67/><AGARI ba="0,0" hai="15,16,20,52,56,61,66,67,73,78,82" m="47210" machi="67" ten="30,7700,0" yaku="13,1,52,1,54,2" doraHai="12" who="1" fromWho="3" sc="208,0,417,77,260,0,115,-77" /><INIT seed="3,0,0,0,0,133" ten="208,494,260,38" oya="3" hai0="55,119,15,94,95,88,82,47,44,92,31,121,86" hai1="35,79,49,91,128,81,73,59,24,29,39,20,5" hai2="130,32,85,101,116,1,48,110,83,57,6,89,38" hai3="112,122,37,3,63,12,56,21,69,129,90,18,78"/><W65/><G112/><T118/><D121/><U117/><E39/><V46/><F116/><W131/><G122/><T124/><D124/><U14/><E117/><V52/><F110/><W67/><G37/><T132/><D132/><U19/><E128/><V66/><F130/><N who="3" m="49675" /><G3/><T108/><D108/><U68/><E68/><V28/><F101/><W84/><G78/><T100/><D31/><U80/><E5/><V111/><F111/><W97/><G97/><T27/><D27/><U72/><E91/><V34/><F28/><W106/><G106/><T127/><D127/><U104/><E104/><V45/><F66/><N who="3" m="39271" /><G69/><T113/><D113/><U36/><E36/><V70/><F70/><W102/><G102/><T16/><D119/><U107/><E107/><V54/><F38/><W96/><G96/><N who="0" m="59399" /><D118/><U33/><E35/><V114/><F114/><W99/><G99/><T135/><D135/><U93/><E93/><AGARI ba="0,0" hai="12,18,21,65,67,84,90,93" m="39271,49675" machi="93" ten="30,1500,0" yaku="19,1" doraHai="133" who="3" fromWho="1" sc="208,0,494,-15,260,0,38,15" /><INIT seed="3,1,0,4,1,88" ten="208,479,260,53" oya="3" hai0="106,10,76,3,24,101,126,134,38,58,79,37,17" hai1="72,69,74,41,18,103,9,43,115,130,118,19,36" hai2="85,57,14,44,28,50,61,123,53,99,13,63,82" hai3="64,119,117,25,21,51,125,70,108,91,35,39,23"/><W89/><G39/><T90/><D126/><U73/><E115/><V0/><F0/><W22/><G125/><T102/><D134/><U128/><E69/><V6/><F123/><W40/><G108/><T104/><D24/><U107/><E118/><V47/><F28/><W114/><G114/><T78/><D90/><U135/><E135/><V124/><F124/><W84/><G119/><T56/><D3/><U113/><E113/><V80/><F99/><W52/><G117/><T75/><D75/><U15/><E36/><V8/><F82/><W48/><G70/><T81/><D81/><U116/><E116/><V97/><F97/><W120/><G120/><T100/><D17/><U54/><E107/><V30/><F30/><W27/><G64/><T12/><D12/><U45/><E103/><V71/><F14/><W83/><G35/><T110/><D10/><U92/><E92/><V109/><F109/><W96/><G40/><T77/><D77/><U20/><E54/><V65/><F63/><W133/><G51/><T31/><D31/><U32/><E32/><V46/><F71/><W129/><G129/><N who="1" m="49770" /><E45/><V111/><F111/><W60/><G60/><T4/><D4/><U86/><E86/><V26/><F26/><AGARI ba="1,0" hai="9,15,18,19,20,26,41,43,72,73,74" m="49770" machi="26" ten="40,1300,0" yaku="19,1" doraHai="88" who="1" fromWho="2" sc="208,0,479,16,260,-16,53,0" owari="208,-19.2,495,59.5,244,4.4,53,-44.7" /></mjloggm>