<mjloggm ver="2.3"><GO type="225" lobby="0"/><UN n0="%E3%83%94%E3%83%B3%E3%82%B5%E3%83%AD%E5%BA%97%E5%93%A1" n1="%E5%91%A8%E6%9D%B1" n2="%E6%A1%9C%E8%8A%B1%E9%96%83%E3%80%85" n3="%E4%BF%BA%E3%81%A8%E5%A6%96%E5%A4%A2" dan="17,17,16,16" rate="2196.47,2124.52,2130.63,2102.75" sx="M,M,M,F"/><TAIKYOKU oya="0"/><INIT seed="0,0,0,3,1,118" ten="250,250,250,250" oya="0" hai0="42,107,36,77,31,35,69,88,47,101,5,79,126" hai1="93,19,28,43,34,55,7,66,105,65,50,60,24" hai2="86,124,115,85,53,63,20,29,68,89,30,17,25" hai3="103,78,11,10,132,123,23,21,15,121,22,91,52"/><T1/><D69/><U96/><E7/><V44/><F115/><W106/><G78/><T109/><D126/><U81/><E105/><V120/><F124/><W76/><G76/><T74/><D109/><U37/><E37/><V95/><F68/><W8/><G132/><T49/><D49/><U129/><E129/><V41/><F120/><N who="3" m="46155" /><G91/><T40/><D40/><U111/><E43/><V32/><F32/><W133/><G133/><T13/><D13/><U26/><E60/><V75/><F75/><W73/><G73/><T135/><D135/><U33/><E81/><V82/><F63/><W113/><G113/><T14/><D14/><U98/><E111/><V102/><F53/><W16/><G52/><T12/><D12/><U6/><E55/><V27/><F102/><W125/><G125/><T45/><D88/><U97/><E66/><V62/><F62/><W48/><G48/><T46/><D79/><U71/><E65/><V116/><F89/><W3/><G3/><T39/><D39/><U131/><E50/><V51/><F51/><W18/><G15/><T58/><D77/><U2/><E2/><V70/><F41/><W99/><AGARI ba="0,0" hai="8,10,11,16,18,21,22,23,99,103,106" m="46155" machi="99" ten="40,8000,1" yaku="13,1,52,3,54,1" doraHai="118" who="3" fromWho="3" sc="250,-40,250,-20,250,-20,250,80" /><INIT seed="1,0,0,5,3,71" ten="210,230,230,330" oya="1" hai0="104,40,86,79,91,36,73,98,68,124,17,82,49" hai1="53,72,16,70,24,67,126,5,7,56,61,32,101" hai2="120,20,50,66,9,107,47,94,132,127,35,83,44" hai3="125,21,102,52,31,110,117,39,109,85,57,76,130"/><U59/><E72/><V95/><F35/><W23/><G130/><T29/><D68/><U34/><E126/><V114/><F107/><W103/><G125/><T2/><D124/><U80/><E80/><V123/><F127/><W135/><G135/><T81/><D2/><U27/><E101/><V22/><F83/><N who="3" m="47335" /><G39/><T26/><D17/><U1/><E70/><V62/><F9/><W119/><G103/><T96/><D49/><U60/><E1/><V14/><F14/><W92/><G92/><T46/><REACH who="0" step="1"/><D104/><REACH who="0" ten="200,230,230,330" step="2"/><U8/><E16/><V41/><F50/><N who="3" m="30871" /><G102/><T100/><D100/><U113/><E113/><V13/><F114/><W78/><G78/><T64/><D64/><U89/><E89/><V65/><F65/><W37/><G37/><T55/><D55/><U99/><E53/><V108/><F66/><W97/><G31/><T90/><D90/><U111/><E67/><V77/><F77/><W45/><G117/><T74/><D74/><U48/><E48/><V15/><F41/><W38/><G119/><T42/><D42/><U30/><E30/><V105/><F105/><W0/><G0/><T25/><D25/><U51/><E51/><V122/><F122/><W4/><G38/><T11/><D11/><U129/><E8/><V58/><F58/><W43/><G43/><T75/><D75/><U12/><E12/><V84/><F132/><W128/><G45/><T112/><D112/><U88/><E88/><V106/><F106/><W134/><G134/><T33/><AGARI ba="0,1" hai="26,29,33,36,40,46,73,79,81,82,86,91,96,98" machi="33" ten="20,5200,0" yaku="1,1,0,1,7,1,52,1,53,0" doraHai="71" doraHaiUra="133" who="0" fromWho="0" sc="200,62,230,-26,230,-13,330,-13" /><INIT seed="2,0,0,3,0,104" ten="262,204,217,317" oya="2" hai0="56,113,87,82,47,27,103,107,2,15,99,3,25" hai1="108,54,96,73,83,127,43,79,1,64,20,130,120" hai2="111,119,17,19,30,91,35,109,65,28,125,60,38" hai3="80,10,84,37,39,40,126,85,31,52,49,58,26"/><V62/><F38/><W14/><G126/><T4/><D113/><U71/><E127/><V11/><F125/><W116/><G116/><T29/><D56/><U48/><E108/><N who="2" m="41547" /><F119/><W5/><G40/><T77/><D25/><U75/><E1/><V110/><N who="2" m="41555" /><V45/><DORA hai="98" /><F45/><W21/><REACH who="3" step="1"/><G84/><REACH who="3" ten="262,204,217,307" step="2"/><T114/><D114/><U101/><E120/><V92/><F35/><W78/><AGARI ba="0,1" hai="5,10,14,21,26,31,37,39,49,52,58,78,80,85" machi="78" ten="20,12000,2" yaku="1,1,2,1,0,1,7,1,54,1,53,1" doraHai="104,98" doraHaiUra="55,133" who="3" fromWho="3" sc="262,-30,204,-30,217,-60,307,130" /><INIT seed="3,0,0,0,5,15" ten="232,174,157,437" oya="3" hai0="35,16,95,12,83,100,113,29,39,129,55,90,32" hai1="79,23,45,96,7,65,17,0,52,59,4,22,104" hai2="14,20,107,124,121,103,76,37,88,73,10,99,34" hai3="24,120,53,31,112,119,77,125,63,89,1,74,64"/><W84/><G112/><T50/><D39/><U26/><E0/><V133/><F34/><W33/><G119/><T38/><D38/><U123/><E123/><V81/><F121/><W134/><G120/><T110/><D29/><U2/><E2/><V43/><F133/><W41/><G134/><T122/><D110/><U67/><E79/><V117/><F124/><W71/><G125/><T93/><D129/><U57/><E104/><V13/><F117/><W102/><G1/><T54/><D54/><U60/><E96/><V87/><F20/><W47/><G102/><T126/><D126/><U70/><E45/><N who="2" m="23791" /><F10/><W131/><G131/><T118/><D118/><U97/><E97/><V101/><F101/><W25/><G25/><T132/><D132/><U40/><E40/><V30/><F30/><W115/><G41/><T91/><D100/><U106/><E106/><V105/><F105/><W135/><G135/><T128/><D128/><U86/><E86/><V111/><F111/><W82/><G115/><T46/><D91/><U94/><E94/><AGARI ba="0,0" hai="13,14,73,76,81,87,88,94,99,103,107" m="23791" machi="94" ten="30,2000,0" yaku="24,1,54,1" doraHai="15" who="2" fromWho="1" sc="232,0,174,-20,157,20,437,0" owari="232,3.2,154,-34.6,177,-22.3,437,53.7" /></mjloggm>