<mjloggm ver="2.3"><GO type="225" lobby="0"/><UN n0="%E6%A1%9C%E6%B2%A2%E5%A2%A8" n1="%E5%B8%86%E7%AB%8B%E5%A4%8F%E8%A1%A3" n2="%E7%99%BD%E5%80%89%E5%AF%9B%E4%B9%8B" n3="%E6%A1%9C%E8%8A%B1%E9%96%83%E3%80%85" dan="17,17,16,16" rate="2164.04,2192.21,2114.98,2148.33" sx="F,M,M,M"/><TAIKYOKU oya="0"/><INIT seed="0,0,0,0,1,52" ten="250,250,250,250" oya="0" hai0="85,101,9,60,22,87,44,93,6,59,100,111,31" hai1="23,41,124,55,16,46,70,103,128,118,65,61,0" hai2="83,15,72,109,130,33,116,66,43,120,113,102,47" hai3="49,127,35,107,80,132,4,71,10,104,34,125,68"/><T64/><D111/><U39/><E124/><N who="3" m="47690" /><G49/><T27/><D44/><U21/><E128/><V92/><F33/><N who="3" m="12299" /><G80/><T3/><D101/><U88/><E0/><V67/><F109/><W45/><G45/><T134/><D134/><U114/><E118/><V108/><F130/><W11/><G132/><T110/><D110/><U123/><E123/><V20/><F120/><W86/><G86/><T90/><D90/><U25/><E114/><V36/><F113/><W76/><G76/><T131/><D131/><U74/><E74/><V94/><F116/><W77/><G77/><T2/><D2/><U29/><E103/><V106/><F106/><N who="3" m="40491" /><G4/><T17/><D17/><U117/><E117/><V53/><F108/><W13/><G13/><T28/><D28/><U54/><E88/><V32/><F32/><W73/><G73/><T26/><D26/><AGARI ba="0,0" hai="16,21,23,25,26,29,39,41,46,54,55,61,65,70" machi="26" ten="30,2000,0" yaku="7,1,54,1" doraHai="52" who="1" fromWho="0" sc="250,-20,250,20,250,0,250,0" /><INIT seed="1,0,0,4,5,57" ten="230,270,250,250" oya="1" hai0="111,123,81,106,85,19,62,40,33,53,97,41,104" hai1="48,78,1,42,79,94,60,36,39,13,128,28,14" hai2="20,95,126,82,99,107,9,100,71,96,22,46,118" hai3="105,134,17,43,29,75,61,12,98,132,37,119,115"/><U93/><E1/><V0/><F118/><W56/><G115/><T18/><D33/><U86/><E128/><V129/><F129/><W54/><G75/><T83/><D111/><U7/><E28/><V130/><F130/><W64/><G119/><T52/><D97/><U3/><E3/><V55/><F71/><W76/><G76/><N who="1" m="29226" /><E39/><V35/><F35/><W72/><G72/><T108/><D108/><U15/><E36/><V34/><F34/><W27/><G27/><T44/><D85/><U90/><E7/><V87/><F126/><W32/><G29/><T114/><D44/><N who="1" m="25623" /><E94/><V58/><F46/><W80/><G37/><T6/><D6/><U68/><E68/><V51/><F9/><W8/><G43/><T89/><D89/><U38/><E38/><V110/><F0/><W26/><G80/><T103/><D123/><U47/><E47/><V63/><F51/><W117/><G117/><T4/><D4/><U25/><E25/><V102/><REACH who="2" step="1"/><F110/><REACH who="2" ten="230,270,240,250" step="2"/><W2/><G2/><T23/><D114/><U45/><E45/><V121/><F121/><W77/><G32/><T24/><D23/><U21/><E21/><V101/><F101/><W73/><G8/><T70/><D70/><U92/><E92/><V10/><F10/><W113/><G113/><T133/><D103/><U5/><E5/><V127/><F127/><W122/><G122/><T11/><D11/><U74/><E74/><V66/><F66/><W131/><G64/><T16/><D104/><U84/><E84/><V125/><F125/><W112/><G73/><T67/><D106/><U124/><E124/><RYUUKYOKU ba="0,1" sc="230,-15,270,15,240,15,250,-15" hai1="13,14,15,60,86,90,93" hai2="20,22,55,58,63,82,87,95,96,99,100,102,107" /><INIT seed="1,1,1,4,4,115" ten="215,285,255,235" oya="1" hai0="11,134,46,4,111,100,77,91,32,30,59,89,24" hai1="40,22,80,102,48,33,12,93,49,71,43,97,25" hai2="114,124,23,92,34,118,52,90,63,128,57,109,88" hai3="75,58,117,104,42,16,45,62,10,73,119,44,66"/><U78/><E71/><V76/><F34/><W13/><G104/><T18/><D111/><U94/><E33/><V96/><F109/><W130/><G130/><T120/><D134/><U74/><E12/><V127/><F128/><W15/><G15/><T29/><D120/><U50/><REACH who="1" step="1"/><E93/><REACH who="1" ten="215,275,255,235" step="2"/><V69/><F69/><W83/><G83/><T135/><D32/><U110/><E110/><V31/><F114/><W61/><G61/><T51/><D135/><U108/><E108/><V36/><F124/><W131/><G131/><T2/><D2/><U53/><E53/><V5/><F127/><W26/><G26/><T39/><D24/><U14/><E14/><V129/><F129/><W64/><G64/><T101/><D4/><U103/><E103/><V38/><F5/><W8/><G8/><T126/><D101/><U3/><E3/><V116/><F23/><W79/><G66/><T68/><D100/><U67/><E67/><V70/><F70/><W65/><G65/><T28/><D126/><U55/><E55/><V84/><F52/><W85/><G62/><T35/><D35/><U72/><E72/><V20/><F63/><W105/><G75/><T98/><D68/><U17/><AGARI ba="1,2" hai="17,22,25,40,43,48,49,50,74,78,80,94,97,102" machi="17" ten="30,6000,0" yaku="1,1,0,1,53,1" doraHai="115" doraHaiUra="19" who="1" fromWho="1" sc="215,-21,275,83,255,-21,235,-21" /><INIT seed="1,2,0,5,4,128" ten="194,358,234,214" oya="1" hai0="114,55,15,54,83,47,81,29,58,0,2,21,105" hai1="17,16,84,18,11,14,85,56,132,124,60,100,13" hai2="66,35,108,31,41,38,30,37,50,25,10,9,39" hai3="53,44,129,34,101,46,45,64,103,95,89,80,33"/><U133/><E124/><V102/><F108/><W96/><G129/><T8/><D114/><U61/><E100/><N who="3" m="38474" /><G33/><T121/><D105/><U36/><E36/><V94/><F31/><W71/><G71/><T70/><D70/><U107/><E107/><V127/><F127/><W119/><G34/><T75/><D121/><U5/><E14/><V40/><F66/><W52/><G119/><T3/><D75/><U98/><E98/><V12/><F50/><W115/><G115/><T134/><D134/><N who="1" m="51819" /><E61/><V63/><F63/><W118/><G118/><T57/><D47/><U91/><E91/><V68/><F12/><W92/><G96/><T1/><D1/><U97/><E97/><V131/><F39/><W135/><G135/><T104/><D104/><U113/><E113/><V72/><F38/><W73/><G45/><T28/><D2/><U111/><E111/><V7/><F37/><W24/><G44/><T117/><D15/><U99/><E99/><V4/><F131/><W106/><G46/><T78/><D117/><U62/><E60/><V123/><F102/><W22/><G89/><T32/><D0/><U20/><E20/><V122/><F35/><W93/><G106/><T77/><D21/><U6/><E6/><V120/><F4/><W48/><G48/><T19/><D32/><U109/><E109/><V86/><F7/><W126/><G126/><T23/><D23/><U76/><E76/><V74/><F122/><W116/><G116/><T88/><D3/><U27/><E27/><V51/><F123/><W112/><G112/><T79/><D79/><U49/><E62/><RYUUKYOKU ba="2,0" sc="194,-10,358,30,234,-10,214,-10" hai1="5,11,13,16,17,18,49,56,84,85" /><INIT seed="1,3,0,0,1,92" ten="184,388,224,204" oya="1" hai0="97,101,132,21,59,24,119,128,87,20,26,93,25" hai1="117,74,22,102,31,4,48,64,39,69,14,0,18" hai2="83,7,53,95,41,28,108,40,129,123,36,100,114" hai3="6,19,11,103,49,120,84,23,98,58,79,96,130"/><U38/><E117/><V99/><F123/><W110/><G120/><T73/><D119/><U124/><E74/><V115/><F108/><W34/><G34/><T37/><D73/><U127/><E102/><V62/><F129/><W90/><G110/><T70/><D70/><U1/><E48/><V106/><F28/><W81/><G130/><T3/><D128/><U111/><E111/><V133/><F133/><W61/><G49/><T104/><D132/><U5/><E64/><V113/><F7/><N who="1" m="2633" /><E69/><V45/><F83/><W91/><G11/><T60/><D37/><N who="1" m="13835" /><E31/><V16/><F41/><W80/><G6/><T55/><REACH who="0" step="1"/><D3/><REACH who="0" ten="174,388,224,204" step="2"/><U77/><E1/><V105/><F114/><W112/><G112/><T10/><D10/><U86/><E0/><V13/><F115/><W109/><G109/><T65/><D65/><U8/><E8/><V2/><F113/><W35/><G35/><T63/><D63/><U78/><E86/><V94/><F2/><W116/><G116/><T27/><N who="0" m="6144" /><DORA hai="107" /><T67/><D67/><U43/><E22/><V126/><F62/><W121/><G121/><T134/><D134/><U51/><E127/><V9/><F126/><W135/><G135/><T12/><D12/><U52/><E124/><V44/><F13/><W76/><G23/><T66/><D66/><U29/><E14/><V47/><F9/><W71/><G71/><T17/><D17/><U122/><E18/><V57/><F16/><W54/><G19/><T15/><D15/><U30/><E122/><V89/><F36/><W75/><G98/><T42/><D42/><U50/><E43/><RYUUKYOKU ba="3,1" sc="174,15,388,-15,224,-15,204,15" hai0="20,21,55,59,60,87,93,97,101,104" hai3="54,58,61,75,76,79,80,81,84,90,91,96,103" /><INIT seed="2,4,1,3,1,128" ten="189,373,209,219" oya="2" hai0="121,74,115,59,83,117,78,84,96,7,111,55,4" hai1="31,2,134,90,9,131,101,89,10,132,135,46,125" hai2="77,56,109,35,14,8,71,21,133,18,49,5,63" hai3="87,103,119,53,85,19,37,75,36,50,69,72,65"/><V52/><F35/><W122/><G122/><T79/><D121/><U15/><E125/><V54/><F109/><W64/><G103/><T38/><D115/><U124/><E124/><V129/><F129/><W34/><G34/><T41/><D111/><U44/><E131/><V1/><F77/><W114/><G19/><T130/><D130/><U80/><E31/><V107/><F107/><W30/><G30/><T25/><D117/><U86/><E101/><V48/><F133/><W58/><G119/><T0/><D25/><U93/><E2/><V99/><F99/><W112/><G69/><T43/><D38/><U20/><E20/><V57/><REACH who="2" step="1"/><F71/><REACH who="2" ten="189,373,199,219" step="2"/><W6/><G114/><T67/><D96/><N who="1" m="57391" /><E10/><V22/><F22/><W62/><G112/><T51/><D78/><U68/><E68/><V106/><F106/><W66/><G75/><T91/><D74/><U24/><E135/><V123/><F123/><W3/><G72/><T94/><D79/><U120/><E120/><V17/><F17/><W12/><G87/><T104/><D104/><U105/><E105/><V61/><AGARI ba="4,2" hai="1,5,8,14,18,21,48,49,52,54,56,57,61,63" machi="61" ten="20,12000,1" yaku="1,1,0,1,7,1,9,1,54,1,53,0" doraHai="128" doraHaiUra="82" who="2" fromWho="2" sc="189,-44,373,-44,199,152,219,-44" /><INIT seed="2,5,0,4,2,73" ten="145,329,351,175" oya="2" hai0="110,86,116,1,70,114,81,88,67,45,129,87,109" hai1="75,72,92,11,50,56,21,4,14,66,93,36,37" hai2="83,23,15,9,12,41,104,49,59,74,40,84,63" hai3="121,30,5,131,79,43,95,127,57,89,85,22,61"/><V34/><F34/><W29/><G121/><T112/><D1/><U65/><E72/><V132/><F104/><W44/><G127/><T26/><D45/><U77/><E37/><V120/><F74/><W27/><G131/><T106/><D129/><U105/><E36/><V128/><F128/><W19/><G5/><T46/><D46/><U35/><E35/><V38/><F38/><W113/><G113/><N who="0" m="43627" /><D26/><U51/><E105/><V134/><F23/><W130/><G130/><T97/><D67/><N who="1" m="25611" /><E75/><V32/><F32/><W8/><G8/><T78/><D70/><U94/><E77/><N who="2" m="46191" /><F120/><W6/><G6/><T64/><D64/><U62/><E21/><V20/><F63/><W91/><G61/><T55/><D55/><AGARI ba="5,0" hai="4,11,14,50,51,55,56,62,92,93,94" m="25611" machi="55" ten="30,1000,0" yaku="8,1" doraHai="73" who="1" fromWho="0" sc="145,-25,329,25,351,0,175,0" /><INIT seed="3,0,0,5,2,125" ten="120,354,351,175" oya="3" hai0="4,69,93,127,6,36,14,67,98,49,7,10,59" hai1="86,113,63,65,102,95,45,104,23,122,46,121,107" hai2="42,116,28,75,9,27,117,21,89,38,35,70,103" hai3="18,84,1,135,20,96,114,92,119,54,33,82,43"/><W131/><G114/><T55/><D127/><U58/><E113/><V101/><F89/><W124/><G124/><T72/><D72/><U22/><E107/><V3/><F101/><W134/><G33/><T32/><D32/><U66/><E104/><V31/><F103/><W61/><G1/><T128/><D128/><U130/><E130/><V97/><F97/><W108/><G119/><T110/><D110/><U73/><E73/><V111/><F111/><W16/><G108/><T91/><D36/><U17/><E122/><V115/><F115/><W106/><G106/><T2/><D2/><U77/><E121/><V41/><F31/><W88/><G43/><T118/><D118/><U34/><E34/><V52/><F52/><W47/><G131/><T83/><D69/><U81/><E66/><V78/><F42/><W26/><G18/><T40/><D40/><U71/><E71/><V25/><F25/><W64/><G47/><N who="1" m="17930" /><E17/><V112/><F70/><W39/><G39/><T50/><D67/><U94/><E94/><V76/><F112/><W12/><G12/><T85/><REACH who="0" step="1"/><D50/><REACH who="0" ten="110,354,351,175" step="2"/><U79/><E79/><AGARI ba="0,1" hai="4,6,7,10,14,49,55,59,79,83,85,91,93,98" machi="79" ten="30,8000,1" yaku="1,1,2,1,7,1,8,1,53,1" doraHai="125" doraHaiUra="5" who="0" fromWho="1" sc="110,90,354,-80,351,0,175,0" owari="200,-20.0,274,7.4,351,45.1,175,-32.5" /></mjloggm>