<mjloggm ver="2.3"><GO type="225" lobby="0"/><UN n0="%E5%85%83%E3%82%AB%E3%83%8E%E7%B3%BB%E3%83%92%E3%83%AD%E3%82%A4%E3%83%B3" n1="%E3%82%A4%E3%83%BC%E3%82%B1%E3%83%97%E3%83%A9" n2="%E9%87%8E%E3%80%85%E5%AE%AE%E8%97%8D" n3="%E7%99%BD%E5%80%89%E5%AF%9B%E4%B9%8B" dan="16,17,16,16" rate="2174.73,2231.84,2176.12,2146.73" sx="M,M,F,M"/><TAIKYOKU oya="0"/><INIT seed="0,0,0,1,0,68" ten="250,250,250,250" oya="0" hai0="114,90,91,69,50,19,36,18,28,95,109,86,54" hai1="32,39,42,113,56,60,63,46,76,111,64,82,98" hai2="25,84,118,1,52,10,128,15,58,31,104,74,5" hai3="79,130,75,57,92,134,23,43,94,11,7,48,59"/><T49/><D114/><U131/><E32/><V2/><F74/><W87/><G130/><T27/><D69/><U117/><E131/><V44/><F128/><W122/><G122/><T13/><D36/><U47/><E111/><V135/><F104/><W65/><G134/><T22/><D109/><U37/><E117/><V80/><F44/><N who="3" m="25631" /><G75/><T8/><D90/><U120/><E120/><V33/><F135/><W34/><G23/><T45/><REACH who="0" step="1"/><D49/><REACH who="0" ten="240,250,250,250" step="2"/><U4/><E37/><V110/><F110/><W35/><G79/><T123/><D123/><U81/><E76/><V108/><F108/><W89/><G89/><T93/><D93/><U70/><E39/><V125/><F118/><W105/><G94/><T30/><AGARI ba="0,1" hai="8,13,18,19,22,27,28,30,45,50,54,86,91,95" machi="30" ten="30,11700,0" yaku="1,1,0,1,8,1,53,1" doraHai="68" doraHaiUra="51" who="0" fromWho="0" sc="240,127,250,-39,250,-39,250,-39" /><INIT seed="0,1,0,5,5,79" ten="367,211,211,211" oya="0" hai0="19,119,113,34,124,18,101,33,87,16,30,15,63" hai1="46,77,100,117,23,121,68,109,6,126,116,129,27" hai2="0,69,95,97,134,2,108,58,127,8,44,4,84" hai3="22,128,123,125,110,52,53,56,130,82,26,21,120"/><T17/><D113/><U47/><E121/><N who="3" m="46666" /><G110/><T9/><D119/><U12/><E68/><V7/><F69/><W41/><G125/><T85/><D124/><U91/><E126/><V64/><F108/><W66/><G41/><T43/><D101/><U96/><E109/><V57/><F127/><W74/><G66/><T40/><D30/><U54/><E129/><N who="3" m="49770" /><G56/><T65/><D33/><U24/><E77/><V42/><F64/><W11/><G11/><T48/><D34/><U92/><E27/><V76/><F134/><W105/><G105/><T83/><D48/><U115/><E115/><V98/><F0/><W50/><G50/><T111/><D87/><U80/><E54/><N who="3" m="21098" /><G26/><T37/><D37/><U62/><E62/><V45/><F45/><W86/><G74/><T32/><D32/><U90/><E47/><V75/><F75/><W38/><G38/><T49/><D49/><U99/><E46/><V73/><F73/><W67/><G67/><T88/><REACH who="0" step="1"/><D111/><REACH who="0" ten="357,211,211,211" step="2"/><U114/><E114/><V36/><F36/><W135/><G135/><T104/><D104/><U1/><E117/><V122/><F122/><W39/><G39/><T29/><D29/><U55/><E116/><V5/><F42/><W112/><G112/><T71/><AGARI ba="1,1" hai="9,15,16,17,18,19,40,43,63,65,71,83,85,88" machi="71" ten="30,12000,1" yaku="1,1,0,1,52,1,54,2,53,0" doraHai="79" doraHaiUra="94" who="0" fromWho="0" sc="357,133,211,-41,211,-41,211,-41" /><INIT seed="0,2,0,2,0,124" ten="490,170,170,170" oya="0" hai0="63,82,2,73,81,85,107,28,117,106,133,86,56" hai1="42,90,54,51,9,96,109,19,15,100,116,92,88" hai2="50,30,1,101,35,123,111,11,32,10,69,67,18" hai3="127,48,29,91,79,4,21,97,34,126,105,12,121"/><T44/><D2/><U57/><E109/><V76/><F123/><W103/><G121/><T5/><D5/><U8/><E116/><V95/><F76/><W62/><G79/><T65/><D117/><U49/><REACH who="1" step="1"/><E9/><REACH who="1" ten="490,160,170,170" step="2"/><V70/><F11/><W80/><G127/><T52/><D107/><U119/><E119/><V135/><F10/><W45/><G126/><T53/><D106/><U87/><E87/><V58/><F111/><W0/><G105/><T27/><D85/><U89/><E89/><V64/><F135/><W122/><G91/><T120/><D86/><U98/><E98/><V25/><F101/><W113/><G97/><T114/><D133/><U68/><E68/><V13/><F70/><W84/><G103/><T75/><D75/><U20/><E20/><V17/><F69/><W108/><G84/><T46/><D73/><U132/><E132/><V83/><F35/><W40/><G34/><T55/><D120/><U14/><E14/><V26/><F13/><W39/><G12/><T71/><D71/><U38/><E38/><V128/><F32/><W118/><G122/><T112/><D112/><U61/><E61/><V6/><F1/><W7/><G0/><T104/><D114/><U129/><E129/><V125/><F128/><W60/><G113/><T93/><D104/><U3/><E3/><V24/><F125/><W110/><G118/><T99/><D99/><U134/><E134/><V31/><F95/><W94/><G110/><T36/><D93/><U66/><E66/><V41/><F67/><W59/><G108/><T74/><D36/><U16/><E16/><RYUUKYOKU ba="2,1" sc="490,-10,160,30,170,-10,170,-10" hai1="8,15,19,42,49,51,54,57,88,90,92,96,100" /><INIT seed="1,3,1,0,2,100" ten="480,190,160,160" oya="1" hai0="34,68,33,128,76,26,64,2,112,14,30,111,99" hai1="63,88,5,110,107,25,87,118,16,42,57,1,77" hai2="8,79,62,130,23,36,27,105,74,66,29,44,28" hai3="117,65,38,129,98,22,104,86,9,132,114,17,131"/><U120/><E118/><V124/><F124/><W3/><G38/><T54/><D112/><U73/><E120/><V50/><F36/><W85/><G114/><T60/><D2/><U78/><E42/><V15/><F130/><N who="3" m="49675" /><G117/><T108/><D128/><U72/><E107/><V58/><F105/><W11/><G132/><T53/><D76/><U82/><E110/><N who="0" m="42025" /><D34/><U48/><E48/><V119/><F119/><W47/><G47/><T91/><D14/><U115/><E115/><V46/><F29/><W126/><G65/><T45/><D45/><U97/><E97/><V12/><F12/><N who="3" m="9511" /><G126/><T106/><D91/><U96/><E96/><V52/><F79/><W24/><G24/><T134/><D134/><U18/><E73/><V10/><F74/><W43/><G43/><T103/><AGARI ba="3,1" hai="26,30,33,53,54,60,64,68,99,103,106" m="42025" machi="103" ten="30,4000,0" yaku="25,1,14,1,52,1" doraHai="100" who="0" fromWho="0" sc="480,59,190,-23,160,-13,160,-13" /><INIT seed="2,0,0,1,0,81" ten="539,167,147,147" oya="2" hai0="15,109,117,102,22,122,67,1,23,105,89,48,92" hai1="73,49,99,85,83,119,90,0,116,21,13,129,84" hai2="77,30,93,41,110,36,131,55,45,68,74,135,16" hai3="40,75,134,3,20,35,31,128,14,94,60,106,71"/><V69/><F30/><W108/><G3/><T80/><D1/><U61/><E73/><V126/><F74/><W33/><G75/><T32/><D122/><U7/><E129/><V42/><F42/><W127/><G128/><T86/><D32/><U59/><E0/><V19/><F131/><W2/><G2/><T43/><D105/><U101/><E49/><V82/><F126/><W50/><G106/><T64/><D109/><U29/><E85/><N who="2" m="48335" /><F69/><W120/><G71/><T24/><D117/><U104/><E7/><V72/><F68/><W12/><G35/><T11/><D102/><U125/><E125/><V46/><F72/><W26/><G127/><T66/><D80/><U5/><E5/><V51/><F135/><W107/><G107/><T97/><D97/><U132/><E132/><V4/><F4/><W103/><G33/><T63/><D63/><U76/><E76/><V53/><F110/><W18/><G134/><T39/><D39/><U54/><REACH who="1" step="1"/><E13/><REACH who="1" ten="539,157,147,147" step="2"/><V37/><F37/><W130/><G130/><T124/><D124/><U44/><E44/><V118/><F118/><W111/><G108/><T114/><D114/><U133/><E133/><V38/><F38/><W17/><G111/><T88/><D24/><AGARI ba="0,1" hai="21,24,29,54,59,61,83,84,90,99,101,104,116,119" machi="24" ten="40,5200,0" yaku="1,1,52,1,53,1" doraHai="81" doraHaiUra="52" who="1" fromWho="0" sc="539,-52,157,62,147,0,147,0" /><INIT seed="3,0,0,5,1,115" ten="487,219,147,147" oya="3" hai0="56,132,24,65,117,38,108,122,87,79,69,89,4" hai1="42,37,127,41,20,93,75,77,110,107,98,82,35" hai2="21,111,29,94,126,118,26,128,8,70,16,49,50" hai3="1,61,5,109,57,135,91,54,18,134,74,33,90"/><W13/><G74/><T84/><D69/><U67/><E35/><V0/><F118/><W30/><G109/><T101/><D117/><U102/><E110/><V47/><F111/><W103/><G103/><T88/><D38/><U51/><E37/><V60/><F126/><W73/><G73/><T83/><D84/><U114/><E114/><V66/><F128/><W9/><G30/><T23/><D89/><U129/><E127/><V123/><F123/><W63/><G33/><T19/><D56/><U39/><E39/><V64/><F64/><W32/><G32/><T99/><D23/><U10/><E129/><V124/><F124/><W14/><G63/><T40/><D19/><U43/><E67/><V125/><F125/><W100/><G100/><T130/><D99/><U3/><E20/><V95/><F50/><W85/><G91/><T86/><D87/><U2/><E10/><V27/><F0/><W34/><G34/><T133/><D4/><U92/><E51/><V22/><F8/><W25/><G25/><T45/><D45/><U72/><E75/><V44/><F44/><W55/><G55/><AGARI ba="0,0" hai="16,21,22,26,27,29,47,49,55,60,66,70,94,95" machi="55" ten="30,2000,0" yaku="7,1,54,1" doraHai="115" who="2" fromWho="3" sc="487,0,219,0,147,20,147,-20" owari="487,58.7,219,1.9,167,-23.3,127,-37.3" /></mjloggm>