<mjloggm ver="2.3"><GO type="225" lobby="0"/><UN n0="%E3%82%A4%E3%83%BC%E3%82%B1%E3%83%97%E3%83%A9" n1="%E5%B8%86%E7%AB%8B%E5%A4%8F%E8%A1%A3" n2="%E7%99%BD%E9%9B%AA%E4%B9%83%E6%84%9B" n3="%E3%81%AF%E3%82%88%E3%81%8A%E3%81%98%E3%81%95%E3%82%93" dan="16,17,16,17" rate="2185.59,2213.44,2028.69,2139.05" sx="M,M,F,M"/><TAIKYOKU oya="0"/><INIT seed="0,0,0,1,2,9" ten="250,250,250,250" oya="0" hai0="52,1,44,57,94,7,34,60,113,133,68,72,16" hai1="110,73,42,32,41,55,104,5,99,67,103,120,114" hai2="70,27,92,12,128,81,31,2,58,95,111,125,91" hai3="54,46,6,56,29,69,77,15,64,33,48,96,89"/><T37/><D113/><U78/><E114/><V93/><F70/><W134/><G134/><T109/><D34/><U74/><E120/><V39/><F2/><W108/><G108/><T10/><D72/><U62/><E110/><V107/><F111/><W30/><G69/><T25/><D109/><U90/><E55/><V53/><F107/><W97/><G77/><T13/><D133/><U124/><E124/><V24/><F39/><W84/><G33/><T122/><D122/><U82/><E74/><V135/><F135/><W118/><G118/><T18/><D68/><U130/><E130/><V132/><F132/><W86/><G86/><T49/><D37/><U36/><E5/><V117/><F128/><W14/><G6/><T20/><D94/><U17/><E36/><V127/><F117/><W19/><G46/><T40/><REACH who="0" step="1"/><D18/><REACH who="0" ten="240,250,250,250" step="2"/><U123/><E32/><V112/><F112/><W105/><G105/><T65/><D65/><U85/><E17/><V26/><F127/><W11/><G64/><T22/><D22/><U76/><E123/><V75/><F125/><W106/><G106/><T116/><D116/><U119/><E119/><V71/><F75/><W115/><G115/><T43/><D43/><N who="1" m="16395" /><E73/><V98/><F93/><N who="3" m="54439" /><G30/><T79/><D79/><U35/><E35/><V45/><F31/><W87/><G29/><T21/><D21/><U38/><E38/><V4/><F92/><W23/><G87/><T3/><AGARI ba="0,1" hai="1,3,7,10,13,16,20,25,40,44,49,52,57,60" machi="3" ten="30,12000,1" yaku="1,1,0,1,52,1,54,2,53,0" doraHai="9" doraHaiUra="83" who="0" fromWho="0" sc="240,130,250,-40,250,-40,250,-40" /><INIT seed="0,1,0,0,5,57" ten="370,210,210,210" oya="0" hai0="53,109,52,98,82,24,45,0,110,101,10,30,63" hai1="29,36,25,100,123,93,15,103,81,89,85,54,44" hai2="125,90,86,14,9,2,92,37,113,42,28,43,78" hai3="116,127,83,7,135,73,114,80,112,61,84,94,67"/><T88/><D10/><U105/><E123/><V65/><F113/><W4/><G116/><T118/><D0/><U124/><E105/><V129/><F129/><W51/><G127/><T130/><D118/><U16/><E124/><V91/><F125/><W62/><G135/><T1/><D1/><U32/><E36/><V40/><F2/><W104/><G104/><T5/><D5/><N who="3" m="2121" /><G73/><T27/><D130/><U3/><E3/><V13/><F37/><W20/><G114/><T99/><D45/><U74/><E74/><V72/><F28/><W131/><G112/><T133/><D133/><U46/><E46/><V50/><F65/><W75/><G75/><T97/><D101/><U126/><E126/><V12/><F50/><W35/><G35/><T48/><D63/><N who="3" m="24073" /><G131/><T19/><D110/><U60/><E93/><N who="2" m="54487" /><F78/><W96/><G67/><T21/><D109/><U70/><E70/><V76/><F76/><W87/><G51/><T56/><D48/><N who="1" m="28935" /><E60/><V69/><F72/><W18/><G83/><T31/><D82/><U26/><E32/><V58/><F69/><W107/><G107/><T111/><D111/><U11/><E29/><V77/><F77/><W79/><G80/><T122/><D31/><U119/><E119/><V39/><F39/><W132/><G79/><T64/><D30/><U41/><E41/><V102/><F40/><W128/><G128/><T8/><D64/><U120/><E120/><V33/><F42/><W59/><G59/><T134/><D122/><U95/><E81/><V115/><F43/><W47/><G132/><T71/><D134/><U23/><E23/><RYUUKYOKU ba="1,0" sc="370,-10,210,30,210,-10,210,-10" hai1="11,15,16,25,26,85,89,95,100,103" /><INIT seed="1,2,0,5,0,75" ten="360,240,200,200" oya="1" hai0="8,59,98,63,72,131,104,5,102,101,74,20,111" hai1="67,23,78,37,119,84,56,10,114,14,40,105,11" hai2="117,15,13,87,9,34,64,108,85,86,95,71,19" hai3="6,73,115,45,93,42,66,134,46,125,62,36,118"/><U0/><E114/><V22/><F117/><W12/><G115/><T57/><D111/><U18/><E105/><V80/><F34/><W52/><G73/><T7/><D131/><U127/><E127/><V27/><F108/><W41/><G125/><T70/><D70/><U109/><E119/><V76/><F71/><W29/><G118/><T54/><D102/><U88/><E109/><V25/><F64/><W43/><G134/><T35/><D35/><U32/><E32/><V120/><F120/><W61/><G29/><T100/><D100/><U107/><E107/><V129/><F129/><W79/><G93/><T81/><D5/><U132/><E132/><V50/><F50/><N who="3" m="28751" /><G12/><T30/><D81/><N who="1" m="47159" /><E0/><V47/><F47/><N who="3" m="23975" /><G79/><T33/><D33/><U113/><E37/><V58/><F58/><N who="3" m="37175" /><G6/><T94/><D59/><U48/><E113/><V121/><F121/><W53/><G62/><T16/><D104/><U106/><E106/><V55/><F95/><W89/><G89/><T112/><D112/><U44/><E88/><V3/><F3/><W60/><G60/><AGARI ba="2,0" hai="10,11,14,18,23,40,44,48,56,60,67" m="47159" machi="60" ten="30,2900,0" yaku="8,1,52,1" doraHai="75" who="1" fromWho="3" sc="360,0,240,35,200,0,200,-35" /><INIT seed="1,3,0,2,4,83" ten="360,275,200,165" oya="1" hai0="61,14,125,27,25,115,76,54,58,24,9,8,84" hai1="16,128,64,51,95,97,131,35,73,120,44,129,85" hai2="94,87,110,39,43,105,47,52,77,7,66,75,117" hai3="81,79,49,126,46,12,102,28,60,40,63,56,89"/><U67/><E73/><V38/><F117/><W114/><G114/><T30/><D115/><U19/><E35/><V42/><F105/><W31/><G126/><T23/><D125/><U96/><E120/><V100/><F66/><N who="1" m="25129" /><E97/><V90/><F110/><W45/><G102/><T74/><D74/><U135/><E135/><V65/><F100/><W93/><G46/><T13/><D76/><U101/><E85/><V119/><F119/><W104/><G104/><T29/><D84/><U4/><E4/><V130/><F65/><N who="3" m="39047" /><G63/><T118/><D118/><U55/><AGARI ba="3,0" hai="16,19,44,51,55,95,96,101,128,129,131" m="25129" machi="55" ten="40,3900,0" yaku="19,1,54,1" doraHai="83" who="1" fromWho="1" sc="360,-16,275,48,200,-16,165,-16" /><INIT seed="1,4,0,0,3,103" ten="344,323,184,149" oya="1" hai0="60,95,131,68,90,111,58,39,33,43,118,13,59" hai1="122,70,134,23,65,71,11,79,37,94,101,125,6" hai2="78,109,113,28,104,53,87,84,106,67,2,91,82" hai3="63,75,83,107,116,135,31,7,97,129,44,38,42"/><U128/><E122/><V19/><F2/><W54/><G129/><T5/><D33/><U62/><E128/><V99/><F28/><W105/><G135/><T73/><D73/><U20/><E37/><V57/><F67/><W96/><G116/><T14/><D118/><U117/><E117/><V25/><F109/><W45/><G31/><T9/><D131/><U93/><E71/><V126/><F126/><W108/><G108/><T50/><D111/><U121/><E121/><V0/><F0/><W102/><G7/><T61/><D39/><U123/><E125/><V81/><F113/><W49/><G63/><T132/><D14/><U110/><E134/><V30/><F99/><W64/><G64/><T88/><D68/><U3/><E123/><V74/><F19/><W17/><G17/><T124/><D132/><U22/><E110/><V36/><F74/><W24/><G24/><T77/><D77/><U12/><E79/><V46/><F46/><W98/><REACH who="3" step="1"/><G102/><REACH who="3" ten="344,323,184,139" step="2"/><T26/><D61/><U76/><E101/><V72/><F72/><W41/><G41/><T47/><D26/><U115/><E62/><V55/><F55/><W130/><G130/><T66/><D124/><U40/><E65/><V48/><REACH who="2" step="1"/><F36/><REACH who="2" ten="344,323,174,139" step="2"/><W127/><G127/><T10/><D43/><U100/><E40/><V29/><F29/><W56/><G56/><T1/><D59/><U112/><E70/><V92/><F92/><W89/><G89/><T80/><D95/><U85/><E94/><V27/><F27/><W18/><G18/><N who="0" m="8495" /><D58/><U34/><E93/><V32/><AGARI ba="4,2" hai="25,30,32,48,53,57,78,81,82,84,87,91,104,106" machi="32" ten="20,8000,1" yaku="1,1,0,1,7,1,52,2,53,0" doraHai="103" doraHaiUra="35" who="2" fromWho="2" sc="344,-24,323,-44,174,112,139,-24" /><INIT seed="2,0,0,1,5,40" ten="320,279,286,115" oya="2" hai0="110,48,14,8,132,81,116,86,88,63,94,84,58" hai1="99,37,109,34,113,18,26,65,92,59,9,128,53" hai2="19,16,55,127,112,115,119,4,5,39,6,121,135" hai3="12,22,100,54,32,87,31,72,21,52,66,60,67"/><V101/><F119/><W11/><G72/><T1/><D110/><U129/><E37/><V24/><F121/><W0/><G100/><T28/><D116/><U118/><E113/><V131/><F101/><W107/><G107/><T96/><D132/><U83/><E118/><V134/><F39/><W124/><G124/><T57/><D1/><U29/><E109/><V102/><F102/><W25/><G66/><T41/><D28/><U117/><E117/><V7/><F7/><W35/><G87/><T15/><D86/><U76/><E65/><V64/><F64/><W130/><G130/><N who="1" m="50282" /><E9/><V44/><F131/><W49/><G22/><T97/><D97/><U17/><E92/><V75/><F75/><W70/><G54/><N who="0" m="31943" /><D8/><U120/><E99/><V111/><F111/><W56/><REACH who="3" step="1"/><G0/><REACH who="3" ten="320,279,286,105" step="2"/><T105/><D105/><U104/><E104/><V33/><F127/><W61/><G61/><T114/><D114/><U82/><E120/><V133/><F112/><W80/><G80/><N who="1" m="30762" /><E76/><V125/><F115/><W77/><G77/><N who="0" m="46127" /><D41/><U47/><E59/><V123/><F125/><W27/><G27/><T43/><D43/><U62/><E62/><V95/><F123/><W38/><G38/><T42/><D42/><U23/><E34/><V30/><F95/><W74/><G74/><T13/><D58/><U103/><E103/><V79/><F79/><W20/><G20/><T3/><D3/><U91/><E91/><V108/><F108/><W45/><G45/><T10/><D63/><U36/><E36/><V89/><F89/><W51/><G51/><AGARI ba="0,1" hai="17,18,23,26,29,47,51,53" m="30762,50282" machi="51" ten="30,2000,0" yaku="19,1,52,1" doraHai="40" who="1" fromWho="3" sc="320,0,279,30,286,0,105,-20" /><AGARI ba="0,0" hai="4,5,6,16,19,24,30,33,44,51,55,133,134,135" machi="51" ten="50,9600,0" yaku="20,1,52,1,54,1" doraHai="40" who="2" fromWho="3" sc="320,0,309,0,286,96,85,-96" owari="320,12.0,309,-9.1,382,48.2,-11,-51.1" /></mjloggm>