<mjloggm ver="2.3"><GO type="225" lobby="0"/><UN n0="%E3%82%A4%E3%83%BC%E3%82%B1%E3%83%97%E3%83%A9" n1="%E5%85%83%E3%82%AB%E3%83%8E%E7%B3%BB%E3%83%92%E3%83%AD%E3%82%A4%E3%83%B3" n2="%E3%81%BF%E3%81%BF%E3%81%9A" n3="%72%61%6B%33" dan="16,16,17,16" rate="2176.39,2155.22,2264.64,2085.67" sx="M,M,M,M"/><TAIKYOKU oya="0"/><INIT seed="0,0,0,4,3,64" ten="250,250,250,250" oya="0" hai0="50,133,43,15,6,56,19,122,66,30,76,78,38" hai1="25,46,107,89,45,97,77,131,44,20,60,63,72" hai2="10,28,16,104,88,17,117,4,128,129,119,22,132" hai3="11,5,51,110,3,115,67,95,99,82,23,61,90"/><T2/><D2/><U42/><BYE who="0" /><E131/><N who="2" m="50251" /><F104/><W9/><G110/><T123/><D123/><U48/><E72/><V37/><F37/><W134/><G134/><T91/><D91/><U93/><E77/><V114/><F132/><W52/><G115/><T36/><D36/><U65/><E107/><V112/><F28/><W98/><G11/><T40/><D40/><U87/><E97/><V125/><F88/><W121/><G121/><T94/><D94/><U32/><E32/><V85/><F85/><W75/><G23/><T1/><D1/><U47/><REACH who="1" step="1"/><E65/><REACH who="1" ten="250,240,250,250" step="2"/><V81/><F125/><W26/><G99/><T124/><D124/><U127/><E127/><V34/><F34/><W69/><G75/><T96/><D96/><U105/><E105/><V14/><F81/><W24/><REACH who="3" step="1"/><G82/><REACH who="3" ten="250,240,250,240" step="2"/><T74/><D74/><U86/><E86/><UN n0="%E3%82%A4%E3%83%BC%E3%82%B1%E3%83%97%E3%83%A9" /><V33/><F33/><W106/><G106/><T79/><D133/><U68/><E68/><V35/><F35/><W92/><G92/><T103/><D122/><U130/><E130/><V70/><F70/><W57/><AGARI ba="0,2" hai="3,5,9,24,26,51,52,57,61,67,69,90,95,98" machi="57" ten="20,8000,1" yaku="1,1,0,1,7,1,52,1,54,1,53,0" doraHai="64" doraHaiUra="113" who="3" fromWho="3" sc="250,-40,240,-20,250,-20,240,100" /><INIT seed="1,0,0,3,2,98" ten="210,220,230,340" oya="1" hai0="16,121,55,63,31,30,116,135,88,44,87,12,32" hai1="97,28,6,66,42,77,53,93,117,61,86,102,85" hai2="40,36,94,1,24,105,62,75,106,54,123,111,14" hai3="27,100,59,56,80,125,74,68,120,58,103,4,118"/><U47/><E117/><V76/><F1/><W129/><G120/><T34/><D116/><U79/><E6/><V72/><F123/><W52/><G118/><T15/><D121/><U2/><E2/><V13/><F94/><W25/><G68/><T131/><D131/><U49/><E28/><N who="0" m="10793" /><D32/><U51/><E86/><V48/><F24/><N who="3" m="9291" /><G74/><T23/><D34/><U92/><E61/><V134/><F62/><W10/><G125/><T19/><D135/><U122/><E66/><V124/><F40/><W69/><G69/><T130/><D130/><U82/><E122/><V64/><F36/><W90/><G129/><T71/><D71/><U50/><E77/><V5/><F64/><W115/><G115/><T33/><D33/><U112/><E112/><V99/><F124/><W104/><G104/><T9/><D44/><U113/><E113/><V41/><F134/><W3/><G3/><T39/><D39/><U38/><REACH who="1" step="1"/><E92/><REACH who="1" ten="210,210,230,340" step="2"/><V108/><F106/><W22/><G4/><T37/><D63/><U84/><E84/><V70/><F5/><W46/><G80/><N who="0" m="49255" /><D37/><U18/><E18/><V0/><F0/><W119/><G119/><T43/><D55/><AGARI ba="0,1" hai="38,42,47,49,50,51,53,55,79,82,85,93,97,102" machi="55" ten="40,3900,0" yaku="1,1,52,1,53,0" doraHai="98" doraHaiUra="57" who="1" fromWho="0" sc="210,-39,210,49,230,0,340,0" /><INIT seed="1,1,0,2,4,131" ten="171,259,230,340" oya="1" hai0="105,71,41,119,69,35,44,76,127,66,4,67,75" hai1="55,68,13,49,45,87,61,22,113,18,88,21,116" hai2="90,94,73,53,106,28,43,54,132,15,50,77,89" hai3="58,51,78,12,122,14,92,31,10,2,126,81,99"/><U63/><E113/><V129/><F106/><W135/><G135/><T38/><D35/><U128/><E116/><V7/><F129/><W84/><G126/><T114/><D105/><U9/><E128/><V0/><F0/><W64/><G122/><T5/><D114/><U65/><REACH who="1" step="1"/><E63/><REACH who="1" ten="171,249,230,340" step="2"/><V70/><F132/><W26/><G2/><T102/><D119/><U100/><E100/><V52/><F70/><W34/><G10/><T91/><D102/><U37/><E37/><V120/><F120/><W47/><G64/><T48/><D67/><U59/><E59/><V97/><F73/><W83/><G58/><T74/><D69/><U39/><E39/><V1/><F1/><W30/><G51/><T109/><D38/><U32/><E32/><V33/><F33/><W80/><G34/><T82/><D75/><U79/><E79/><V27/><F77/><W24/><G78/><T125/><D66/><U85/><E85/><V8/><F90/><W29/><G84/><T117/><D71/><U56/><E56/><V62/><F62/><W101/><G47/><T16/><D117/><U17/><E17/><V6/><F7/><N who="0" m="2634" /><D91/><U23/><E23/><N who="2" m="15487" /><F50/><W134/><G134/><T104/><D16/><U98/><E98/><V124/><F124/><N who="0" m="47690" /><D109/><U112/><E112/><V111/><F111/><W103/><G101/><T95/><D104/><U108/><E108/><V93/><F93/><AGARI ba="1,1" hai="41,44,48,74,76,82,93,95" m="47690,2634" machi="93" ten="30,1000,0" yaku="18,1" doraHai="131" who="0" fromWho="2" sc="171,23,249,0,230,-13,340,0" /><AGARI ba="1,0" hai="9,13,18,21,22,45,49,55,61,65,68,87,88,93" machi="93" ten="30,11600,0" yaku="1,1,7,1,54,1,53,1" doraHai="131" doraHaiUra="46" who="1" fromWho="2" sc="194,0,249,116,217,-116,340,0" /><INIT seed="1,2,0,2,0,1" ten="194,365,101,340" oya="1" hai0="63,123,65,54,44,62,72,95,81,29,36,114,56" hai1="96,101,2,111,98,132,68,3,83,131,92,107,106" hai2="53,82,135,94,11,77,89,67,52,112,115,13,24" hai3="100,58,57,60,27,28,34,8,130,93,118,74,22"/><U113/><E113/><N who="2" m="43595" /><F67/><W15/><G130/><T99/><D114/><U105/><E68/><V61/><F61/><W85/><G74/><T126/><D126/><U59/><E59/><V108/><F24/><W76/><G118/><T133/><D133/><U90/><E3/><V78/><F135/><W128/><G128/><T71/><D123/><U55/><E55/><N who="2" m="21067" /><F82/><W40/><G40/><T121/><D121/><U103/><E2/><V122/><F122/><W129/><G129/><T134/><D134/><U23/><E132/><V7/><F108/><W33/><G57/><T66/><D29/><U17/><E131/><V30/><F30/><W86/><G33/><T87/><D72/><U10/><E10/><V25/><F25/><W104/><G34/><T19/><D19/><U110/><E17/><V32/><F32/><W20/><G20/><T35/><D35/><U48/><E23/><V21/><F21/><W50/><G22/><T12/><D12/><U109/><E48/><V84/><AGARI ba="2,0" hai="7,11,13,77,78,84,89,94" m="21067,43595" machi="84" ten="30,4000,0" yaku="11,1,52,1,54,1" doraHai="1" who="2" fromWho="2" sc="194,-12,365,-22,101,46,340,-12" /><INIT seed="2,0,0,3,3,6" ten="182,343,147,328" oya="2" hai0="26,103,112,5,85,59,42,13,70,45,76,61,40" hai1="50,71,37,86,60,53,110,51,130,32,102,22,105" hai2="114,100,77,113,82,35,30,122,19,8,80,104,24" hai3="125,94,11,54,91,117,81,126,133,87,101,115,127"/><V28/><F122/><W90/><G117/><T107/><D70/><U129/><E32/><V62/><F30/><W36/><G36/><T128/><D112/><U106/><E37/><V47/><F82/><W57/><G115/><T72/><D72/><U88/><E110/><V116/><F116/><W84/><G133/><T66/><D128/><N who="1" m="49259" /><E22/><V44/><F47/><W15/><G101/><T69/><D69/><U1/><E1/><V119/><F119/><W73/><G73/><T111/><D111/><U65/><E102/><V108/><F108/><W96/><G96/><T52/><D103/><U56/><E51/><V39/><F62/><W74/><G74/><T109/><D26/><U23/><E23/><V7/><F19/><W33/><G33/><T20/><D107/><U2/><E2/><N who="2" m="119" /><F100/><W121/><G121/><T63/><D109/><U93/><AGARI ba="0,0" hai="50,53,56,60,65,71,86,88,93,105,106" m="49259" machi="93" ten="30,2000,0" yaku="19,1,54,1" doraHai="6" who="1" fromWho="1" sc="182,-5,343,20,147,-10,328,-5" /><INIT seed="3,0,0,5,3,51" ten="177,363,137,323" oya="3" hai0="38,79,73,27,48,17,54,104,25,118,114,111,88" hai1="103,12,99,71,87,22,41,63,9,85,34,84,36" hai2="31,53,19,76,60,24,0,112,124,131,105,29,100" hai3="32,10,11,42,75,57,125,133,120,30,45,5,115"/><W8/><G120/><T43/><D104/><U6/><E34/><V4/><F112/><W101/><G115/><T106/><D114/><U39/><E41/><V64/><F76/><W59/><G75/><T98/><D118/><U37/><E22/><V91/><F124/><W116/><G116/><T90/><D111/><U96/><REACH who="1" step="1"/><E103/><REACH who="1" ten="177,353,137,323" step="2"/><V74/><F74/><W20/><G32/><T7/><D43/><U58/><E58/><N who="2" m="36887" /><F105/><W56/><G125/><T26/><D38/><U95/><E95/><V28/><F100/><W62/><G101/><T107/><D107/><U82/><E82/><V16/><F0/><W127/><G127/><T67/><D73/><U15/><E15/><V50/><F131/><W132/><G62/><T123/><D123/><U119/><E119/><V128/><F128/><W47/><G5/><T77/><D7/><U52/><E52/><V130/><F130/><W129/><G129/><T80/><D106/><U92/><E92/><V61/><F4/><W93/><G93/><N who="0" m="56615" /><D67/><AGARI ba="0,1" hai="6,9,12,36,37,39,63,67,71,84,85,87,96,99" machi="67" ten="50,1600,0" yaku="1,1,53,0" doraHai="51" doraHaiUra="40" who="1" fromWho="0" sc="177,-16,353,26,137,0,323,0" owari="161,-23.9,379,47.9,137,-36.3,323,12.3" /></mjloggm>