<mjloggm ver="2.3"><GO type="225" lobby="0"/><UN n0="%E3%81%90%E3%81%A1%E3%82%84%E3%81%BE" n1="%43%68%65" n2="%E6%A1%9C%E8%8A%B1%E9%96%83%E3%80%85" n3="%E4%B8%AD%E5%B9%B4%E3%81%AE%E5%8D%B1%E6%A9%9F" dan="16,16,16,16" rate="2144.21,2217.50,2097.12,2126.78" sx="M,M,M,M"/><TAIKYOKU oya="0"/><INIT seed="0,0,0,1,2,86" ten="250,250,250,250" oya="0" hai0="69,104,129,72,83,48,26,106,16,3,84,108,105" hai1="60,38,77,20,130,76,78,82,117,70,81,44,18" hai2="101,97,100,47,109,75,118,21,87,29,43,46,45" hai3="131,93,0,40,110,94,120,102,132,9,58,107,67"/><T92/><D69/><U114/><E117/><V66/><F75/><W121/><G40/><T53/><D3/><U12/><E130/><V24/><F118/><W127/><G67/><T56/><D129/><U49/><E38/><V65/><F109/><W30/><G30/><T27/><D108/><U14/><E114/><V34/><F43/><W57/><G110/><T135/><D135/><U10/><E60/><V73/><F73/><W11/><G131/><T125/><D125/><U123/><E123/><N who="3" m="47178" /><G0/><T115/><D115/><U8/><E70/><V51/><F51/><W17/><G17/><T6/><D6/><N who="1" m="3095" /><E20/><V4/><F34/><W32/><G32/><T7/><D7/><U61/><E61/><V113/><F113/><W90/><G107/><T96/><D72/><U22/><E22/><V35/><F35/><W89/><G102/><T28/><D28/><U36/><E36/><V54/><F100/><W122/><N who="3" m="47186" /><W52/><DORA hai="59" /><G127/><T1/><D1/><U95/><E95/><N who="3" m="36362" /><G132/><T41/><D41/><AGARI ba="0,0" hai="10,14,18,41,44,49,76,77,78,81,82" m="3095" machi="41" ten="30,1000,0" yaku="8,1" doraHai="86,59" who="1" fromWho="0" sc="250,-10,250,10,250,0,250,0" /><INIT seed="1,0,0,0,2,13" ten="240,260,250,250" oya="1" hai0="127,7,95,38,53,17,68,23,100,47,63,75,121" hai1="112,32,91,51,109,50,30,33,11,54,61,19,55" hai2="46,22,85,116,129,108,130,56,120,106,86,115,48" hai3="21,58,87,26,104,49,72,43,62,71,103,83,133"/><U16/><E112/><V15/><F116/><W41/><G72/><T25/><D75/><U102/><E109/><V67/><F120/><W84/><G133/><T5/><D127/><U122/><E122/><V77/><F106/><W131/><G131/><N who="2" m="50185" /><F108/><W37/><G37/><T1/><D121/><U73/><E73/><V60/><F77/><W34/><G34/><T66/><D1/><U76/><E76/><V28/><F115/><W64/><G104/><T45/><D45/><U74/><E102/><V126/><F126/><W107/><G107/><T118/><D118/><U24/><E33/><V40/><F28/><W135/><G103/><T134/><D134/><U123/><E123/><V4/><F4/><W65/><G135/><T8/><D8/><U94/><E74/><V111/><F111/><W2/><G2/><T18/><D18/><AGARI ba="0,0" hai="15,18,22,40,46,48,56,60,67,85,86" m="50185" machi="18" ten="30,2000,0" yaku="19,1,52,1" doraHai="13" who="2" fromWho="0" sc="240,-20,260,0,250,20,250,0" /><INIT seed="2,0,0,0,5,91" ten="220,260,270,250" oya="2" hai0="97,14,51,65,0,25,112,22,84,29,71,62,70" hai1="3,63,102,75,111,72,57,131,120,79,122,40,2" hai2="69,78,108,5,1,42,114,37,66,85,20,21,48" hai3="124,35,67,94,74,32,95,30,7,132,19,103,6"/><V41/><F114/><W104/><G74/><N who="1" m="28202" /><E79/><V125/><F37/><W128/><G104/><T17/><D112/><U56/><E40/><V38/><F38/><W113/><G113/><T130/><D130/><U116/><E131/><V73/><F73/><W90/><G128/><T26/><D0/><N who="1" m="43" /><E102/><V52/><F125/><W135/><G124/><T8/><D84/><U109/><E116/><V99/><F108/><N who="1" m="41545" /><E63/><V36/><F42/><W86/><G19/><T43/><D26/><U77/><E77/><V34/><F41/><W27/><G32/><T60/><D97/><U12/><E12/><V81/><F36/><W129/><G129/><T83/><D83/><U93/><E93/><V33/><F99/><N who="3" m="59895" /><G67/><T23/><D8/><U134/><E134/><AGARI ba="0,0" hai="6,7,27,30,35,86,90,95,132,134,135" m="59895" machi="134" ten="30,3900,0" yaku="20,1,52,2" doraHai="91" who="3" fromWho="1" sc="220,0,260,-39,270,0,250,39" /><INIT seed="3,0,0,1,2,47" ten="220,221,270,289" oya="3" hai0="54,78,92,10,117,129,20,96,46,1,42,112,110" hai1="5,11,27,84,119,107,102,94,116,56,105,91,65" hai2="44,99,30,73,32,19,58,63,90,17,3,113,81" hai3="108,126,128,67,31,89,45,21,29,22,2,8,48"/><W115/><G115/><T82/><D117/><N who="1" m="45131" /><E102/><V64/><F113/><W33/><G126/><T15/><D112/><U51/><E27/><V86/><F3/><W85/><G33/><T7/><D110/><U88/><E91/><V74/><F32/><W0/><G0/><T133/><D129/><U70/><E70/><V25/><F30/><N who="3" m="11275" /><G2/><T23/><D133/><U75/><E75/><V98/><F73/><W106/><G106/><N who="1" m="40458" /><E65/><V14/><F74/><W135/><G128/><T66/><D66/><U41/><E41/><V103/><F103/><W93/><G135/><T87/><D1/><N who="1" m="431" /><E56/><V118/><F118/><W26/><G108/><T16/><D7/><U77/><E77/><V12/><F25/><W60/><G8/><T36/><REACH who="0" step="1"/><D54/><REACH who="0" ten="210,221,270,289" step="2"/><U13/><E13/><V43/><F12/><W101/><G26/><T124/><D124/><U114/><E114/><V132/><F132/><W83/><G67/><T109/><D109/><U9/><E9/><V97/><REACH who="2" step="1"/><F14/><REACH who="2" ten="210,221,260,289" step="2"/><W55/><G21/><T40/><D40/><U72/><E72/><V130/><F130/><W38/><G22/><T68/><D68/><U123/><E123/><V122/><F122/><W35/><G35/><T121/><D121/><U6/><E6/><V79/><F79/><W4/><G4/><T53/><D53/><U24/><E24/><V37/><AGARI ba="0,2" hai="17,19,37,43,44,58,63,64,81,86,90,97,98,99" machi="37" ten="30,2000,0" yaku="1,1,0,1,53,0" doraHai="47" doraHaiUra="120" who="2" fromWho="2" sc="210,-5,221,-5,260,40,289,-10" owari="205,-29.5,216,-18.4,300,40.0,279,7.9" /></mjloggm>