<mjloggm ver="2.3"><GO type="225" lobby="0"/><UN n0="%E6%A1%9C%E8%8A%B1%E9%96%83%E3%80%85" n1="%E3%81%8B%E3%82%8F%E3%81%A1%E3%82%83%E3%82%93%35%38" n2="%E3%83%B4%E3%83%A0%EF%BC%99%E3%81%A6" n3="%4B%2E%32%2E%4B%2E" dan="16,16,17,17" rate="2201.97,2160.67,2120.80,2197.00" sx="M,M,M,M"/><TAIKYOKU oya="0"/><INIT seed="0,0,0,1,5,92" ten="250,250,250,250" oya="0" hai0="121,7,14,32,39,2,130,1,42,69,117,87,59" hai1="37,56,67,16,29,124,43,113,104,5,131,0,84" hai2="122,105,120,26,85,135,27,64,31,102,62,22,9" hai3="48,35,96,12,116,77,78,101,4,53,82,126,30"/><T73/><D59/><U99/><E29/><V94/><F135/><W57/><G116/><T8/><D87/><U52/><E124/><V60/><F60/><W3/><G3/><T93/><D93/><U106/><E131/><V125/><F125/><W20/><G126/><T44/><D117/><U88/><E113/><V47/><F9/><W71/><G71/><T23/><D121/><U123/><E123/><V95/><F47/><W119/><G119/><T55/><D32/><U70/><E0/><V112/><F112/><W13/><G35/><T50/><D130/><U80/><E5/><V110/><F27/><W111/><G111/><T129/><D129/><U133/><E133/><V90/><F95/><N who="3" m="58527" /><G82/><T98/><D73/><U100/><E70/><V118/><F110/><W115/><G115/><T40/><D69/><U75/><E67/><V108/><F108/><W54/><G54/><T58/><D42/><U10/><E75/><V36/><F36/><W11/><G30/><T83/><D83/><U18/><E10/><V33/><F118/><W91/><G91/><T45/><D23/><U89/><E89/><V109/><F22/><W79/><G79/><T81/><D81/><U6/><E106/><V76/><F76/><W63/><G63/><T107/><REACH who="0" step="1"/><D44/><REACH who="0" ten="240,250,250,250" step="2"/><U28/><E43/><V127/><F109/><W34/><G34/><T61/><D61/><U128/><E128/><V41/><F41/><W65/><G65/><T103/><AGARI ba="0,1" hai="1,2,7,8,14,39,40,45,50,55,58,98,103,107" machi="103" ten="30,6000,0" yaku="1,1,0,1,52,1,53,0" doraHai="92" doraHaiUra="72" who="0" fromWho="0" sc="240,70,250,-20,250,-20,250,-20" /><INIT seed="0,1,0,3,1,124" ten="310,230,230,230" oya="0" hai0="69,100,52,60,32,42,83,72,110,115,11,76,88" hai1="6,125,17,82,5,89,123,131,94,99,96,103,49" hai2="61,12,120,29,2,121,3,54,87,90,50,27,104" hai3="21,16,59,10,62,135,30,118,75,51,80,65,8"/><T109/><D115/><U86/><E123/><V105/><F120/><W46/><G118/><T0/><D32/><U127/><E131/><V39/><F39/><W43/><G135/><T133/><D133/><U26/><E49/><V112/><F112/><W81/><G30/><T85/><D42/><U18/><E26/><V31/><F31/><W9/><REACH who="3" step="1"/><G75/><REACH who="3" ten="310,230,230,220" step="2"/><T53/><D72/><U73/><E73/><V132/><F29/><W44/><G44/><T128/><D128/><U114/><E114/><V119/><F132/><W34/><G34/><T113/><D113/><U107/><E127/><V56/><F119/><W7/><G7/><N who="0" m="1511" /><D76/><U24/><E125/><V122/><F122/><W97/><G97/><T15/><D100/><U47/><E47/><V41/><F121/><W13/><AGARI ba="1,1" hai="8,9,10,13,16,21,43,46,51,59,62,65,80,81" machi="13" ten="30,7900,0" yaku="1,1,0,1,8,1,54,1,53,0" doraHai="124" doraHaiUra="70" who="3" fromWho="3" sc="310,-40,230,-21,230,-21,220,92" /><INIT seed="1,0,0,4,3,67" ten="270,209,209,312" oya="1" hai0="19,101,81,106,63,77,124,118,102,51,45,40,82" hai1="104,7,83,115,60,61,78,47,84,96,122,8,135" hai2="37,9,21,103,10,71,27,94,34,13,26,89,24" hai3="110,132,120,127,91,55,4,5,23,119,29,20,44"/><U28/><E122/><V95/><F37/><W33/><G120/><T46/><D118/><U134/><E115/><V113/><F113/><W100/><G119/><T121/><D121/><U80/><E28/><V2/><F34/><W98/><G33/><T22/><D124/><U12/><E83/><N who="0" m="31753" /><D106/><U131/><E131/><V35/><F35/><W105/><G132/><N who="1" m="50730" /><E47/><V125/><F125/><W72/><G110/><T75/><D75/><U93/><E104/><V18/><F2/><W74/><G20/><T112/><D112/><U92/><E92/><V11/><F103/><AGARI ba="0,0" hai="7,8,12,60,61,78,80,84,93,96,103" m="50730" machi="103" ten="30,1500,0" yaku="20,1" doraHai="67" who="1" fromWho="2" sc="270,0,209,15,209,-15,312,0" /><INIT seed="1,1,0,4,1,75" ten="270,224,194,312" oya="1" hai0="129,113,23,117,104,74,108,62,24,60,43,46,28" hai1="92,99,48,109,119,116,9,102,57,85,66,87,107" hai2="56,61,120,82,12,112,7,65,16,118,78,110,77" hai3="89,125,27,50,94,15,51,96,55,135,47,4,134"/><U122/><E122/><V114/><F118/><W53/><G125/><T103/><D117/><U72/><E109/><V21/><F120/><W40/><G27/><T3/><D113/><N who="2" m="43626" /><F110/><W71/><G71/><T81/><D108/><U41/><E72/><V32/><F32/><W14/><G40/><T98/><D3/><U17/><E107/><V88/><F7/><W95/><G4/><T126/><D129/><U54/><E119/><V97/><F82/><W6/><G6/><T133/><D133/><N who="3" m="50697" /><G95/><AGARI ba="1,0" hai="12,16,21,56,61,65,77,78,88,95,97" m="43626" machi="95" ten="30,8000,1" yaku="11,1,52,2,54,2" doraHai="75" who="2" fromWho="3" sc="270,0,224,0,194,83,312,-83" /><INIT seed="2,0,0,4,5,30" ten="270,224,277,229" oya="2" hai0="58,46,113,134,22,129,123,94,103,25,74,24,86" hai1="50,89,99,67,118,104,97,41,83,59,49,61,68" hai2="3,91,56,29,40,51,73,133,12,102,16,38,11" hai3="19,96,55,78,14,132,48,18,17,47,62,131,100"/><V71/><F73/><W31/><G131/><T7/><D123/><U53/><E118/><V64/><F133/><W107/><G132/><T45/><D134/><U76/><E104/><V27/><F3/><W124/><G124/><T135/><D74/><U9/><E89/><V87/><F71/><W130/><G130/><T115/><D129/><U20/><E20/><V79/><F102/><W75/><G62/><T111/><D111/><U15/><E49/><V85/><F38/><W127/><G127/><T6/><D135/><U93/><E93/><V26/><F40/><W90/><G31/><T72/><D58/><U37/><E41/><V42/><F42/><W43/><G90/><T77/><D72/><U2/><E2/><V0/><F0/><W52/><REACH who="3" step="1"/><G14/><REACH who="3" ten="270,224,277,219" step="2"/><T105/><D113/><U65/><E65/><V116/><F29/><W8/><G8/><T39/><D115/><U81/><E37/><V13/><F13/><W112/><G112/><T119/><D39/><U95/><E76/><V66/><F116/><W35/><G35/><T57/><D77/><U80/><REACH who="1" step="1"/><E95/><REACH who="1" ten="270,214,277,219" step="2"/><N who="2" m="54767" /><F64/><W54/><G54/><T84/><D119/><U69/><E69/><V98/><F66/><W128/><G128/><T108/><D94/><U121/><E121/><V125/><F125/><W60/><G60/><T101/><D105/><U23/><E23/><V34/><F34/><W88/><G88/><T63/><D22/><U109/><E109/><V70/><F70/><W126/><G126/><T117/><D117/><U120/><E120/><V106/><F79/><W32/><G32/><T10/><D108/><RYUUKYOKU ba="0,2" sc="270,-15,214,15,277,-15,219,15" hai1="9,15,50,53,59,61,67,68,80,81,83,97,99" hai3="17,18,19,43,47,48,52,55,75,78,96,100,107" /><INIT seed="3,1,2,5,0,16" ten="255,229,262,234" oya="3" hai0="126,19,99,53,46,2,56,42,18,68,9,86,119" hai1="89,129,57,82,58,26,75,70,122,66,29,92,44" hai2="15,55,14,108,98,36,83,5,131,39,90,38,118" hai3="104,48,7,117,84,109,60,28,113,11,110,135,52"/><W125/><G113/><T130/><D119/><U62/><E122/><V10/><F118/><W106/><G117/><T13/><D68/><U76/><E129/><V4/><F131/><W121/><G121/><T134/><D130/><U63/><E44/><V107/><F108/><N who="3" m="41579" /><G125/><T65/><D2/><U31/><E31/><V111/><F111/><W120/><G135/><T102/><D65/><U77/><E77/><V6/><F107/><W1/><G120/><T30/><D30/><U128/><E128/><V37/><F37/><W133/><G133/><T54/><D126/><U74/><E74/><V79/><F55/><W78/><G60/><T87/><D18/><U112/><E63/><V50/><F50/><W27/><G84/><T8/><D8/><U72/><E72/><V17/><F98/><W43/><G78/><T127/><D127/><U116/><E112/><V71/><F71/><W69/><G43/><T103/><D134/><U24/><E116/><V0/><F0/><W97/><G97/><T22/><D99/><U85/><REACH who="1" step="1"/><E24/><REACH who="1" ten="255,219,262,234" step="2"/><V12/><F79/><W41/><G41/><T35/><D42/><U95/><E95/><V124/><F124/><W94/><G94/><T96/><D54/><U101/><E101/><V3/><F36/><W91/><G91/><T115/><D103/><U123/><E123/><V23/><F38/><W88/><G88/><T73/><D102/><U25/><E25/><N who="2" m="14575" /><F39/><W105/><G69/><T67/><D115/><U49/><E49/><V100/><F100/><W45/><G106/><T34/><D53/><U21/><AGARI ba="1,3" hai="21,26,29,57,58,62,66,70,75,76,82,85,89,92" machi="21" ten="20,5200,0" yaku="1,1,0,1,7,1,52,1,53,0" doraHai="16" doraHaiUra="93" who="1" fromWho="1" sc="255,-14,219,85,262,-14,234,-27" owari="241,-15.9,304,40.4,248,4.8,207,-29.3" /></mjloggm>