<mjloggm ver="2.3"><GO type="225" lobby="0"/><UN n0="%E3%83%96%E3%83%83%E3%83%91%E3%82%AA%E3%83%96%E3%83%81%E3%82%AD%E3%83%B3" n1="%E6%A1%9C%E6%B2%A2%E5%A2%A8" n2="%72%65%6E%6B%75%6E" n3="%77%72%77%72%77%72%77%72" dan="16,17,17,16" rate="2152.99,2184.40,2220.95,2151.11" sx="M,F,M,M"/><TAIKYOKU oya="0"/><INIT seed="0,0,0,2,0,36" ten="250,250,250,250" oya="0" hai0="65,126,121,11,19,4,66,99,77,48,49,56,128" hai1="46,18,135,107,37,29,93,85,124,91,58,86,47" hai2="127,89,52,59,32,7,125,63,101,84,55,62,54" hai3="45,35,83,94,71,25,12,39,75,95,28,64,34"/><T70/><D121/><U33/><E107/><V69/><F32/><W1/><G1/><T21/><D70/><U10/><E135/><V15/><F101/><W96/><G12/><N who="0" m="5223" /><D126/><N who="2" m="48138" /><F69/><W5/><G5/><T3/><D3/><U30/><E124/><V68/><F68/><W109/><G109/><T26/><D128/><U132/><E132/><V31/><F31/><N who="1" m="11785" /><E37/><V122/><F122/><W98/><G64/><N who="0" m="24683" /><D77/><U42/><E33/><V80/><F59/><W100/><G71/><T79/><D79/><U24/><E58/><V17/><F7/><W134/><G134/><T57/><D99/><U53/><E53/><N who="2" m="13571" /><V120/><DORA hai="14" /><F120/><W8/><G8/><AGARI ba="0,0" hai="8,15,17,62,63,80,84,89" m="13571,48138" machi="8" ten="40,5200,0" yaku="18,1,52,1,54,1" doraHai="36,14" who="2" fromWho="3" sc="250,0,250,0,250,52,250,-52" /><INIT seed="1,0,0,1,0,59" ten="250,250,302,198" oya="1" hai0="9,77,113,99,118,86,72,112,13,88,82,4,100" hai1="50,117,38,129,53,128,96,64,54,114,81,107,80" hai2="74,90,37,5,23,108,26,123,121,47,33,76,70" hai3="18,104,109,62,35,57,29,24,78,34,83,41,119"/><U75/><E38/><V7/><F70/><W10/><G109/><T60/><D118/><U135/><E117/><V127/><F33/><W44/><G119/><T134/><D134/><U39/><E39/><V69/><F69/><W43/><G104/><T92/><REACH who="0" step="1"/><D60/><REACH who="0" ten="240,250,302,198" step="2"/><U61/><E135/><V97/><F123/><W55/><G34/><T79/><D79/><U122/><E122/><V52/><F76/><W51/><G10/><T15/><D15/><U131/><E114/><V94/><F121/><W30/><G30/><T126/><D126/><U116/><E116/><V120/><F127/><W66/><REACH who="3" step="1"/><G18/><REACH who="3" ten="240,250,302,188" step="2"/><T111/><D111/><U16/><E16/><V31/><F108/><W132/><G132/><T42/><D42/><U46/><E129/><V67/><F31/><W14/><G14/><T95/><AGARI ba="0,2" hai="4,9,13,72,77,82,86,88,92,95,99,100,112,113" machi="95" ten="20,5200,0" yaku="1,1,0,1,7,1,54,1,53,0" doraHai="59" doraHaiUra="115" who="0" fromWho="0" sc="240,72,250,-26,302,-13,188,-13" /><INIT seed="2,0,0,5,3,100" ten="312,224,289,175" oya="2" hai0="54,98,64,65,130,96,83,35,39,132,56,17,49" hai1="117,108,71,90,4,10,57,66,61,92,59,15,114" hai2="19,24,112,13,76,28,44,127,7,12,1,85,78" hai3="46,53,26,25,52,72,23,43,41,131,58,105,80"/><V3/><F112/><W9/><G131/><T38/><D35/><U107/><E114/><V82/><F127/><W101/><G9/><T37/><D130/><U102/><E117/><V74/><F78/><W18/><G26/><T123/><D123/><U62/><E108/><V133/><F133/><W11/><G11/><T120/><D120/><U106/><E102/><V93/><F7/><W87/><G72/><T128/><D128/><U50/><E50/><V0/><F19/><W99/><G46/><T134/><D17/><U16/><E4/><V91/><REACH who="2" step="1"/><F44/><REACH who="2" ten="312,224,279,175" step="2"/><W70/><G70/><T109/><D134/><U2/><E71/><V111/><F111/><W79/><REACH who="3" step="1"/><G53/><REACH who="3" ten="312,224,279,165" step="2"/><T40/><D54/><U48/><E2/><V103/><F103/><W6/><G6/><T126/><D109/><U119/><E119/><V67/><F67/><W135/><G135/><T113/><D65/><U45/><E45/><V69/><F69/><W94/><G94/><T42/><D64/><U21/><E66/><V77/><F77/><W60/><AGARI ba="0,2" hai="18,23,25,41,43,52,58,60,79,80,87,99,101,105" machi="60" ten="20,8000,1" yaku="1,1,0,1,7,1,52,1,54,1,53,0" doraHai="100" doraHaiUra="8" who="3" fromWho="3" sc="312,-20,224,-20,279,-40,165,100" /><INIT seed="3,0,0,1,0,70" ten="292,204,239,265" oya="3" hai0="96,76,102,4,101,113,47,44,50,25,105,5,109" hai1="75,67,26,68,61,24,134,69,117,37,30,17,28" hai2="99,114,78,32,36,29,124,57,82,118,83,22,13" hai3="129,73,128,120,45,34,21,104,106,90,88,72,53"/><W80/><G34/><T86/><D109/><U71/><E75/><N who="3" m="28746" /><G21/><T131/><D131/><N who="3" m="50249" /><G53/><N who="0" m="29895" /><D105/><N who="3" m="40553" /><G45/><T125/><D47/><U2/><E134/><V65/><F22/><W115/><G115/><T85/><D25/><U84/><E117/><V41/><F118/><W132/><G132/><T87/><D113/><U58/><E2/><V7/><F114/><W93/><G120/><T54/><D54/><U46/><E84/><V81/><F32/><W127/><G127/><T18/><D86/><U42/><REACH who="1" step="1"/><E17/><REACH who="1" ten="292,194,239,265" step="2"/><V49/><F124/><W122/><G122/><T59/><D87/><U135/><E135/><V1/><F99/><W112/><G112/><T40/><D85/><U23/><E23/><V98/><F98/><W133/><G133/><T116/><D96/><U123/><E123/><V111/><F111/><W77/><G93/><T20/><D20/><U130/><E130/><V9/><F1/><W91/><G77/><T56/><D76/><U48/><E48/><V3/><F78/><W66/><G80/><T27/><D116/><U6/><E6/><V100/><F3/><W121/><G121/><T55/><D4/><U60/><E60/><N who="2" m="38031" /><F49/><W110/><G110/><T19/><D5/><U79/><E79/><V126/><F126/><W95/><G95/><T97/><D125/><U52/><E52/><V94/><F94/><W119/><G119/><T51/><D19/><U15/><E15/><V63/><F63/><W35/><G35/><T12/><D18/><U14/><E14/><V39/><F82/><W64/><AGARI ba="0,1" hai="64,66,88,90,91" m="40553,50249,28746" machi="64" ten="40,12000,1" yaku="28,2,19,1,54,1" doraHai="70" who="3" fromWho="3" sc="292,-40,194,-40,239,-40,265,130" owari="252,5.2,154,-34.6,199,-20.1,395,49.5" /></mjloggm>