<mjloggm ver="2.3"><GO type="225" lobby="0"/><UN n0="%E5%A4%96%E5%B7%9D%E7%AB%9C%E6%88%90" n1="%E7%B4%94%E6%BD%94%E3%83%94%E3%83%A9%E3%83%8B%E3%82%A2" n2="%33%74%72%65%65" n3="%E3%83%96%E3%83%83%E3%83%91%E3%82%AA%E3%83%96%E3%83%81%E3%82%AD%E3%83%B3" dan="16,16,17,16" rate="2088.78,2134.72,2185.36,2093.28" sx="M,M,F,M"/><TAIKYOKU oya="0"/><INIT seed="0,0,0,3,0,42" ten="250,250,250,250" oya="0" hai0="129,77,15,69,29,89,73,101,113,92,125,48,96" hai1="14,50,76,35,68,90,55,128,2,100,39,30,88" hai2="60,44,62,132,18,34,7,126,22,31,16,26,64" hai3="37,27,46,4,17,98,5,116,45,28,72,8,97"/><T109/><D113/><U131/><E39/><V52/><F132/><W6/><G116/><T57/><D69/><U67/><E2/><V24/><F126/><W121/><G72/><T127/><D129/><N who="1" m="49739" /><E76/><V111/><F111/><W80/><G80/><N who="0" m="45103" /><D29/><U82/><E82/><V99/><F7/><W91/><G121/><T53/><D15/><U40/><E40/><V87/><F87/><W122/><G122/><T112/><D112/><U59/><E100/><V66/><F99/><N who="3" m="37899" /><G37/><T70/><D70/><U9/><E30/><V123/><F123/><W49/><G91/><T107/><D109/><U110/><E35/><V120/><F120/><W115/><G115/><T102/><D102/><U23/><E23/><N who="2" m="13415" /><F31/><W74/><G74/><T43/><D43/><U71/><E71/><V56/><F34/><W133/><G133/><T119/><D119/><U12/><E110/><V105/><F105/><W103/><G103/><T79/><D79/><U36/><E36/><V47/><F62/><W63/><G63/><T33/><D33/><U135/><E135/><V134/><F134/><W118/><G118/><T86/><AGARI ba="0,0" hai="48,53,57,86,89,92,96,101,107,125,127" m="45103" machi="86" ten="30,1500,0" yaku="24,1" doraHai="42" who="0" fromWho="0" sc="250,15,250,-5,250,-5,250,-5" /><INIT seed="0,1,0,5,4,56" ten="265,245,245,245" oya="0" hai0="48,39,67,122,133,127,22,63,107,113,92,66,24" hai1="14,17,101,116,20,86,99,94,73,38,111,11,81" hai2="16,41,7,70,34,58,71,109,45,83,87,40,9" hai3="10,4,119,27,33,120,84,125,131,65,55,134,21"/><T96/><D113/><U25/><E116/><V128/><F109/><W64/><G119/><T132/><D122/><U42/><E111/><V47/><F34/><W118/><G118/><T37/><D107/><U123/><E123/><V26/><F71/><W97/><G33/><T29/><D48/><U5/><E38/><V51/><F70/><W91/><G120/><T46/><D127/><U110/><E110/><V114/><F114/><W35/><G35/><T18/><D18/><U74/><REACH who="1" step="1"/><E42/><REACH who="1" ten="265,235,245,245" step="2"/><V31/><F41/><W57/><G125/><T52/><D39/><U88/><AGARI ba="1,1" hai="5,11,14,17,20,25,73,74,81,86,88,94,99,101" machi="88" ten="20,8000,1" yaku="1,1,2,1,0,1,7,1,54,1,53,0" doraHai="56" doraHaiUra="72" who="1" fromWho="1" sc="265,-41,235,93,245,-21,245,-21" /><INIT seed="1,0,0,2,5,72" ten="224,328,224,224" oya="1" hai0="92,26,135,18,83,11,109,0,52,9,35,111,23" hai1="54,74,25,79,60,68,102,134,90,24,67,118,14" hai2="62,58,71,13,42,63,4,20,106,29,133,66,86" hai3="70,82,84,37,5,131,95,10,55,113,126,12,19"/><U98/><E118/><V75/><F75/><W8/><G113/><T1/><D135/><U73/><E134/><V6/><F133/><W56/><G126/><T48/><D83/><U125/><E90/><V78/><F106/><W16/><G131/><T97/><D35/><U45/><E73/><V27/><F42/><W105/><G105/><T51/><D51/><U91/><E91/><V15/><F78/><W43/><G70/><T17/><D0/><U114/><E114/><V61/><F86/><W116/><G116/><T3/><D3/><U93/><E125/><V117/><F117/><W132/><G132/><T36/><D36/><U57/><E45/><V115/><F115/><W31/><G31/><T87/><D87/><U21/><E14/><N who="2" m="5131" /><F71/><W112/><G112/><T129/><D18/><U94/><E94/><V39/><F39/><W89/><G10/><T127/><D1/><U103/><E103/><V107/><F107/><W88/><G43/><T108/><D129/><U59/><E21/><V41/><F41/><W130/><G37/><T65/><D65/><U104/><E104/><V40/><F40/><W120/><G130/><T7/><D7/><AGARI ba="0,0" hai="4,6,7,20,27,29,58,61,62,63,66" m="5131" machi="7" ten="30,1000,0" yaku="8,1" doraHai="72" who="2" fromWho="0" sc="224,-10,328,0,224,10,224,0" /><INIT seed="2,0,0,3,5,73" ten="214,328,234,224" oya="2" hai0="5,94,0,16,30,17,108,4,128,44,10,67,123" hai1="13,7,118,126,70,43,28,35,14,25,56,63,15" hai2="107,19,99,42,36,59,11,130,116,87,78,40,55" hai3="37,102,64,124,52,8,90,29,89,125,66,39,49"/><V45/><F116/><W21/><G102/><T85/><D123/><U22/><E118/><V80/><F130/><W27/><G8/><T2/><D128/><U6/><E70/><V68/><F68/><W122/><G122/><T114/><D114/><U82/><E126/><N who="3" m="48746" /><G66/><T117/><D117/><U69/><E69/><V51/><F40/><W50/><G64/><T84/><D108/><U12/><E43/><V83/><F83/><W1/><G50/><T92/><D67/><U101/><E101/><V112/><F112/><W23/><G21/><T24/><D44/><U110/><E110/><V65/><F65/><W31/><G31/><T62/><D62/><U20/><E82/><V41/><F41/><W120/><G1/><T76/><D10/><U100/><E100/><V133/><F11/><W97/><G120/><T111/><D111/><U129/><E129/><V95/><F19/><W75/><G75/><T47/><D47/><U26/><N who="1" m="3072" /><DORA hai="93" /><U57/><E35/><V58/><F107/><W54/><G54/><T60/><D60/><U72/><E72/><V103/><REACH who="2" step="1"/><F59/><REACH who="2" ten="214,328,224,224" step="2"/><N who="3" m="33167" /><G39/><T46/><D46/><U33/><E56/><V32/><F32/><W119/><G37/><T77/><REACH who="0" step="1"/><D30/><REACH who="0" ten="204,328,224,224" step="2"/><N who="1" m="17703" /><E33/><V109/><F109/><W71/><G119/><T134/><D134/><AGARI ba="0,2" hai="36,42,45,51,55,58,78,80,87,95,99,103,133,134" machi="134" ten="40,12000,1" yaku="1,1,52,2,53,1" doraHai="73,93" doraHaiUra="74,121" who="2" fromWho="0" sc="204,-120,328,0,224,140,224,0" /><INIT seed="2,1,0,5,4,126" ten="84,328,364,224" oya="2" hai0="64,111,131,35,2,118,75,22,39,112,14,23,78" hai1="96,101,18,13,72,16,12,44,135,105,54,48,124" hai2="110,58,56,30,91,9,19,65,108,31,7,55,69" hai3="102,120,21,5,38,98,107,34,67,86,130,122,109"/><V6/><F69/><W106/><G34/><T41/><D35/><U57/><E124/><V68/><F68/><W4/><G38/><T99/><D99/><U121/><E72/><V46/><F19/><W132/><G67/><T1/><D64/><U26/><E121/><N who="3" m="46698" /><G21/><T82/><D14/><U128/><E135/><V87/><F46/><W90/><G4/><T66/><D66/><U63/><E128/><V93/><F65/><W36/><G5/><T37/><D41/><U40/><REACH who="1" step="1"/><E18/><REACH who="1" ten="84,318,364,224" step="2"/><V8/><F7/><W125/><G125/><T84/><D75/><U113/><E113/><V28/><F6/><W25/><G130/><T61/><D112/><U50/><E50/><V103/><F108/><W88/><G132/><T62/><D131/><U115/><E115/><V43/><F110/><W0/><G109/><T127/><D111/><U119/><E119/><V92/><F43/><W33/><G36/><T45/><D127/><U71/><E71/><V32/><F32/><W114/><G33/><T100/><D118/><U24/><E24/><V3/><F3/><W29/><G25/><T49/><D49/><U117/><E117/><V83/><F58/><W15/><G0/><T59/><D59/><U42/><E42/><V74/><F74/><W85/><G114/><T27/><D1/><U76/><E76/><V129/><F129/><W73/><G73/><T52/><D2/><U77/><E77/><N who="2" m="46575" /><F56/><W80/><G15/><T123/><D123/><U104/><E104/><V10/><F55/><W60/><G107/><T11/><D52/><U20/><AGARI ba="1,1" hai="12,13,16,20,26,40,44,48,54,57,63,96,101,105" machi="20" ten="30,4000,0" yaku="1,1,0,1,54,1,53,0" doraHai="126" doraHaiUra="79" who="1" fromWho="1" sc="84,-11,318,53,364,-21,224,-11" /><INIT seed="3,0,0,0,1,23" ten="73,371,343,213" oya="3" hai0="103,28,27,54,98,58,8,115,57,132,25,117,120" hai1="131,11,124,66,125,79,100,83,72,52,37,116,6" hai2="118,126,18,7,42,111,127,49,74,92,71,95,10" hai3="101,102,112,39,32,67,108,29,82,9,133,87,68"/><W78/><G112/><T59/><D115/><U44/><E116/><V90/><F118/><W106/><G39/><T15/><D132/><U88/><E131/><V16/><F71/><W35/><G133/><T60/><D117/><U20/><E100/><V13/><F74/><W45/><G45/><T21/><D120/><U104/><E104/><V4/><F111/><W2/><G108/><T80/><D80/><U64/><E20/><V97/><F18/><W86/><G35/><T96/><D57/><U31/><E31/><V38/><F38/><W61/><G101/><T73/><D73/><U123/><E123/><V48/><F95/><W3/><G86/><T53/><D103/><U17/><E17/><V109/><F109/><W56/><G9/><T62/><D27/><U75/><E75/><V81/><F81/><W135/><G56/><T121/><D121/><U24/><E88/><V40/><F127/><N who="1" m="48713" /><E24/><V113/><F126/><W5/><G5/><AGARI ba="0,0" hai="5,8,15,21,25,28,53,54,58,59,60,62,96,98" machi="5" ten="30,7700,0" yaku="7,1,9,1,8,1,52,1" doraHai="23" who="0" fromWho="3" sc="73,77,371,0,343,0,213,-77" owari="150,-25.0,371,47.1,343,14.3,136,-36.4" /></mjloggm>