<mjloggm ver="2.3"><GO type="225" lobby="0"/><UN n0="%E7%99%BD%E5%80%89%E5%AF%9B%E4%B9%8B" n1="%E4%B8%8B%E6%AE%B5%E3%83%81%E3%82%A7%E3%83%AA%E3%83%BC" n2="%72%65%6E%6B%75%6E" n3="%E4%BF%BA%E3%81%A8%E5%A6%96%E5%A4%A2" dan="16,16,17,16" rate="2144.19,2140.17,2193.74,2203.81" sx="M,M,M,F"/><TAIKYOKU oya="0"/><INIT seed="0,0,0,5,0,49" ten="250,250,250,250" oya="0" hai0="77,68,23,100,19,48,7,50,72,0,52,63,85" hai1="86,96,10,114,78,125,132,87,6,109,42,128,45" hai2="135,21,98,59,111,20,29,90,124,13,1,101,55" hai3="32,133,76,37,121,40,102,67,3,70,2,66,71"/><T69/><D72/><U60/><E114/><V110/><F1/><N who="3" m="11" /><G76/><T113/><D113/><U51/><E125/><V99/><F124/><W127/><G102/><T4/><D100/><U84/><E132/><V115/><F115/><W11/><G11/><T39/><D39/><U17/><E128/><V5/><F135/><W82/><G82/><N who="0" m="47311" /><D0/><U81/><E109/><N who="2" m="41483" /><F90/><W120/><G127/><T64/><D69/><N who="3" m="26121" /><G32/><T38/><D38/><U123/><E123/><N who="3" m="47178" /><G133/><T47/><D68/><U108/><E108/><V106/><F29/><W92/><G92/><T46/><D64/><N who="3" m="24617" /><G37/><T130/><D63/><U62/><E17/><V129/><F98/><W8/><G8/><T126/><D126/><U75/><E96/><V28/><F28/><W35/><G35/><T74/><D74/><U88/><E88/><V79/><F79/><W27/><G27/><N who="0" m="14847" /><D130/><U30/><E30/><V131/><F131/><W41/><AGARI ba="0,0" hai="40,41" m="24617,47178,26121,11" machi="41" ten="40,5200,0" yaku="28,2,13,1" doraHai="49" who="3" fromWho="3" sc="250,-26,250,-13,250,-13,250,52" /><INIT seed="1,0,0,3,1,107" ten="224,237,237,302" oya="1" hai0="71,27,10,16,30,119,91,3,23,94,118,99,2" hai1="34,12,86,32,120,4,31,13,115,105,65,126,51" hai2="19,98,57,63,59,74,75,5,133,20,131,72,49" hai3="135,61,55,127,6,111,28,43,66,77,81,87,24"/><U47/><E105/><V45/><F5/><W92/><G111/><T60/><D30/><U102/><E120/><V29/><F29/><W82/><G135/><T38/><D38/><U95/><E115/><V103/><F133/><W73/><G127/><T84/><D84/><U18/><E126/><V58/><F131/><W17/><G6/><T90/><D90/><U134/><E134/><V85/><F85/><W108/><G108/><T46/><D46/><U22/><E65/><V64/><F98/><W0/><G0/><T100/><D100/><U83/><E31/><V21/><F103/><W52/><G43/><T69/><D69/><U14/><E32/><V36/><F36/><W35/><G17/><T42/><D42/><N who="1" m="25079" /><E34/><V54/><REACH who="2" step="1"/><F19/><REACH who="2" ten="224,237,227,302" step="2"/><W68/><REACH who="3" step="1"/><G92/><REACH who="3" ten="224,237,227,292" step="2"/><T88/><D94/><U79/><E4/><V97/><F97/><AGARI ba="0,2" hai="12,13,14,18,22,79,83,86,95,97,102" m="25079" machi="97" ten="30,1500,0" yaku="8,1" doraHai="107" who="1" fromWho="2" sc="224,0,237,35,227,-15,292,0" /><INIT seed="1,1,0,3,2,119" ten="224,272,212,292" oya="1" hai0="38,128,134,7,83,82,76,69,108,29,92,112,45" hai1="124,97,26,30,101,54,51,87,18,78,93,24,100" hai2="90,14,88,123,121,91,47,74,94,15,116,131,72" hai3="16,126,17,49,125,43,120,6,70,110,60,37,71"/><U20/><E124/><N who="3" m="47722" /><G37/><T56/><D69/><N who="3" m="26121" /><G110/><T106/><D106/><U95/><E78/><V135/><F116/><W13/><G60/><T117/><D117/><U96/><E87/><V109/><F94/><W32/><G32/><T61/><D108/><U113/><E113/><V80/><F109/><W3/><G3/><T63/><D112/><U102/><E102/><V75/><F131/><W21/><G6/><T66/><D128/><U55/><REACH who="1" step="1"/><E51/><REACH who="1" ten="224,262,212,292" step="2"/><V132/><F80/><W39/><G49/><T44/><D83/><U103/><E103/><V41/><F41/><W31/><G43/><T84/><D82/><U42/><E42/><V48/><F48/><W98/><G39/><T77/><D84/><U22/><AGARI ba="1,1" hai="18,20,22,24,26,30,54,55,93,95,96,97,100,101" machi="22" ten="20,12000,1" yaku="1,1,0,1,7,1,9,1,8,1,53,0" doraHai="119" doraHaiUra="46" who="1" fromWho="1" sc="224,-41,262,133,212,-41,292,-41" /><INIT seed="1,2,0,4,3,109" ten="183,395,171,251" oya="1" hai0="126,47,135,130,53,66,37,79,0,10,122,36,77" hai1="98,3,96,129,35,62,11,48,90,6,56,124,25" hai2="107,41,23,123,21,131,18,101,2,33,39,73,67" hai3="120,97,82,26,94,113,63,12,106,59,114,74,55"/><U27/><E124/><V103/><F33/><W119/><G120/><T83/><D122/><U46/><E129/><V17/><F73/><W14/><G106/><T20/><D130/><U92/><E96/><V132/><F2/><W108/><G108/><T28/><D126/><U112/><E35/><V57/><F131/><W50/><G119/><T110/><D110/><U9/><E9/><V72/><F72/><W102/><G26/><T43/><D135/><U95/><E95/><V121/><F132/><W80/><G63/><T8/><D37/><U54/><REACH who="1" step="1"/><E112/><REACH who="1" ten="183,385,171,251" step="2"/><V13/><F107/><W117/><G117/><T5/><D10/><U70/><E70/><V4/><F121/><W91/><G114/><T111/><D111/><U31/><E31/><V19/><F123/><W68/><G113/><T7/><D28/><U60/><E60/><V127/><F127/><W86/><G68/><T34/><D34/><U22/><E22/><V118/><F118/><W32/><G32/><T40/><D20/><U116/><E116/><V93/><F93/><W69/><G69/><T85/><D8/><U84/><E84/><V134/><F134/><W52/><G74/><T104/><D85/><U58/><E58/><V16/><F23/><W78/><G59/><T51/><D104/><U29/><E29/><V81/><F57/><W87/><G87/><T105/><D105/><U44/><E44/><N who="2" m="23615" /><F81/><W125/><G80/><T115/><D83/><U76/><E76/><V133/><F133/><W71/><G71/><T128/><D115/><U38/><E38/><V88/><N who="2" m="4096" /><DORA hai="100" /><V24/><F21/><RYUUKYOKU ba="2,1" sc="183,-10,385,30,171,-10,251,-10" hai1="3,6,11,25,27,46,48,54,56,62,90,92,98" /><INIT seed="1,3,1,3,3,73" ten="173,415,161,241" oya="1" hai0="117,102,36,20,54,86,52,31,32,122,53,119,16" hai1="1,91,89,22,23,29,130,14,62,106,34,124,3" hai2="125,78,80,56,69,45,74,67,61,51,39,128,66" hai3="47,84,58,88,127,92,77,83,5,25,97,98,94"/><U100/><E34/><V109/><F109/><W135/><G135/><T40/><D122/><U96/><E124/><V4/><F128/><W112/><G112/><T19/><D32/><U71/><E130/><V49/><F125/><W105/><G127/><T21/><D31/><U42/><E42/><V28/><F28/><W101/><G5/><T93/><D40/><U120/><E120/><V43/><F67/><W17/><G47/><T15/><D36/><U26/><E22/><V114/><F114/><W27/><G58/><T41/><D41/><U30/><E30/><V9/><REACH who="2" step="1"/><F69/><REACH who="2" ten="173,415,151,241" step="2"/><W48/><G48/><T65/><D65/><U87/><E71/><V134/><F134/><W131/><G131/><T133/><D133/><U99/><E62/><V103/><F103/><W6/><G6/><T35/><D35/><U13/><E100/><V2/><AGARI ba="3,2" hai="2,4,9,39,43,45,49,51,56,61,66,74,78,80" machi="2" ten="20,12000,2" yaku="1,1,0,1,7,1,25,2,52,1,53,0" doraHai="73" doraHaiUra="132" who="2" fromWho="2" sc="173,-33,415,-63,151,149,241,-33" /><INIT seed="2,0,0,5,4,122" ten="140,352,300,208" oya="2" hai0="77,46,47,126,78,25,8,12,21,53,31,97,48" hai1="113,22,95,135,128,107,98,24,76,127,27,99,70" hai2="75,131,7,82,14,19,129,20,30,63,23,52,39" hai3="121,100,71,50,111,133,73,125,43,104,44,40,110"/><V84/><F39/><W41/><G121/><T116/><D126/><U5/><E113/><V28/><F75/><W67/><G125/><T29/><D116/><U1/><E127/><V103/><F103/><W4/><G73/><T69/><D69/><U49/><E70/><V80/><F7/><W56/><G71/><T34/><D34/><U88/><E76/><V13/><F63/><W109/><G4/><T120/><D120/><U134/><E128/><V38/><F38/><W11/><G11/><T61/><D31/><U35/><E35/><V10/><F84/><W117/><G117/><T87/><D61/><U114/><E114/><V18/><REACH who="2" step="1"/><F10/><REACH who="2" ten="140,352,290,208" step="2"/><W26/><G133/><N who="1" m="50698" /><E49/><V33/><F33/><W81/><G100/><T90/><D97/><N who="1" m="57575" /><E107/><V2/><F2/><W108/><G104/><T36/><D36/><U62/><E62/><V66/><F66/><W79/><G67/><T91/><D47/><U94/><E22/><V105/><F105/><W15/><G108/><T119/><D119/><U72/><E72/><V92/><F92/><W59/><G44/><T132/><D132/><U115/><E115/><V64/><F64/><W101/><G50/><T65/><D65/><U68/><E68/><V93/><F93/><W106/><G106/><T89/><REACH who="0" step="1"/><D87/><REACH who="0" ten="130,352,290,208" step="2"/><U16/><E99/><V85/><F85/><N who="3" m="48319" /><G111/><T118/><D118/><U3/><E98/><V42/><F42/><W60/><G110/><T130/><D130/><U37/><E37/><V102/><F102/><W54/><G109/><T123/><D123/><U74/><E94/><V0/><F0/><W83/><G43/><RYUUKYOKU ba="0,2" sc="130,15,352,-15,290,15,208,-15" hai0="8,12,21,25,29,46,48,53,77,78,89,90,91" hai2="13,14,18,19,20,23,28,30,52,80,82,129,131" /><INIT seed="2,1,2,2,3,113" ten="145,337,305,193" oya="2" hai0="135,42,23,66,57,59,1,127,15,116,130,39,30" hai1="100,28,2,62,131,13,128,41,119,69,82,86,76" hai2="65,34,120,81,64,122,53,18,8,91,48,72,87" hai3="32,37,40,25,47,56,123,43,50,12,27,103,115"/><V106/><F34/><W96/><G123/><T52/><D1/><U68/><E2/><V117/><F106/><W33/><G115/><T110/><D110/><U101/><E119/><V55/><F72/><W121/><G121/><T108/><D108/><U132/><E132/><V85/><F117/><W71/><G71/><N who="1" m="27210" /><E41/><V21/><F8/><W14/><G40/><T3/><D3/><U11/><E62/><V104/><F104/><W112/><G112/><T54/><D135/><U98/><E28/><V5/><F5/><W79/><G79/><T49/><D66/><N who="2" m="25706" /><F122/><W36/><G36/><T84/><D116/><U70/><E70/><V45/><F120/><W19/><G12/><T94/><D39/><U95/><E95/><V83/><F53/><N who="0" m="20586" /><D130/><N who="1" m="49707" /><E98/><V44/><F44/><W58/><G33/><T74/><D74/><U92/><E92/><N who="2" m="54383" /><F87/><W105/><G32/><T16/><D30/><U6/><AGARI ba="1,2" hai="6,11,13,76,82,86,100,101" m="49707,27210" machi="6" ten="30,1100,0" yaku="19,1" doraHai="113" who="1" fromWho="1" sc="145,-4,337,34,305,-6,193,-4" /><INIT seed="3,0,0,5,4,74" ten="141,371,299,189" oya="3" hai0="132,115,76,75,3,103,1,69,31,21,25,62,23" hai1="49,129,108,94,54,27,86,127,36,37,88,125,101" hai2="104,85,98,19,78,112,4,73,20,124,48,39,53" hai3="60,70,111,102,24,38,121,63,82,34,90,41,135"/><W28/><G121/><T67/><D132/><U59/><E129/><V40/><F73/><W42/><G135/><T97/><D115/><U120/><E120/><V99/><F112/><W128/><G128/><T12/><D23/><U119/><E119/><V66/><F66/><W130/><G130/><T109/><D12/><U116/><E116/><V110/><F110/><W65/><G111/><T64/><D64/><U57/><E108/><V51/><F4/><W122/><G122/><T14/><D14/><U2/><E2/><V50/><F53/><W46/><G41/><T77/><D109/><U0/><E0/><V9/><F9/><W45/><G45/><T43/><D43/><U89/><E101/><V6/><F6/><W117/><G63/><T131/><D131/><U100/><E100/><V17/><F17/><W81/><G117/><T56/><D69/><U133/><E133/><V18/><F18/><W16/><G102/><T72/><D72/><U95/><E27/><V5/><F5/><W11/><G90/><T84/><D75/><U105/><E105/><V68/><F68/><W30/><G28/><T80/><REACH who="0" step="1"/><D77/><REACH who="0" ten="131,371,299,189" step="2"/><U114/><E114/><V32/><F40/><W113/><G113/><T35/><D35/><U71/><E71/><V79/><F20/><W61/><G70/><T33/><D33/><U52/><E36/><V10/><F32/><W106/><G38/><T29/><D29/><U7/><E37/><V55/><F39/><W47/><G34/><T118/><D118/><U26/><E26/><V91/><F78/><W15/><G24/><T96/><D96/><RYUUKYOKU ba="0,1" sc="131,30,371,-10,299,-10,189,-10" hai0="1,3,21,25,31,56,62,67,76,80,84,97,103" owari="161,-33.9,371,47.1,289,8.9,179,-22.1" /></mjloggm>