<mjloggm ver="2.3"><GO type="225" lobby="0"/><UN n0="%E5%B8%86%E7%AB%8B%E5%A4%8F%E8%A1%A3" n1="%72%61%6B%33" n2="%E7%99%BD%E5%80%89%E5%AF%9B%E4%B9%8B" n3="%E7%99%BD%E9%9B%AA%E4%B9%83%E6%84%9B" dan="17,16,16,16" rate="2157.26,2083.61,2154.02,2022.57" sx="M,M,M,F"/><TAIKYOKU oya="0"/><INIT seed="0,0,0,0,3,21" ten="250,250,250,250" oya="0" hai0="67,40,126,133,73,95,83,30,33,111,115,49,122" hai1="14,119,97,31,110,62,78,99,103,131,58,29,54" hai2="37,18,96,124,39,102,72,101,19,35,45,55,79" hai3="80,77,0,94,88,42,11,127,92,51,34,87,53"/><T113/><D122/><U70/><E119/><V107/><F124/><W6/><G127/><T4/><D126/><U20/><E110/><V59/><F35/><W50/><G34/><T52/><D133/><U106/><E131/><V56/><F72/><W76/><G42/><T71/><D40/><U15/><E78/><V125/><F79/><W5/><G5/><T48/><D48/><U130/><E130/><V86/><F86/><W36/><G36/><T25/><D4/><U108/><E108/><V16/><F125/><W118/><G118/><T91/><D111/><U123/><E123/><V84/><F84/><W44/><G51/><T117/><D83/><U12/><E70/><V1/><F1/><W85/><REACH who="3" step="1"/><G77/><REACH who="3" ten="250,250,250,240" step="2"/><T116/><D116/><U100/><REACH who="1" step="1"/><E20/><REACH who="1" ten="250,240,250,240" step="2"/><V128/><F128/><W61/><G61/><T43/><D117/><U24/><E24/><V22/><F22/><W3/><G3/><T13/><D25/><U114/><E114/><V104/><F39/><W32/><G32/><T98/><D33/><U93/><AGARI ba="0,2" hai="12,14,15,29,31,54,58,62,93,97,99,100,103,106" machi="93" ten="30,2000,0" yaku="1,1,0,1,53,0" doraHai="21" doraHaiUra="23" who="1" fromWho="1" sc="250,-10,240,40,250,-5,240,-5" /><INIT seed="1,0,0,4,1,96" ten="240,280,245,235" oya="1" hai0="132,21,39,7,91,81,112,46,77,19,113,125,24" hai1="84,59,3,86,102,103,63,12,107,82,127,129,76" hai2="131,73,22,18,124,49,123,58,99,30,122,120,104" hai3="126,130,119,14,109,78,0,100,75,23,128,65,54"/><U116/><E3/><V88/><F73/><W41/><G0/><T134/><D7/><U90/><E116/><V118/><F118/><W25/><G119/><T79/><D125/><U48/><E127/><V61/><F124/><W2/><G126/><T56/><D56/><U37/><E37/><V115/><F131/><W11/><G2/><T111/><D111/><U135/><E129/><V62/><F30/><W60/><G41/><N who="0" m="22847" /><D91/><U83/><E135/><N who="0" m="51753" /><D79/><U45/><E107/><V52/><F115/><W121/><G121/><T55/><D55/><N who="1" m="30095" /><E12/><V35/><F35/><W106/><G54/><AGARI ba="0,0" hai="54,59,63,76,82,83,84,86,90,102,103" m="30095" machi="54" ten="30,5800,0" yaku="8,1,52,2" doraHai="96" who="1" fromWho="3" sc="240,0,280,58,245,0,235,-58" /><INIT seed="1,1,0,2,1,32" ten="240,338,245,177" oya="1" hai0="2,81,92,105,128,104,70,116,20,135,84,63,133" hai1="113,108,69,114,62,43,129,21,100,127,23,29,82" hai2="22,42,101,64,33,89,25,41,28,118,112,4,34" hai3="9,46,27,55,37,38,75,54,125,132,134,78,24"/><U87/><E127/><V76/><F118/><W45/><G125/><T11/><D116/><U7/><E129/><V77/><F112/><W35/><G9/><T12/><D128/><U123/><E123/><V59/><F101/><W68/><G78/><T53/><D92/><U56/><E69/><V50/><F34/><W90/><G35/><T95/><D95/><U103/><E43/><N who="2" m="16395" /><F33/><W15/><G15/><T71/><D20/><U17/><E108/><V122/><F122/><W1/><G90/><T44/><D71/><U121/><E121/><V26/><F26/><W30/><G68/><T79/><D70/><U67/><E7/><V130/><F130/><W19/><G19/><T58/><D44/><U36/><E36/><V6/><F89/><W72/><G30/><T93/><D93/><U85/><E114/><V80/><F50/><W120/><G120/><T74/><D74/><U96/><E113/><V40/><F40/><W48/><G48/><T3/><D104/><U131/><E131/><V88/><F88/><W49/><G49/><T10/><D105/><U83/><E83/><V31/><F31/><W98/><G98/><T117/><D117/><U16/><E29/><V91/><F91/><W110/><G110/><T5/><REACH who="0" step="1"/><D11/><REACH who="0" ten="230,338,245,177" step="2"/><U18/><E18/><V65/><F22/><W107/><REACH who="3" step="1"/><G107/><REACH who="3" ten="230,338,245,167" step="2"/><T52/><D52/><U47/><E17/><V61/><F65/><W99/><G99/><T8/><D8/><U66/><E16/><V94/><F76/><W13/><G13/><T119/><D119/><U39/><E66/><V97/><F64/><W73/><G73/><RYUUKYOKU ba="1,2" sc="230,15,338,-15,245,-15,167,15" hai0="2,3,5,10,12,53,58,63,79,81,84,133,135" hai3="1,24,27,37,38,45,46,54,55,72,75,132,134" /><INIT seed="2,2,2,3,0,8" ten="245,323,230,182" oya="2" hai0="78,119,70,67,10,77,73,46,33,15,94,76,132" hai1="71,13,38,36,68,26,97,32,21,81,74,0,25" hai2="118,27,123,6,100,2,31,105,133,110,107,34,114" hai3="115,98,20,75,108,60,66,23,44,82,72,104,56"/><V125/><RYUUKYOKU type="yao9" ba="2,2" sc="245,0,323,0,230,0,182,0" hai2="2,6,27,31,34,100,105,107,110,114,118,123,125,133" /><INIT seed="2,3,2,2,2,112" ten="245,323,230,182" oya="2" hai0="6,10,54,50,22,48,126,107,94,41,106,130,24" hai1="0,93,12,78,45,98,110,52,70,116,90,38,36" hai2="23,21,28,11,103,75,88,109,128,92,122,97,46" hai3="133,39,44,30,27,53,129,68,120,4,131,115,85"/><V43/><F122/><W66/><G120/><T67/><D130/><U114/><E116/><V69/><F128/><N who="3" m="49227" /><G133/><T49/><D126/><U14/><E0/><V25/><F69/><W29/><G115/><T84/><D67/><U127/><E70/><V34/><F75/><W77/><G4/><T121/><D121/><U123/><E114/><V57/><F109/><W89/><G77/><T61/><D107/><U1/><E1/><V17/><F57/><W105/><G105/><T31/><D106/><U124/><E110/><V42/><F42/><N who="3" m="22623" /><G53/><T101/><D41/><U63/><E78/><V3/><F103/><W58/><G68/><T51/><D61/><U81/><E123/><V26/><F3/><W87/><G89/><N who="0" m="53543" /><D101/><U134/><E134/><V35/><REACH who="2" step="1"/><F11/><REACH who="2" ten="245,323,220,182" step="2"/><W65/><G58/><N who="0" m="33095" /><D10/><U33/><E127/><V32/><F32/><N who="3" m="20543" /><G30/><T111/><D111/><U8/><E124/><V9/><F9/><W16/><G16/><T55/><D6/><U13/><E8/><V56/><F56/><AGARI ba="3,3" hai="22,24,31,49,50,51,55,56" m="33095,53543" machi="56" ten="30,1000,0" yaku="8,1" doraHai="112" who="0" fromWho="2" sc="245,49,323,0,220,-19,182,0" /><INIT seed="3,0,0,2,2,113" ten="294,323,201,182" oya="3" hai0="81,28,97,73,10,19,67,50,75,114,106,26,66" hai1="98,31,86,49,1,9,16,43,13,131,104,52,22" hai2="20,51,79,37,95,54,83,126,89,14,30,102,87" hai3="59,74,62,94,100,55,27,101,123,109,44,46,36"/><W33/><G123/><T72/><D114/><U68/><E68/><V41/><F126/><W53/><G74/><T82/><D50/><U135/><E131/><V90/><F37/><W40/><G109/><T48/><D48/><U88/><E135/><V91/><F41/><W39/><G55/><T11/><D97/><U35/><E43/><V122/><F122/><W85/><G39/><T76/><D106/><U42/><E42/><V0/><F0/><W60/><G46/><T120/><D120/><U63/><E63/><V121/><F121/><W99/><G85/><T125/><D125/><U57/><E35/><V3/><F3/><W23/><G33/><T4/><D19/><U8/><E1/><V69/><F69/><W132/><G132/><T2/><D11/><U127/><E127/><V92/><F102/><W38/><G38/><T115/><D115/><U134/><E31/><V65/><F65/><W80/><G80/><T34/><D73/><U58/><E58/><N who="2" m="33119" /><F14/><W124/><G124/><T6/><D6/><U107/><E134/><V116/><F116/><W84/><G62/><T105/><D105/><N who="1" m="40523" /><E98/><V64/><F64/><W56/><G56/><T17/><D17/><U45/><E45/><V70/><F70/><W119/><G119/><T108/><D108/><U7/><E7/><V61/><F61/><W128/><G128/><T103/><D103/><U12/><E12/><V32/><F32/><W78/><G101/><T24/><D24/><AGARI ba="0,0" hai="20,24,30,79,83,87,89,90,91,92,95" m="33119" machi="24" ten="30,1000,0" yaku="8,1" doraHai="113" who="2" fromWho="0" sc="294,-10,323,0,201,10,182,0" owari="284,8.4,323,42.3,211,-18.9,182,-31.8" /></mjloggm>