<mjloggm ver="2.3"><GO type="225" lobby="0"/><UN n0="%E9%A6%AC%E5%BC%95%E7%81%AB%33" n1="%E3%81%AD%E3%82%80%E3%81%84%40%E9%9B%80%E9%B3%B4%E4%BC%9A" n2="%E5%AE%89%E6%96%8E" n3="%E3%81%AF%E3%82%88%E3%81%8A%E3%81%98%E3%81%95%E3%82%93" dan="16,16,17,17" rate="2088.16,2191.47,2255.06,2115.10" sx="M,F,M,M"/><TAIKYOKU oya="0"/><INIT seed="0,0,0,3,5,113" ten="250,250,250,250" oya="0" hai0="59,99,115,127,73,21,35,112,125,98,15,96,45" hai1="102,110,133,26,18,134,10,38,14,61,31,58,70" hai2="124,12,40,65,53,17,66,33,36,62,87,68,69" hai3="105,107,2,100,55,32,86,81,129,78,120,48,64"/><T50/><D35/><U116/><E38/><V71/><F33/><W34/><G2/><T16/><D73/><U9/><E70/><V90/><F124/><N who="0" m="47690" /><D59/><U92/><E110/><V94/><F66/><W106/><G100/><T25/><D15/><U51/><E51/><V72/><F72/><W7/><G7/><T41/><AGARI ba="0,0" hai="16,21,25,41,45,50,96,98,99,112,115" m="47690" machi="41" ten="30,3000,0" yaku="18,1,54,1" doraHai="113" who="0" fromWho="0" sc="250,30,250,-10,250,-10,250,-10" /><INIT seed="0,1,0,4,0,50" ten="280,240,240,240" oya="0" hai0="102,20,120,105,34,37,130,16,73,98,68,65,22" hai1="124,26,70,59,25,1,39,95,18,24,91,122,135" hai2="132,78,82,134,84,127,128,27,93,119,85,113,100" hai3="77,10,60,76,88,5,87,14,43,13,52,30,116"/><T101/><D120/><U63/><E122/><V106/><F113/><W19/><G116/><T115/><D115/><U66/><E39/><V110/><F119/><W48/><G60/><T107/><D34/><U96/><E1/><V6/><F6/><W131/><G131/><T40/><D73/><U38/><E38/><V97/><F27/><W49/><G49/><T108/><D130/><U4/><E4/><V67/><F67/><W2/><G43/><T12/><D108/><U111/><E124/><V28/><F28/><W112/><G30/><T0/><D0/><U92/><E135/><N who="2" m="51755" /><F128/><W118/><G2/><T86/><D86/><N who="2" m="33386" /><F110/><W126/><G126/><T51/><D37/><U89/><E111/><V17/><F17/><W15/><G112/><T44/><D65/><U45/><E70/><V11/><F11/><N who="3" m="4335" /><G15/><T81/><D81/><U46/><REACH who="1" step="1"/><E18/><REACH who="1" ten="280,230,240,240" step="2"/><V79/><F127/><W23/><G118/><T21/><D68/><U123/><E123/><V42/><F42/><W33/><G33/><T72/><D16/><U94/><E94/><V35/><F35/><W56/><G10/><T80/><D40/><U129/><E129/><V47/><F93/><AGARI ba="1,1" hai="14,19,23,48,52,56,76,77,87,88,93" m="4335" machi="93" ten="30,8000,1" yaku="25,1,8,1,52,1,54,2" doraHai="50" who="3" fromWho="2" sc="280,0,230,0,240,-83,240,93" /><INIT seed="1,0,0,2,5,110" ten="280,230,157,333" oya="1" hai0="116,19,44,80,119,42,69,5,35,79,26,17,47" hai1="23,90,11,29,73,133,94,14,128,76,53,8,135" hai2="85,59,21,51,95,99,33,65,92,43,72,36,13" hai3="62,120,105,52,86,109,9,113,123,84,7,129,124"/><U134/><E128/><V60/><F33/><W10/><G105/><T46/><D69/><U34/><E34/><V4/><F72/><W50/><G113/><T126/><D5/><U63/><E76/><V3/><F36/><W16/><G109/><T12/><D42/><U121/><E73/><V57/><F3/><W112/><G112/><T88/><D126/><U111/><E121/><V37/><F37/><W107/><G107/><T125/><D125/><U0/><E0/><V27/><F85/><W55/><G124/><T96/><D79/><U103/><E103/><V81/><F81/><W83/><G129/><T78/><D78/><U18/><E29/><N who="2" m="17647" /><F99/><W102/><G102/><T115/><D115/><U101/><E101/><V117/><F117/><W24/><G123/><T100/><D100/><U97/><E111/><V67/><F67/><W71/><G71/><T30/><D17/><U130/><E130/><V20/><F20/><N who="3" m="13319" /><G120/><T2/><D2/><U98/><E97/><V31/><F31/><W64/><G64/><T66/><D66/><U74/><E74/><V104/><F104/><W22/><G22/><T127/><D127/><U25/><E14/><V40/><F13/><N who="3" m="5311" /><G10/><N who="0" m="6551" /><D96/><U68/><E68/><V132/><F4/><W114/><G83/><T82/><D82/><U122/><E122/><V38/><F38/><W87/><G114/><T106/><D106/><U131/><E131/><V70/><F70/><W77/><G77/><T75/><D75/><U89/><E90/><V49/><F65/><W108/><G108/><T61/><D61/><U32/><E32/><V118/><F60/><RYUUKYOKU ba="0,0" sc="280,15,230,15,157,-15,333,-15" hai0="26,30,35,44,46,47,80,88,116,119" hai1="8,11,18,23,25,53,63,89,94,98,133,134,135" /><INIT seed="1,1,0,4,1,41" ten="295,245,142,318" oya="1" hai0="82,83,30,66,14,65,91,102,47,128,28,37,113" hai1="36,52,121,11,60,130,100,59,109,0,71,48,116" hai2="98,81,133,7,90,38,75,74,70,25,39,53,55" hai3="19,67,35,64,12,8,43,6,94,61,76,68,108"/><U120/><E116/><V106/><F70/><W58/><G108/><T112/><D102/><U56/><E100/><V46/><F7/><W20/><G35/><T63/><D14/><U29/><E29/><V129/><F106/><W33/><G33/><T2/><D2/><U122/><E0/><V97/><F25/><W57/><G76/><T125/><D91/><U111/><E11/><V115/><F90/><W9/><G9/><T31/><D63/><U17/><E17/><V86/><F86/><W42/><G94/><T54/><D37/><U22/><E22/><V40/><F40/><W5/><G5/><T15/><D15/><U44/><E130/><V72/><F72/><W92/><G92/><T1/><D1/><U119/><E119/><V114/><F133/><W95/><G95/><T87/><D128/><U88/><E88/><V32/><F32/><W123/><G123/><T134/><D134/><U16/><E16/><V21/><F21/><W26/><G68/><T24/><D24/><U79/><E79/><V45/><REACH who="2" step="1"/><F81/><REACH who="2" ten="295,245,132,318" step="2"/><W131/><G131/><AGARI ba="1,1" hai="38,39,45,46,53,55,74,75,97,98,114,115,129,131" machi="131" ten="25,12000,2" yaku="1,1,2,1,22,2,52,2,53,0" doraHai="41" doraHaiUra="34" who="2" fromWho="3" sc="295,0,245,0,132,133,318,-123" /><INIT seed="2,0,0,4,4,28" ten="295,245,265,195" oya="2" hai0="71,57,30,72,113,110,80,41,33,22,89,85,95" hai1="135,66,63,37,17,117,40,106,48,2,23,4,83" hai2="47,78,100,90,132,126,91,93,68,49,32,70,54" hai3="104,122,36,86,31,26,24,59,5,58,119,65,25"/><V127/><F132/><W96/><G122/><T9/><D71/><N who="2" m="27178" /><F78/><W109/><G119/><T125/><D113/><U131/><E131/><V20/><F20/><W67/><G36/><T38/><D22/><U130/><E130/><V1/><F1/><W84/><G104/><T0/><D57/><N who="3" m="21513" /><G109/><T120/><D110/><U12/><E106/><V19/><F19/><W10/><G31/><T73/><D120/><U133/><E37/><V8/><F8/><W45/><G45/><T52/><D52/><U115/><E115/><V29/><F93/><W46/><G46/><T76/><D73/><U11/><E117/><V27/><F100/><W129/><G129/><T43/><D38/><U77/><E40/><V21/><F21/><W101/><G101/><T50/><D50/><U81/><E48/><V102/><F102/><W92/><G96/><T79/><D79/><U121/><E121/><V3/><F3/><W97/><G97/><T35/><D30/><U75/><E81/><V14/><F14/><N who="3" m="5455" /><G92/><T82/><D95/><U61/><REACH who="1" step="1"/><E66/><AGARI ba="0,0" hai="24,25,26,65,66,67,84,86" m="5455,21513" machi="66" ten="30,1000,0" yaku="8,1" doraHai="28" who="3" fromWho="1" sc="295,0,245,-10,265,0,195,10" /><INIT seed="3,0,0,2,2,19" ten="295,235,265,205" oya="3" hai0="93,65,56,69,78,88,47,96,81,98,91,133,25" hai1="108,97,90,6,63,99,37,111,4,132,55,46,64" hai2="41,109,12,62,49,15,22,104,85,17,117,39,95" hai3="131,40,118,126,72,58,67,45,74,116,30,89,102"/><W7/><G126/><T54/><D133/><U70/><E132/><V100/><F39/><W23/><G131/><T36/><D69/><U3/><E3/><V14/><F117/><W75/><G102/><T101/><D65/><U26/><E26/><V130/><F104/><W53/><G67/><T20/><D98/><N who="1" m="37387" /><E90/><N who="2" m="53711" /><F100/><W44/><G7/><T105/><D47/><U79/><E79/><V16/><F109/><N who="1" m="42057" /><E55/><V112/><F112/><W87/><G40/><AGARI ba="0,0" hai="4,6,37,40,46,63,64,70" m="42057,37387" machi="40" ten="30,1000,0" yaku="14,1" doraHai="19" who="1" fromWho="3" sc="295,0,235,10,265,0,205,-10" /><INIT seed="4,0,0,3,3,70" ten="295,245,265,195" oya="0" hai0="48,121,66,29,72,37,80,78,120,74,69,99,119" hai1="93,132,63,122,3,68,59,117,46,127,49,32,9" hai2="57,110,71,4,76,88,45,52,105,34,75,108,5" hai3="87,103,118,50,126,30,133,97,33,13,36,15,14"/><T44/><D119/><U107/><E107/><V39/><F105/><W130/><G118/><T53/><D74/><U82/><E32/><V8/><F34/><W92/><G126/><T113/><D113/><U18/><E122/><V54/><F71/><W98/><G130/><T28/><D99/><U102/><E68/><V26/><F26/><W23/><G133/><T111/><D29/><U27/><E117/><V90/><F76/><W21/><G36/><T77/><D77/><U56/><E3/><V58/><F75/><W10/><G33/><T11/><D28/><U1/><E1/><V116/><F116/><W84/><G10/><T51/><D51/><U43/><E82/><V134/><F134/><W61/><G61/><T123/><D11/><U42/><E42/><V83/><F83/><W85/><G30/><T135/><D135/><U24/><E127/><V114/><F114/><W38/><G38/><T104/><D104/><U109/><E109/><V73/><F73/><W96/><G50/><T16/><D111/><U94/><E59/><V124/><F8/><W91/><G103/><T81/><D37/><U35/><E132/><V86/><F39/><W31/><G31/><T60/><D16/><U17/><E35/><V40/><F124/><W22/><AGARI ba="0,0" hai="13,14,15,21,22,23,84,85,87,91,92,96,97,98" machi="22" ten="40,8000,1" yaku="0,1,29,2,8,1" doraHai="70" who="3" fromWho="3" sc="295,-40,245,-20,265,-20,195,80" /><INIT seed="5,0,0,3,4,44" ten="255,225,245,275" oya="1" hai0="97,108,12,76,114,120,132,29,68,127,71,112,5" hai1="98,117,59,74,95,15,110,62,84,4,119,30,23" hai2="79,50,64,72,135,34,63,89,99,8,10,86,46" hai3="101,16,65,66,11,19,54,73,17,105,6,115,7"/><U38/><E74/><V111/><F111/><W53/><G73/><T80/><D108/><U57/><E38/><V130/><F34/><W27/><G105/><T3/><D127/><U125/><E110/><V52/><F130/><W106/><G106/><T67/><D132/><U128/><E125/><V26/><F135/><W32/><G32/><T25/><D97/><U116/><E128/><V28/><F99/><W78/><G115/><N who="0" m="44075" /><D12/><U133/><E133/><V134/><F134/><W51/><G78/><T129/><D67/><N who="3" m="25609" /><G101/><T126/><D129/><U9/><E84/><V104/><F104/><W20/><G53/><T22/><D120/><U24/><REACH who="1" step="1"/><E62/><REACH who="1" ten="255,215,245,275" step="2"/><V60/><F60/><W58/><G11/><T123/><D126/><U55/><E55/><V87/><F72/><W48/><G48/><T2/><D123/><U61/><E61/><V107/><F63/><W90/><G90/><AGARI ba="0,1" hai="4,9,15,23,24,30,57,59,90,95,98,116,117,119" machi="90" ten="40,2000,0" yaku="1,1,53,0" doraHai="44" doraHaiUra="39" who="1" fromWho="3" sc="255,0,215,30,245,0,275,-20" /><INIT seed="5,1,0,3,2,116" ten="255,245,245,255" oya="1" hai0="96,106,5,86,133,70,131,33,34,82,32,126,40" hai1="24,100,95,37,92,16,54,134,41,84,85,122,72" hai2="38,39,60,65,112,56,114,55,22,123,83,52,0" hai3="8,79,117,4,90,101,91,27,119,132,129,35,30"/><U124/><E72/><V48/><F0/><W130/><G101/><T127/><D70/><U76/><E37/><N who="2" m="13835" /><F22/><W13/><G79/><T87/><D40/><U9/><E41/><V26/><F26/><W115/><G115/><N who="2" m="44073" /><F83/><W28/><G132/><T63/><D63/><U43/><E43/><V94/><F94/><W77/><G77/><T2/><D133/><U66/><E134/><V62/><F123/><W29/><G91/><T46/><D33/><U93/><E122/><V128/><F128/><N who="3" m="49259" /><G90/><T11/><D106/><U75/><E75/><V15/><F15/><W42/><G42/><T36/><D2/><U109/><E76/><V107/><F107/><W45/><G45/><T104/><D46/><U3/><E3/><V12/><F12/><W1/><G1/><T88/><D88/><U25/><E100/><V47/><F60/><W14/><G14/><T89/><D104/><U59/><E24/><V23/><F23/><W69/><G69/><T102/><D102/><U71/><E25/><V67/><AGARI ba="1,0" hai="47,48,52,55,56,62,65,67" m="44073,13835" machi="67" ten="40,8000,1" yaku="15,1,11,1,34,2,54,1" doraHai="116" who="2" fromWho="2" sc="255,-21,245,-41,245,83,255,-21" owari="234,3.4,204,-29.6,328,42.8,234,-16.6" /></mjloggm>