<mjloggm ver="2.3"><GO type="225" lobby="0"/><UN n0="%E3%81%AF%E3%82%88%E3%81%8A%E3%81%98%E3%81%95%E3%82%93" n1="%E3%83%A9%E3%82%B9%E7%8E%87%EF%BC%93%E5%89%B2" n2="%E3%82%8F%E3%81%8B%E3%81%B0%2A%E3%82%AC%E3%83%BC%E3%83%AB" n3="%E9%80%86%E9%80%A3%E5%B8%AF%E3%81%AE%E9%AC%BC" dan="17,17,16,16" rate="2250.32,2249.53,2057.08,2076.15" sx="M,F,M,M"/><TAIKYOKU oya="0"/><INIT seed="0,0,0,2,3,68" ten="250,250,250,250" oya="0" hai0="106,15,42,125,72,48,133,110,20,24,23,30,69" hai1="83,18,66,27,73,53,55,39,94,49,101,25,75" hai2="102,95,54,38,77,60,2,82,116,74,14,127,114" hai3="22,85,52,134,34,122,50,129,58,87,107,62,115"/><T26/><D69/><U119/><E66/><V93/><F114/><W44/><G134/><T40/><D72/><U33/><E119/><V113/><F113/><W90/><G129/><T117/><D117/><U1/><E1/><V9/><F2/><W112/><G122/><T91/><D106/><U32/><E94/><V31/><F116/><W111/><G34/><T121/><D121/><U16/><E101/><V61/><F38/><W124/><G111/><T41/><D133/><U43/><E43/><V118/><F118/><W0/><G124/><T135/><D135/><U11/><E49/><V120/><F120/><W123/><G123/><T80/><D125/><U131/><E11/><V6/><F127/><W89/><G107/><T56/><D15/><U12/><E12/><V98/><F31/><W67/><G0/><T92/><D80/><U5/><E83/><V130/><F130/><W36/><G36/><T64/><D110/><U59/><E59/><V65/><F65/><W19/><G87/><T104/><D104/><U126/><E126/><V99/><REACH who="2" step="1"/><F54/><REACH who="2" ten="250,250,240,250" step="2"/><W57/><G115/><T100/><D64/><U3/><E3/><V10/><F10/><W47/><G112/><T103/><D42/><U132/><E131/><V29/><F29/><W37/><G37/><T71/><D41/><U108/><E132/><V28/><F28/><W97/><G67/><T13/><D40/><U88/><E39/><V76/><F76/><W21/><G52/><T35/><D30/><U46/><E108/><V81/><F81/><W109/><G109/><T84/><D71/><U70/><E70/><RYUUKYOKU ba="0,1" sc="250,-10,250,-10,240,30,250,-10" hai2="6,9,14,60,61,74,77,82,93,95,98,99,102" /><INIT seed="1,1,1,1,1,24" ten="240,240,270,240" oya="1" hai0="10,95,128,70,19,99,59,109,125,87,114,90,41" hai1="105,111,82,12,117,20,68,93,36,28,38,101,107" hai2="11,123,64,120,89,129,50,21,3,27,84,102,37" hai3="131,78,40,44,73,18,79,45,61,119,122,80,67"/><U127/><E117/><V104/><F37/><W13/><G131/><T76/><D70/><U75/><E68/><V124/><F129/><W72/><G119/><T134/><D128/><U51/><E127/><V48/><F64/><W22/><G122/><T77/><D114/><U46/><E111/><V62/><F62/><W92/><G92/><T133/><D125/><U4/><E38/><V39/><F39/><W91/><G91/><T16/><D109/><U55/><E36/><V30/><F124/><W116/><G116/><T97/><D41/><U65/><E65/><V25/><F102/><W9/><G40/><T23/><D59/><U58/><E4/><V15/><F104/><W108/><G108/><T118/><D118/><U43/><E93/><V126/><F3/><W42/><G42/><T60/><D60/><U17/><E101/><V26/><F126/><W34/><G34/><T66/><D66/><U1/><E1/><V57/><F120/><W100/><G100/><T130/><D130/><U29/><E105/><V115/><F115/><W96/><G96/><N who="0" m="36939" /><D10/><U2/><E2/><V83/><F123/><W49/><G49/><N who="2" m="19049" /><F57/><W8/><G73/><T0/><D0/><U110/><E110/><V52/><F52/><W106/><G106/><T121/><D121/><U31/><E107/><V94/><F94/><W112/><G112/><T53/><D53/><U71/><E71/><V54/><F54/><W86/><G45/><T132/><D19/><AGARI ba="1,1" hai="11,15,19,21,25,26,27,30,83,84,89" m="19049" machi="19" ten="30,2000,0" yaku="8,1,52,1" doraHai="24" who="2" fromWho="0" sc="240,-23,240,0,270,33,240,0" /><INIT seed="2,0,0,4,5,38" ten="217,240,303,240" oya="2" hai0="43,116,94,49,120,87,25,14,130,42,11,53,45" hai1="12,96,85,60,30,19,13,103,95,68,101,10,73" hai2="18,20,26,2,86,112,66,50,62,61,98,16,108" hai3="82,133,46,71,44,39,41,7,83,9,6,134,35"/><V69/><F112/><W59/><G71/><T77/><D120/><U122/><E73/><V99/><F2/><W89/><G35/><T72/><D130/><U102/><E122/><V70/><F108/><W127/><G127/><T75/><D116/><U110/><E110/><V27/><F50/><W107/><G107/><T92/><D75/><U67/><E30/><V111/><F111/><W90/><G59/><T118/><D118/><U17/><REACH who="1" step="1"/><E85/><REACH who="1" ten="217,230,303,240" step="2"/><V78/><F86/><W84/><G84/><T21/><D72/><U121/><E121/><V47/><F98/><W58/><G134/><T104/><D104/><U106/><E106/><V33/><F99/><W24/><G133/><T65/><D65/><U63/><E63/><V115/><F62/><W15/><G83/><N who="0" m="47599" /><D94/><U51/><E51/><V128/><F61/><W79/><G82/><T123/><D92/><U105/><E105/><V55/><F66/><W54/><G39/><T131/><D123/><U114/><E114/><V48/><F115/><W28/><G79/><T132/><D131/><U117/><E117/><V135/><F128/><W5/><G28/><N who="0" m="17455" /><D132/><U91/><E91/><V124/><F135/><W56/><G90/><T3/><D3/><U125/><E125/><V74/><F124/><W81/><G89/><T34/><D34/><U119/><E119/><V22/><F33/><W40/><G81/><AGARI ba="0,1" hai="16,18,20,22,26,27,47,48,55,69,70,74,78,81" machi="81" ten="40,3900,0" yaku="9,1,54,1" doraHai="38" who="2" fromWho="3" sc="217,0,230,0,303,49,240,-39" /><INIT seed="2,1,0,1,0,50" ten="217,230,352,201" oya="2" hai0="4,19,64,53,81,101,135,7,40,129,70,37,109" hai1="90,82,46,113,117,61,77,133,15,75,121,36,122" hai2="112,45,130,51,111,126,110,114,28,86,43,123,132" hai3="16,67,52,105,87,66,56,106,76,107,9,57,32"/><V48/><F28/><W92/><G32/><T11/><D109/><N who="2" m="41482" /><F86/><W41/><G41/><T58/><D129/><U49/><E36/><N who="2" m="21735" /><F123/><W68/><G68/><T131/><D131/><U44/><E44/><V115/><F130/><W95/><G76/><T1/><D135/><U100/><E133/><V85/><F85/><W27/><G57/><T6/><D101/><U21/><E100/><V84/><F84/><W120/><G120/><T17/><D81/><U78/><E82/><V26/><F26/><W73/><G73/><T10/><D40/><U31/><E75/><V42/><F132/><W5/><G27/><T20/><D37/><U24/><E122/><V108/><F108/><W119/><G119/><T0/><D6/><U23/><E117/><V124/><F42/><W93/><G87/><T89/><D89/><U96/><E121/><V97/><F97/><W14/><REACH who="3" step="1"/><G5/><REACH who="3" ten="217,230,352,191" step="2"/><T71/><D70/><U3/><E78/><V30/><F30/><W29/><G29/><T118/><D118/><U83/><E77/><V98/><F98/><W55/><G55/><T33/><D33/><U74/><E96/><V72/><F72/><W69/><G69/><T65/><D71/><U13/><E74/><V59/><F59/><W35/><G35/><T22/><D58/><U39/><E31/><V63/><F112/><W12/><G12/><T34/><D34/><U104/><E113/><V127/><F114/><W94/><N who="3" m="23552" /><DORA hai="54" /><W8/><G8/><T47/><D53/><U18/><E24/><V103/><F115/><W116/><G116/><T60/><D47/><U99/><E46/><RYUUKYOKU ba="1,1" sc="217,15,230,-15,352,-15,191,15" hai0="0,1,4,7,10,11,17,19,20,22,60,64,65" hai3="9,14,16,52,56,66,67,105,106,107" /><INIT seed="3,2,1,4,1,112" ten="232,215,337,206" oya="3" hai0="132,100,115,84,106,126,133,120,27,19,20,10,61" hai1="128,124,101,13,118,54,40,37,31,9,65,110,70" hai2="41,78,14,16,127,135,46,17,3,80,28,102,113" hai3="44,105,74,67,129,109,43,111,21,62,96,85,58"/><W11/><G74/><T39/><D39/><U15/><E110/><N who="3" m="41994" /><G129/><T108/><D108/><U49/><E128/><V52/><F113/><W63/><G85/><T114/><D120/><U134/><E134/><N who="0" m="51817" /><D126/><U71/><E31/><V88/><F3/><W82/><G82/><T53/><D10/><U116/><E101/><V72/><F102/><N who="3" m="62663" /><G11/><T86/><D86/><U55/><E124/><V22/><F127/><W30/><G63/><T97/><D84/><U83/><E83/><V66/><F72/><W68/><G68/><T35/><D35/><U131/><E131/><V5/><F78/><W125/><G125/><T104/><D106/><U4/><E70/><V94/><F80/><W26/><G44/><T47/><D47/><U91/><E71/><V89/><F46/><W103/><G103/><T57/><AGARI ba="2,1" hai="19,20,27,53,57,61,97,100,104,114,115" m="51817" machi="57" ten="30,1100,0" yaku="20,1" doraHai="112" who="0" fromWho="0" sc="232,27,215,-5,337,-5,206,-7" owari="259,5.9,210,-19.0,332,43.2,199,-30.1" /></mjloggm>