<mjloggm ver="2.3"><GO type="225" lobby="0"/><UN n0="%E6%81%A5%E6%99%92%E3%81%97" n1="%E6%98%93%E5%88%A9%E8%96%A9%E4%BC%AF" n2="%E9%BB%99%E8%81%B4%E3%81%AE%E3%81%99%E3%82%9D%E3%82%81" n3="%E3%81%BE%E3%81%8B%E3%81%B7%E3%82%93" dan="16,17,16,16" rate="2190.47,2193.11,2122.80,2080.94" sx="M,F,M,M"/><TAIKYOKU oya="0"/><INIT seed="0,0,0,0,3,53" ten="250,250,250,250" oya="0" hai0="118,14,127,15,37,31,21,116,18,26,33,0,59" hai1="13,101,63,107,134,109,94,11,71,41,120,98,84" hai2="119,58,1,90,35,22,83,128,29,124,47,68,93" hai3="126,20,95,86,133,91,30,77,50,28,114,96,110"/><T40/><D127/><U102/><E120/><V10/><F68/><W45/><G114/><T135/><D135/><U4/><E109/><V56/><F35/><W80/><G110/><T129/><D129/><U34/><E34/><V70/><F70/><W87/><G133/><T65/><D0/><U5/><E134/><V66/><F66/><W111/><G111/><T6/><D40/><U125/><E41/><V121/><F121/><W32/><G126/><T24/><D37/><U3/><E102/><V130/><F124/><W19/><G32/><T104/><D104/><U97/><E84/><V49/><F83/><W9/><G9/><N who="0" m="4407" /><D59/><N who="2" m="22570" /><F1/><W54/><REACH who="3" step="1"/><G96/><REACH who="3" ten="250,250,250,240" step="2"/><T57/><D33/><U52/><E98/><V74/><F10/><W17/><G17/><T85/><D18/><U48/><E11/><V55/><F130/><W76/><G76/><T12/><D116/><U81/><E125/><V122/><F128/><W100/><G100/><T51/><D118/><U23/><E101/><V2/><F119/><W46/><G46/><T69/><D21/><U79/><E23/><V44/><F47/><W8/><G8/><T61/><D31/><U7/><E97/><V64/><F29/><W39/><G39/><T25/><D26/><AGARI ba="0,1" hai="19,20,26,28,30,45,50,54,77,80,86,87,91,95" machi="26" ten="30,3900,0" yaku="1,1,7,1,8,1,53,0" doraHai="53" doraHaiUra="67" who="3" fromWho="0" sc="250,-39,250,0,250,0,240,49" /><INIT seed="1,0,0,0,0,97" ten="211,250,250,289" oya="1" hai0="87,2,76,86,4,63,40,101,128,24,14,67,36" hai1="122,18,112,91,89,37,126,20,11,52,131,113,107" hai2="6,64,17,114,88,100,124,28,119,32,7,66,70" hai3="123,1,74,129,56,16,77,132,104,26,59,85,51"/><U0/><E122/><V75/><F119/><W79/><G123/><T42/><D2/><U127/><E37/><V29/><F75/><W58/><G1/><T135/><D128/><U130/><E107/><V27/><F124/><N who="1" m="47657" /><E11/><V33/><F114/><N who="1" m="44137" /><E0/><V94/><F17/><W83/><G104/><T78/><D135/><U111/><E111/><V44/><F44/><W65/><G129/><N who="1" m="49162" /><E52/><V21/><F21/><N who="3" m="13607" /><G132/><T48/><D36/><U49/><E49/><V82/><F82/><W45/><G74/><T125/><D48/><U115/><N who="1" m="44145" /><U9/><DORA hai="50" /><E9/><V47/><F47/><W46/><G46/><T31/><D125/><U60/><E60/><V99/><F88/><N who="3" m="51263" /><G65/><T25/><D67/><U105/><E105/><V38/><F38/><W19/><G19/><T81/><D42/><AGARI ba="0,0" hai="42,45,51,56,58,59,77,79" m="51263,13607" machi="42" ten="30,3900,0" yaku="8,1,54,2" doraHai="97,50" who="3" fromWho="0" sc="211,-39,250,0,250,0,289,39" /><INIT seed="2,0,0,2,3,56" ten="172,250,250,328" oya="2" hai0="94,69,129,7,96,71,114,107,95,1,77,101,35" hai1="92,91,135,14,33,12,3,21,130,78,89,15,25" hai2="2,57,75,45,125,55,16,54,124,120,97,8,65" hai3="67,70,13,49,38,68,121,126,59,79,51,116,84"/><V62/><F75/><W112/><G116/><T52/><D114/><U22/><E3/><V44/><F97/><W40/><G121/><T81/><D129/><U83/><E135/><V100/><F100/><W103/><G112/><T66/><D1/><U34/><E22/><V82/><F82/><W61/><G103/><T63/><D7/><U17/><E130/><V122/><F16/><W87/><G13/><T86/><D71/><N who="3" m="27177" /><G87/><T109/><D109/><U41/><E41/><V24/><F8/><W46/><G84/><T76/><D76/><U28/><E28/><V134/><F24/><W133/><G79/><T93/><D93/><U5/><E5/><V48/><F2/><W88/><G88/><T37/><D37/><U26/><E26/><V43/><F134/><W105/><G105/><T118/><D118/><U0/><E0/><V47/><F43/><W90/><G90/><T131/><D131/><U80/><E91/><V128/><F128/><W19/><G19/><T10/><D10/><U111/><E83/><V74/><F74/><W11/><G11/><T4/><D4/><U9/><E9/><V50/><F45/><W73/><G73/><T31/><REACH who="0" step="1"/><D52/><REACH who="0" ten="162,250,250,328" step="2"/><U36/><E92/><V27/><F27/><AGARI ba="0,1" hai="27,31,35,63,66,69,77,81,86,94,95,96,101,107" machi="27" ten="40,8000,1" yaku="1,1,2,1,25,2,52,1,53,0" doraHai="56" doraHaiUra="113" who="0" fromWho="2" sc="162,90,250,0,250,-80,328,0" /><INIT seed="3,0,0,4,4,67" ten="252,250,170,328" oya="3" hai0="120,41,26,57,119,124,102,103,72,123,14,130,113" hai1="44,43,78,32,39,65,79,5,135,68,36,115,58" hai2="74,2,128,12,104,37,90,116,95,92,88,21,3" hai3="117,50,131,48,42,60,134,121,33,133,63,81,93"/><W46/><G117/><T59/><D119/><U24/><E115/><V15/><F37/><W45/><G121/><T125/><D113/><U64/><E39/><V47/><F104/><W101/><G131/><T75/><D14/><U87/><E68/><V100/><F74/><N who="0" m="28202" /><D26/><U35/><E5/><V66/><F66/><W55/><G33/><T82/><D82/><U110/><E110/><V6/><F100/><N who="0" m="38442" /><D41/><U83/><E135/><N who="3" m="51722" /><G81/><T9/><D9/><U10/><E10/><V126/><F47/><W76/><G76/><T56/><D130/><U106/><E106/><V17/><F116/><W70/><G70/><T89/><D89/><U107/><E107/><V94/><F128/><W0/><G0/><T49/><D49/><U69/><E69/><V20/><F126/><AGARI ba="0,0" hai="56,57,59,120,123,124,125,126" m="38442,28202" machi="126" ten="40,5200,0" yaku="28,2,18,1" doraHai="67" who="0" fromWho="2" sc="252,52,250,0,170,-52,328,0" owari="304,10.4,250,-15.0,118,-38.2,328,42.8" /></mjloggm>