<mjloggm ver="2.3"><GO type="225" lobby="0"/><UN n0="%E3%81%82%E3%81%99%E3%81%AB%E3%82%83%E3%82%80" n1="%E3%83%96%E3%83%83%E3%83%91%E3%82%AA%E3%83%96%E3%83%81%E3%82%AD%E3%83%B3" n2="%77%72%77%72%77%72%77%72" n3="%E6%98%BC%E4%B8%8B%E3%81%8C%E3%82%8A%E3%81%AE%E5%9B%A3%E5%9C%B0%E5%A6%BB" dan="18,16,17,16" rate="2291.42,2229.70,2116.13,2141.52" sx="F,M,M,F"/><TAIKYOKU oya="0"/><INIT seed="0,0,0,5,1,100" ten="250,250,250,250" oya="0" hai0="79,88,1,116,22,108,0,81,65,69,124,90,44" hai1="3,131,106,41,29,2,24,21,128,38,64,132,40" hai2="10,111,91,62,4,127,67,93,125,114,34,9,110" hai3="51,54,18,35,115,63,39,71,103,46,113,37,42"/><T32/><D116/><U78/><E132/><V112/><F34/><W122/><G122/><T31/><D32/><U126/><E78/><V109/><F93/><W8/><G35/><T99/><D124/><N who="2" m="47690" /><F91/><W73/><G73/><T120/><D120/><U19/><E126/><V43/><F43/><N who="1" m="16457" /><E38/><V55/><F55/><W27/><G39/><T133/><D44/><U28/><E64/><V13/><F9/><W59/><G103/><T20/><D133/><U49/><E49/><V15/><F13/><N who="3" m="7463" /><G27/><T70/><D108/><N who="2" m="27650" /><V58/><AGARI ba="0,0" hai="4,10,15,58,62,67,112,114" m="27650,47690" machi="58" ten="50,6400,0" yaku="4,1,18,1,14,1" doraHai="100" who="2" fromWho="2" sc="250,-32,250,-16,250,64,250,-16" /><INIT seed="1,0,0,3,1,73" ten="218,234,314,234" oya="1" hai0="18,48,7,78,77,44,109,74,3,93,15,17,64" hai1="82,100,116,117,2,89,68,72,37,4,39,43,30" hai2="101,8,131,79,130,96,1,71,65,58,16,76,50" hai3="53,102,67,69,27,114,41,12,47,70,33,106,11"/><U98/><E68/><V32/><F32/><W128/><G114/><T35/><D35/><U25/><E89/><V87/><F71/><W104/><G128/><N who="2" m="49193" /><F87/><W110/><G110/><T46/><D74/><U107/><E25/><V34/><F34/><W126/><G126/><T54/><D109/><U95/><E30/><V112/><F112/><W42/><G70/><T129/><D129/><U28/><E28/><V123/><F123/><W134/><G134/><T124/><D124/><U31/><E31/><V84/><F84/><W40/><G102/><T122/><D122/><U99/><E99/><V85/><F85/><W125/><G125/><T86/><D64/><U45/><E95/><V75/><F75/><W49/><G27/><T80/><D93/><U26/><E26/><V19/><F1/><W52/><G33/><T133/><D3/><U63/><E63/><N who="2" m="38135" /><F50/><W56/><G67/><T55/><D133/><U24/><E24/><V103/><F103/><W121/><G69/><T60/><D60/><U115/><E115/><V21/><F8/><W10/><G10/><N who="0" m="4575" /><D54/><U90/><E90/><V61/><F61/><W9/><G9/><T5/><D44/><U23/><E23/><V127/><F127/><W83/><G121/><T105/><D105/><U108/><E108/><V94/><F21/><W62/><REACH who="3" step="1"/><G83/><REACH who="3" ten="218,234,314,224" step="2"/><T91/><D5/><AGARI ba="0,1" hai="5,11,12,40,41,42,47,49,52,53,56,62,104,106" machi="5" ten="40,8000,1" yaku="1,1,2,1,54,1,53,1" doraHai="73" doraHaiUra="0" who="3" fromWho="0" sc="218,-80,234,0,314,0,224,90" /><INIT seed="2,0,0,1,1,108" ten="138,234,314,314" oya="2" hai0="97,66,93,80,24,81,50,54,121,8,13,102,134" hai1="29,67,23,111,120,57,62,91,44,59,71,35,43" hai2="107,109,73,4,105,99,89,124,19,20,87,114,113" hai3="128,77,1,74,38,26,132,63,56,51,17,70,41"/><V90/><F109/><W112/><G1/><T61/><D134/><U126/><E111/><V60/><F4/><W125/><G132/><T42/><D42/><U21/><E126/><V82/><F124/><W36/><G125/><T95/><D121/><U53/><E120/><V72/><F60/><W88/><G128/><T47/><D95/><U45/><E45/><V119/><F119/><W115/><G70/><T12/><D12/><U6/><E59/><V106/><F19/><W101/><G101/><T96/><D96/><U14/><E91/><V104/><F20/><W27/><G51/><T28/><D13/><U103/><E103/><N who="2" m="62591" /><F90/><W40/><G88/><T48/><D48/><N who="1" m="30887" /><E6/><V76/><F72/><W118/><G118/><T5/><D5/><U31/><E14/><V84/><F73/><W85/><G74/><T39/><D8/><U98/><E98/><V110/><F110/><W11/><G11/><T122/><D39/><N who="1" m="21631" /><E35/><V16/><F16/><W83/><G36/><T69/><REACH who="0" step="1"/><D122/><REACH who="0" ten="128,234,314,314" step="2"/><U131/><E131/><V37/><F37/><W33/><G40/><T7/><D7/><U3/><E3/><V49/><F49/><W75/><G41/><T15/><D15/><U92/><E92/><AGARI ba="0,1" hai="76,82,84,87,89,92,105,106,107,113,114" m="62591" machi="92" ten="30,11600,0" yaku="34,2,52,2" doraHai="108" who="2" fromWho="1" sc="128,0,234,-116,314,126,314,0" /><INIT seed="2,1,0,1,1,4" ten="128,118,440,314" oya="2" hai0="116,30,104,93,56,69,107,9,96,133,42,21,15" hai1="102,33,126,86,36,3,80,6,14,130,35,91,68" hai2="113,37,74,23,73,77,122,89,1,45,16,7,24" hai3="61,123,128,10,106,88,12,57,11,49,65,105,129"/><V97/><F113/><W92/><G123/><T125/><D69/><U66/><E36/><V5/><F122/><W101/><G49/><T111/><D111/><U58/><E126/><V59/><F59/><W63/><G101/><T112/><D112/><U79/><E130/><N who="3" m="50282" /><G63/><T43/><D133/><U72/><E102/><V50/><F37/><W98/><G11/><T19/><D125/><U53/><E3/><V90/><F1/><W40/><G40/><T20/><D116/><U29/><E29/><V13/><F50/><W52/><G65/><T99/><D56/><U67/><E67/><V134/><F45/><W8/><G8/><T83/><D83/><U28/><E28/><V109/><F134/><W39/><G39/><T75/><D75/><U118/><E118/><V87/><F73/><W120/><G120/><T84/><D84/><U71/><E66/><V60/><F60/><W131/><N who="3" m="50290" /><W82/><DORA hai="70" /><G82/><T18/><D104/><U48/><E71/><V78/><F74/><W62/><G62/><T76/><D107/><U100/><E100/><V25/><F87/><W64/><G64/><T117/><D117/><U85/><E68/><V47/><F47/><W103/><G103/><T54/><D43/><U114/><E114/><V32/><F97/><W95/><G92/><T0/><D42/><U38/><E38/><V34/><F5/><AGARI ba="1,0" hai="5,10,12,52,57,61,88,95,98,105,106" m="50290" machi="5" ten="40,8000,1" yaku="19,1,52,1,54,2" doraHai="4,70" who="3" fromWho="2" sc="128,0,118,0,440,-83,314,83" /><INIT seed="3,0,0,0,0,47" ten="128,118,357,397" oya="3" hai0="38,65,74,2,113,131,37,114,33,82,22,11,79" hai1="101,0,42,118,117,12,75,30,88,9,112,45,80" hai2="125,66,15,109,51,53,14,123,24,89,46,57,43" hai3="135,103,36,61,115,105,5,27,34,32,84,81,86"/><W93/><G115/><N who="0" m="44043" /><D131/><U91/><E112/><V126/><F109/><W116/><G86/><T76/><D33/><U120/><E120/><V60/><F123/><W130/><G61/><T18/><D65/><U21/><E101/><V35/><F89/><W129/><G93/><T73/><D79/><N who="1" m="44159" /><E30/><V4/><F4/><W87/><G27/><N who="0" m="14807" /><D73/><U7/><E21/><V10/><F10/><W67/><G67/><T41/><D41/><U29/><E12/><V121/><F121/><W95/><G129/><T110/><D110/><U77/><E29/><V3/><F3/><W40/><G40/><T63/><D63/><U68/><E68/><V48/><F24/><W55/><G32/><T134/><D134/><U44/><E77/><V49/><F35/><W20/><G34/><T99/><D99/><U78/><E45/><V111/><F111/><W102/><G130/><T90/><D90/><N who="1" m="34347" /><E78/><V16/><F66/><W8/><G102/><T127/><D127/><N who="2" m="48650" /><F16/><W83/><G103/><T1/><D11/><U50/><E50/><AGARI ba="0,0" hai="14,15,43,46,48,49,50,51,53,57,60" m="48650" machi="50" ten="30,8000,1" yaku="18,1,52,4" doraHai="47" who="2" fromWho="1" sc="128,0,118,-80,357,80,397,0" owari="128,-27.2,38,-46.2,437,53.7,397,19.7" /></mjloggm>