<mjloggm ver="2.3"><GO type="225" lobby="0"/><UN n0="%72%61%6B%33" n1="%E3%83%A9%E3%83%BC%E3%83%A1%E3%83%B3%E4%BA%94%E9%83%8E" n2="%E3%82%BC%E3%83%AB%E3%83%80%E3%81%AE%E4%BC%9D%E8%AA%AC" n3="%E8%81%B7%E6%A5%AD%E3%80%81%E9%A2%A8%32" dan="16,16,17,16" rate="2093.00,2083.90,2145.94,2156.25" sx="M,M,M,M"/><TAIKYOKU oya="0"/><INIT seed="0,0,0,0,4,49" ten="250,250,250,250" oya="0" hai0="110,37,96,76,124,83,118,127,2,82,53,77,14" hai1="98,57,34,39,119,91,36,10,38,87,45,8,20" hai2="54,116,28,94,130,78,40,43,12,18,90,6,62" hai3="115,33,99,13,92,123,19,3,21,61,101,134,85"/><T26/><D2/><U122/><E119/><V131/><F116/><W84/><G115/><T114/><D118/><U117/><E117/><V5/><F78/><W133/><G3/><T100/><D114/><U108/><E34/><V17/><F28/><W51/><G33/><T1/><D1/><U50/><E122/><V129/><F43/><W22/><G123/><T106/><D37/><U42/><E108/><V60/><F40/><W95/><G95/><T86/><D26/><U103/><E20/><N who="2" m="11303" /><F18/><W27/><G51/><T121/><D121/><U48/><E48/><V59/><F62/><W41/><G41/><T81/><D110/><U74/><E74/><V32/><F32/><W70/><G61/><T24/><D24/><U15/><E15/><V56/><F56/><W23/><G70/><T104/><D14/><U16/><E16/><V113/><F113/><W46/><G46/><T132/><D106/><U135/><E57/><V73/><F73/><W105/><G23/><T112/><D112/><U89/><E135/><N who="3" m="51722" /><G105/><T55/><D132/><U47/><E47/><V58/><F58/><W107/><G107/><T102/><D102/><U64/><E64/><V80/><F80/><N who="0" m="30826" /><D77/><U111/><E111/><V128/><N who="2" m="32768" /><DORA hai="66" /><V44/><F44/><W30/><AGARI ba="0,0" hai="13,19,21,22,27,30,84,85,92,99,101" m="51722" machi="30" ten="30,1100,0" yaku="20,1" doraHai="49,66" who="3" fromWho="3" sc="250,-5,250,-3,250,-3,250,11" /><INIT seed="1,0,0,5,2,76" ten="245,247,247,261" oya="1" hai0="32,97,84,29,113,81,95,82,96,36,132,86,1" hai1="56,31,28,72,130,75,125,92,104,100,45,25,21" hai2="23,59,128,112,116,65,135,43,108,79,61,127,51" hai3="111,117,90,4,20,101,19,22,44,27,124,103,8"/><U49/><E104/><V87/><F116/><W129/><G111/><T3/><D36/><U89/><E125/><V70/><F108/><W120/><G120/><T34/><D95/><U73/><E100/><V39/><F127/><W40/><G117/><T98/><D29/><U58/><E130/><V9/><F128/><W77/><G129/><T15/><D15/><U64/><E64/><V35/><F35/><W115/><G115/><T94/><D94/><U106/><E31/><V0/><F112/><W47/><G124/><T69/><D113/><U5/><E5/><V88/><F79/><W24/><G77/><T30/><D30/><U41/><REACH who="1" step="1"/><E106/><REACH who="1" ten="245,237,247,261" step="2"/><V68/><F65/><W52/><G101/><T62/><D69/><U123/><E123/><V102/><F102/><W107/><G103/><T33/><D132/><U48/><E48/><V17/><F51/><W78/><G107/><T12/><D62/><U46/><E46/><V71/><F135/><W85/><G47/><T38/><D38/><U18/><E18/><V26/><F39/><W57/><G44/><T133/><D133/><U67/><E67/><V99/><F61/><W105/><G19/><T80/><REACH who="0" step="1"/><D12/><REACH who="0" ten="235,237,247,261" step="2"/><U11/><E11/><V37/><F9/><W7/><G8/><T93/><D93/><U2/><E2/><AGARI ba="0,2" hai="1,2,3,32,33,34,80,81,82,84,86,96,97,98" machi="2" ten="50,16000,3" yaku="1,1,29,2,28,2,52,3,53,0" doraHai="76" doraHaiUra="6" who="0" fromWho="1" sc="235,180,237,-160,247,0,261,0" /><INIT seed="2,0,0,5,2,83" ten="415,77,247,261" oya="2" hai0="112,20,4,100,3,88,130,37,65,107,45,96,76" hai1="42,39,135,68,23,62,113,124,134,93,125,52,75" hai2="33,13,12,51,81,103,57,108,94,26,128,2,55" hai3="105,73,98,43,87,64,91,27,82,47,34,111,117"/><V19/><F2/><W97/><G111/><T63/><D112/><U101/><E75/><V35/><F108/><W86/><G117/><T48/><D130/><U61/><E23/><V10/><F128/><W132/><G73/><T72/><D37/><U71/><E93/><V8/><F26/><W78/><G132/><N who="1" m="50730" /><E101/><V89/><F103/><W0/><G0/><T115/><D48/><U46/><E113/><V21/><F81/><W127/><G105/><T54/><D45/><U22/><E22/><V119/><F119/><W114/><G114/><T53/><D53/><U41/><E41/><V120/><F120/><W110/><G110/><T16/><D54/><U50/><E62/><V123/><F123/><W118/><G118/><T56/><D115/><U28/><E28/><V60/><F60/><W99/><G64/><T66/><D66/><N who="1" m="41039" /><E71/><V70/><F70/><W9/><G34/><T29/><D29/><U77/><E77/><V122/><F122/><W85/><G27/><T79/><D72/><U109/><E109/><V102/><F102/><W74/><G9/><T44/><D3/><U59/><AGARI ba="0,0" hai="39,42,46,50,52,59,124,125" m="41039,50730" machi="59" ten="30,8000,1" yaku="24,1,20,1,34,2,54,1" doraHai="83" who="1" fromWho="1" sc="415,-20,77,80,247,-40,261,-20" /><INIT seed="3,0,0,3,1,73" ten="395,157,207,241" oya="3" hai0="75,101,89,11,120,55,19,27,118,80,77,94,23" hai1="25,70,117,122,47,128,99,133,12,42,95,34,85" hai2="43,112,4,29,104,102,6,113,97,49,78,64,32" hai3="59,106,13,54,18,57,81,30,71,107,105,132,39"/><W45/><G132/><T91/><D118/><U98/><E128/><V129/><F129/><W44/><G71/><T84/><D120/><U26/><E122/><V15/><F64/><W114/><G114/><T74/><D101/><U60/><E133/><V131/><F131/><W50/><G30/><T115/><D115/><U108/><E108/><V5/><F15/><W56/><G81/><T109/><D109/><U0/><E0/><V96/><F78/><W53/><G39/><T62/><D11/><U20/><E34/><V3/><F3/><W72/><G72/><T86/><D91/><U37/><E117/><V110/><F110/><W76/><G76/><T40/><D40/><U69/><E12/><V35/><F35/><W38/><G38/><T8/><D8/><U87/><E60/><V24/><F96/><W135/><G135/><T116/><D116/><U31/><E26/><V134/><F134/><W22/><REACH who="3" step="1"/><G59/><REACH who="3" ten="395,157,207,231" step="2"/><N who="0" m="35199" /><D74/><U21/><E70/><V83/><F83/><W67/><G67/><T46/><D75/><U36/><E69/><V124/><F112/><W130/><G130/><T51/><D77/><U103/><E36/><V16/><F113/><W65/><G65/><T66/><D66/><U127/><E31/><V79/><F79/><W92/><G92/><T100/><D80/><U41/><E37/><V52/><F29/><W9/><G9/><T123/><D123/><U125/><E95/><V33/><F33/><W119/><G119/><T126/><D94/><U82/><E82/><V48/><F32/><W1/><G1/><T17/><D23/><U93/><E20/><RYUUKYOKU ba="0,1" sc="395,-10,157,-10,207,-10,231,30" hai3="13,18,22,44,45,50,53,54,56,57,105,106,107" /><INIT seed="3,1,1,2,5,135" ten="385,147,197,261" oya="3" hai0="5,86,128,79,74,65,38,35,46,67,8,89,124" hai1="41,9,23,20,129,134,82,132,61,81,66,68,64" hai2="22,101,106,6,37,15,58,34,24,56,104,50,76" hai3="29,16,118,103,114,90,99,69,96,119,78,33,110"/><W133/><G114/><T36/><D35/><U4/><E41/><V7/><F37/><W63/><G133/><N who="1" m="51306" /><E66/><V40/><F34/><W100/><G78/><T2/><D38/><U95/><E95/><V14/><F104/><W91/><G29/><T94/><D128/><U125/><E129/><V43/><F106/><W54/><G33/><T77/><D77/><U111/><E111/><V1/><F1/><W49/><G110/><T109/><D109/><U17/><E81/><V53/><F76/><W62/><G54/><T97/><D97/><U122/><E82/><V108/><F101/><W123/><G49/><T28/><D28/><U88/><E88/><V57/><F108/><W59/><G59/><N who="2" m="22601" /><F15/><W93/><G93/><T52/><D36/><U70/><E70/><V60/><F14/><W25/><G25/><T85/><D74/><U113/><E113/><V55/><F55/><W12/><G12/><T3/><D3/><N who="1" m="159" /><E122/><V117/><F40/><W0/><G123/><T73/><D73/><U105/><E105/><V47/><F60/><W75/><G75/><T11/><D11/><U121/><E121/><V32/><F43/><W92/><G69/><T131/><D2/><U21/><E17/><V13/><F58/><W126/><G16/><T83/><D131/><U80/><E80/><V48/><F48/><W18/><G18/><T51/><D83/><U42/><E42/><V102/><F53/><W98/><G103/><T10/><D52/><U27/><E27/><V26/><F26/><W39/><G39/><T31/><D79/><U116/><E116/><V30/><F117/><RYUUKYOKU ba="1,1" sc="385,-10,147,30,197,-10,261,-10" hai1="20,21,23,61,64,68,125" owari="385,48.5,177,-32.3,187,-21.3,251,5.1" /></mjloggm>