<mjloggm ver="2.3"><GO type="225" lobby="0"/><UN n0="%E5%8D%A0%E3%81%84%E5%B8%AB%E8%A3%8F%E3%81%AA%E3%81%84%E3%81%97" n1="%E7%99%BD%E5%80%89%E5%AF%9B%E4%B9%8B" n2="%E9%9B%80%E6%A5%B5%E3%81%AE%E3%81%B8" n3="%E3%83%96%E3%83%83%E3%83%91%E3%82%AA%E3%83%96%E3%83%81%E3%82%AD%E3%83%B3" dan="17,16,16,16" rate="2227.98,2131.03,2121.32,2047.61" sx="M,M,M,M"/><TAIKYOKU oya="0"/><INIT seed="0,0,0,0,4,25" ten="250,250,250,250" oya="0" hai0="79,121,39,86,7,17,114,71,80,100,20,105,108" hai1="93,1,129,77,65,32,122,45,68,98,60,18,24" hai2="47,22,109,54,90,74,99,31,64,75,87,91,57" hai3="117,128,21,49,41,15,126,2,40,23,52,127,67"/><T50/><D114/><U135/><E1/><V26/><F109/><W88/><G117/><T11/><D121/><U35/><E122/><V58/><F64/><W12/><G2/><T34/><D39/><U69/><E129/><V30/><F74/><W96/><G67/><T29/><D71/><U59/><E135/><V53/><F75/><W113/><G113/><T8/><D108/><U36/><E77/><V6/><F6/><W16/><G128/><T110/><D110/><U13/><E35/><V56/><F47/><N who="3" m="27711" /><G96/><T119/><D119/><U111/><E111/><V38/><F38/><W63/><G88/><N who="2" m="33833" /><F99/><W97/><G97/><T48/><D105/><U28/><E36/><V124/><F124/><N who="3" m="47659" /><G63/><T103/><D103/><U125/><E45/><V134/><F134/><W51/><G51/><T81/><D100/><U132/><E132/><V72/><F72/><W43/><G12/><N who="0" m="5151" /><D48/><U106/><E106/><V33/><F87/><W62/><G62/><T37/><D37/><U84/><E84/><V104/><F104/><W66/><G66/><T102/><D50/><U44/><E44/><V112/><F112/><W95/><G95/><T83/><D102/><U46/><E46/><V116/><F116/><W3/><G3/><T131/><D131/><U73/><E73/><V78/><F78/><W94/><G94/><T89/><D79/><U4/><E125/><V9/><F9/><AGARI ba="0,0" hai="9,15,16,21,23,40,41,43" m="47659,27711" machi="9" ten="30,3900,0" yaku="18,1,54,2" doraHai="25" who="3" fromWho="2" sc="250,0,250,0,250,-39,250,39" /><INIT seed="1,0,0,0,0,123" ten="250,250,211,289" oya="1" hai0="94,64,2,33,118,74,93,110,69,85,80,12,105" hai1="134,48,4,52,56,35,39,7,117,20,84,89,106" hai2="61,45,3,15,42,92,10,60,111,83,98,57,0" hai3="101,29,53,132,8,34,67,44,68,36,131,31,30"/><U32/><E39/><V114/><F114/><W113/><G113/><T77/><D2/><U62/><E106/><V40/><F83/><W24/><G132/><T14/><D118/><U19/><E117/><V72/><F72/><W86/><G131/><T28/><D105/><U90/><E134/><V82/><F82/><W21/><G101/><T22/><D33/><U11/><E89/><V100/><F61/><W125/><G125/><T66/><D110/><U55/><E11/><V115/><F115/><W87/><G68/><T65/><D69/><U70/><E35/><V79/><F79/><W58/><G67/><T76/><D76/><U127/><E32/><V128/><F128/><W6/><G44/><T81/><D81/><N who="1" m="49423" /><E70/><V95/><F95/><N who="0" m="36362" /><D74/><U91/><E91/><V5/><F42/><W23/><G36/><T50/><D50/><U27/><E127/><V75/><F75/><W120/><G34/><T109/><D109/><U63/><E63/><V107/><F107/><W126/><G120/><T129/><D129/><U116/><E116/><V17/><F111/><W71/><G71/><T124/><D124/><U130/><E130/><V96/><F96/><W112/><G126/><T54/><D54/><U49/><E49/><N who="2" m="26791" /><F0/><N who="3" m="71" /><G112/><T37/><D37/><U108/><E108/><V104/><F104/><W122/><G122/><T26/><AGARI ba="0,0" hai="12,14,22,26,28,64,65,66,77,80,85" m="36362" machi="26" ten="30,1100,0" yaku="8,1" doraHai="123" who="0" fromWho="0" sc="250,11,250,-5,211,-3,289,-3" /><INIT seed="2,0,0,3,4,38" ten="261,245,208,286" oya="2" hai0="5,1,134,26,89,15,63,123,91,98,122,23,124" hai1="92,86,126,25,102,36,42,11,62,83,2,103,55" hai2="127,74,82,111,67,22,8,116,109,99,14,80,105" hai3="121,107,112,29,119,97,108,4,47,113,117,3,77"/><V96/><F116/><N who="3" m="44619" /><G29/><T43/><D1/><U56/><E126/><V95/><F127/><W79/><G47/><T100/><D124/><U28/><E92/><V68/><F22/><W60/><G60/><T6/><D134/><U104/><E104/><V16/><F105/><W20/><G20/><T61/><D23/><U33/><E2/><V45/><F96/><W125/><G125/><T24/><D98/><U9/><E9/><V48/><F67/><W131/><G4/><T72/><D72/><U115/><E115/><N who="3" m="44106" /><G3/><T40/><D15/><U133/><E133/><V66/><F66/><W49/><G49/><T106/><D106/><U34/><E11/><V30/><F30/><W94/><G131/><T32/><REACH who="0" step="1"/><D100/><REACH who="0" ten="251,245,208,286" step="2"/><U87/><E103/><N who="2" m="60927" /><F74/><W84/><G121/><T0/><D0/><U114/><E102/><V120/><F120/><W101/><G108/><N who="2" m="41545" /><F68/><W12/><G12/><T78/><D78/><U10/><E114/><V21/><F21/><W75/><G75/><T69/><D69/><U35/><E35/><AGARI ba="0,1" hai="5,6,24,26,32,35,40,43,61,63,89,91,122,123" machi="35" ten="25,8000,1" yaku="1,1,22,2,52,2,53,0" doraHai="38" doraHaiUra="88" who="0" fromWho="1" sc="251,90,245,-80,208,0,286,0" /><INIT seed="3,0,0,3,0,80" ten="341,165,208,286" oya="3" hai0="87,17,85,32,20,135,70,6,128,93,123,78,45" hai1="33,21,76,122,126,125,31,106,38,10,105,95,11" hai2="22,82,75,134,5,84,120,3,48,44,43,60,81" hai3="56,16,29,121,64,39,61,90,92,98,103,109,97"/><W132/><G132/><T118/><D118/><U119/><E119/><V19/><F134/><W54/><G121/><T130/><D123/><U131/><E122/><V129/><F120/><W117/><G117/><T25/><D32/><U88/><E33/><V67/><F129/><N who="0" m="49770" /><D135/><U107/><E38/><V28/><F75/><W115/><G115/><T116/><D116/><U55/><E76/><V49/><F28/><W15/><G109/><T108/><D70/><U57/><E131/><V91/><F3/><W62/><G29/><T30/><D6/><U94/><E21/><V2/><F5/><W114/><G114/><T1/><D1/><U18/><E18/><V79/><F2/><W104/><G39/><T63/><D78/><U113/><E31/><V101/><F101/><W24/><G24/><T96/><D63/><N who="1" m="36287" /><E113/><V40/><F79/><W7/><G7/><T66/><D30/><U36/><E36/><V13/><F81/><W83/><G83/><T127/><D17/><U37/><E37/><V86/><F82/><W65/><G62/><T51/><D20/><AGARI ba="0,0" hai="15,16,20,54,56,61,64,65,90,92,97,98,103,104" machi="20" ten="30,2900,0" yaku="7,1,54,1" doraHai="80" who="3" fromWho="0" sc="341,-29,165,0,208,0,286,29" owari="312,11.2,165,-33.5,208,-19.2,315,41.5" /></mjloggm>