<mjloggm ver="2.3"><GO type="225" lobby="0"/><UN n0="%4C%4F%4C%49%54%41" n1="%E6%81%A5%E6%99%92%E3%81%97" n2="%E3%81%8B%E3%82%8F%E3%81%A1%E3%82%83%E3%82%93%35%38" n3="%E3%81%A4%E3%81%A3%E3%81%B1%E3%82%8A%E3%83%9D%E3%83%BC%E3%83%AB" dan="16,17,16,17" rate="2113.16,2154.25,2165.28,2138.26" sx="F,M,M,M"/><TAIKYOKU oya="0"/><INIT seed="0,0,0,2,4,49" ten="250,250,250,250" oya="0" hai0="39,82,34,0,120,22,124,6,119,56,35,54,87" hai1="20,4,98,89,121,83,50,64,18,107,105,130,128" hai2="135,63,123,26,69,44,1,42,17,78,72,99,75" hai3="7,106,117,24,60,30,115,90,132,36,109,68,129"/><T131/><D119/><U102/><E121/><V31/><F123/><W77/><G117/><T96/><D120/><U53/><E4/><V52/><F1/><W58/><G36/><T11/><D39/><U51/><E107/><V8/><F135/><W114/><G106/><T33/><D131/><N who="1" m="50219" /><E64/><V97/><F17/><W40/><G40/><T45/><D124/><U19/><E50/><V37/><F8/><W47/><G77/><T28/><D96/><N who="1" m="61639" /><E20/><V25/><F69/><W112/><G68/><T65/><D45/><N who="1" m="27887" /><E83/><V59/><F25/><W91/><G7/><T103/><D65/><U55/><E55/><V38/><F38/><W110/><G129/><T15/><D103/><U86/><E86/><V95/><F99/><W12/><G47/><T111/><D111/><N who="3" m="42505" /><G132/><T100/><D100/><U127/><E127/><V70/><F70/><W43/><G43/><T62/><D22/><U61/><E61/><V57/><F57/><W104/><G104/><T73/><D73/><U76/><E76/><V48/><F78/><W88/><G58/><T67/><D67/><U134/><E134/><V21/><F37/><W13/><G60/><T2/><REACH who="0" step="1"/><D28/><REACH who="0" ten="240,250,250,250" step="2"/><U81/><E98/><V84/><F84/><W116/><G116/><T14/><D14/><U122/><E122/><V94/><REACH who="2" step="1"/><F94/><REACH who="2" ten="240,250,240,250" step="2"/><W74/><G74/><T41/><D41/><U133/><E133/><V79/><F79/><AGARI ba="0,2" hai="0,2,6,11,15,33,34,35,54,56,62,79,82,87" machi="79" ten="40,7700,0" yaku="1,1,52,1,53,1" doraHai="49" doraHaiUra="80" who="0" fromWho="2" sc="240,97,250,0,240,-77,250,0" /><INIT seed="0,1,0,5,3,129" ten="337,250,163,250" oya="0" hai0="98,41,110,85,119,8,36,89,33,90,120,111,25" hai1="101,21,118,127,95,93,106,114,32,52,80,79,112" hai2="69,116,1,11,12,38,123,35,14,100,5,45,58" hai3="72,92,28,34,109,4,23,76,87,51,43,57,20"/><T60/><D119/><U19/><E32/><V83/><F69/><W71/><G71/><T124/><D120/><U13/><E118/><V10/><F116/><W73/><G34/><T9/><D124/><U74/><E127/><V86/><F123/><W99/><G109/><N who="0" m="41483" /><D60/><U75/><E75/><V94/><F35/><W107/><G107/><T44/><D98/><U3/><E3/><V61/><F1/><W132/><G4/><T29/><D90/><U77/><E77/><V104/><F104/><W84/><G72/><T16/><D16/><U68/><E68/><V135/><F100/><W70/><G73/><T66/><D66/><U22/><E106/><V133/><F94/><AGARI ba="1,0" hai="8,9,25,29,33,36,41,44,85,89,94" m="41483" machi="94" ten="30,2900,0" yaku="14,1,10,1" doraHai="129" who="0" fromWho="2" sc="337,32,250,0,163,-32,250,0" /><INIT seed="0,2,0,0,2,3" ten="369,250,131,250" oya="0" hai0="124,54,53,101,130,36,29,77,32,62,133,92,123" hai1="79,50,49,68,122,65,70,23,100,43,90,85,75" hai2="22,33,42,26,25,47,93,73,113,134,37,105,91" hai3="9,24,21,98,121,95,40,97,80,109,69,118,135"/><T6/><D123/><U99/><E122/><V89/><F113/><W8/><G121/><T15/><D36/><U96/><E96/><V110/><F105/><W106/><G118/><T58/><D130/><U78/><E65/><V12/><F110/><W127/><G69/><T7/><D133/><U1/><E1/><V125/><F125/><W55/><G109/><T112/><D112/><U19/><E68/><V72/><F134/><W131/><G40/><T14/><D77/><U115/><E70/><V74/><F91/><W119/><G119/><T34/><D29/><U28/><E28/><V4/><F33/><W67/><G67/><T35/><D54/><U31/><E31/><V88/><F89/><N who="3" m="55535" /><G106/><T39/><D39/><U128/><E128/><V114/><F114/><W16/><G131/><T20/><D124/><U116/><E115/><V108/><F108/><W102/><G127/><T11/><D20/><U87/><E87/><V117/><F117/><W132/><G132/><T56/><D56/><U126/><E116/><V76/><F76/><N who="1" m="29225" /><E43/><V52/><F52/><W0/><G0/><T107/><D107/><N who="1" m="63903" /><E75/><V82/><F82/><W66/><G80/><T83/><D83/><N who="1" m="49471" /><E126/><V61/><F61/><W5/><G135/><T63/><D63/><U51/><E49/><V71/><F71/><W41/><G41/><T30/><D34/><U13/><E50/><V81/><F81/><W38/><G38/><T120/><D120/><U60/><E51/><V111/><F111/><W129/><G129/><T64/><D32/><U57/><E60/><V2/><F73/><W27/><G66/><RYUUKYOKU ba="2,0" sc="369,-10,250,30,131,-10,250,-10" hai1="13,19,23,57" /><INIT seed="1,3,0,5,2,117" ten="359,280,121,240" oya="1" hai0="91,108,109,55,60,3,84,38,134,79,10,93,65" hai1="19,9,56,15,104,95,53,51,90,113,119,35,88" hai2="14,72,100,114,126,83,22,48,98,26,64,21,131" hai3="69,89,68,86,61,41,30,81,112,70,8,94,17"/><U101/><E119/><V47/><F126/><W6/><G112/><T52/><D38/><U39/><E113/><V59/><F114/><W63/><G30/><T18/><D134/><U118/><E118/><V75/><F131/><W97/><G41/><T87/><D79/><U13/><E35/><V11/><F83/><W122/><G122/><T111/><D84/><U24/><E39/><V129/><F129/><W31/><G31/><T32/><D32/><U23/><E104/><V71/><F71/><W7/><G17/><T4/><REACH who="0" step="1"/><D18/><REACH who="0" ten="349,280,121,240" step="2"/><N who="1" m="12407" /><E13/><V103/><F75/><W82/><G82/><T92/><D92/><U45/><E45/><V77/><F77/><W67/><G81/><T66/><D66/><U125/><E125/><V0/><F72/><W28/><G67/><T54/><D54/><U99/><AGARI ba="3,1" hai="9,15,19,51,53,56,88,90,95,99,101" m="12407" machi="99" ten="30,3000,0" yaku="8,1,54,1" doraHai="117" who="1" fromWho="1" sc="349,-13,280,49,121,-13,240,-13" /><INIT seed="1,4,0,2,4,95" ten="336,329,108,227" oya="1" hai0="60,56,31,10,73,125,88,7,106,1,98,80,58" hai1="85,22,101,108,129,12,42,28,32,83,57,38,107" hai2="66,45,87,70,53,128,135,126,2,72,14,92,20" hai3="113,82,55,86,33,3,114,122,34,79,134,97,64"/><U116/><E116/><V41/><F72/><W52/><G122/><T77/><D125/><U119/><E119/><V18/><F126/><W118/><G118/><T104/><D31/><U75/><E32/><V15/><F2/><W48/><G3/><T25/><D25/><U89/><E129/><V11/><F135/><W109/><G134/><T123/><D123/><U21/><E28/><V81/><F128/><W61/><G109/><T112/><D112/><U65/><E108/><V51/><F70/><W46/><G55/><T13/><D13/><U111/><E12/><V133/><F133/><W69/><REACH who="3" step="1"/><G97/><REACH who="3" ten="336,329,108,217" step="2"/><T110/><D110/><U19/><E111/><V37/><F66/><W29/><G29/><T90/><D98/><U68/><E65/><V8/><F92/><W130/><G130/><T54/><D106/><U94/><E107/><V6/><F37/><W24/><G24/><T62/><D104/><U127/><E94/><V99/><F99/><W121/><G121/><T67/><AGARI ba="4,1" hai="1,7,10,54,56,58,60,62,67,73,77,80,88,90" machi="67" ten="20,2700,0" yaku="0,1,7,1,54,1" doraHai="95" who="0" fromWho="0" sc="336,49,329,-17,108,-11,217,-11" /><INIT seed="2,0,0,5,2,45" ten="385,312,97,206" oya="2" hai0="86,46,104,111,106,88,87,89,77,91,41,40,81" hai1="28,118,76,125,55,58,36,74,96,64,105,4,21" hai2="80,27,115,101,94,8,5,84,109,131,17,85,99" hai3="93,3,54,1,108,59,95,103,33,79,47,119,49"/><V12/><F131/><W29/><G119/><T44/><D111/><U23/><E118/><V83/><F115/><W9/><G108/><T10/><D10/><U90/><E36/><V35/><F109/><W127/><G127/><T7/><D7/><U134/><E134/><V102/><F102/><W71/><G71/><T39/><REACH who="0" step="1"/><D86/><REACH who="0" ten="375,312,97,206" step="2"/><U20/><E4/><V124/><F124/><W69/><G9/><T22/><D22/><U122/><E20/><N who="2" m="13711" /><F35/><W56/><G33/><T113/><D113/><U24/><E21/><V25/><F25/><W112/><G112/><T121/><D121/><U14/><E23/><V100/><F100/><W51/><G103/><T19/><D19/><U57/><E24/><V42/><F42/><W107/><G3/><T53/><D53/><U68/><E55/><V16/><F5/><W50/><G54/><T60/><D60/><U26/><E125/><V75/><F75/><W6/><G6/><T37/><AGARI ba="0,1" hai="37,39,40,41,44,46,77,81,87,88,89,91,104,106" machi="37" ten="30,12000,2" yaku="1,1,0,1,9,1,54,1,53,2" doraHai="45" doraHaiUra="43" who="0" fromWho="0" sc="375,130,312,-30,97,-60,206,-30" /><INIT seed="3,0,0,1,3,80" ten="505,282,37,176" oya="3" hai0="119,61,29,54,28,60,85,134,51,38,110,11,0" hai1="43,47,16,64,121,129,56,118,74,123,103,36,135" hai2="122,57,23,24,26,130,87,17,32,8,111,124,102" hai3="67,6,71,44,1,100,133,49,99,13,65,106,127"/><W104/><G133/><T98/><D38/><U41/><E74/><V70/><F70/><W109/><G127/><T84/><D119/><U40/><E103/><V78/><F124/><W107/><G1/><T96/><D110/><U132/><E118/><V108/><F102/><W68/><G6/><T4/><D134/><N who="1" m="51243" /><E129/><V34/><F57/><W120/><G13/><N who="0" m="5351" /><D85/><U101/><E101/><V42/><F42/><N who="1" m="16489" /><E16/><V5/><F78/><W125/><G120/><T114/><D84/><U128/><E128/><V90/><F90/><W58/><G109/><T48/><D48/><U76/><E76/><V20/><F87/><W35/><G35/><T79/><D79/><U95/><E95/><V59/><F59/><W82/><G67/><T77/><D77/><U9/><E9/><V18/><F130/><W22/><G22/><T21/><D0/><U113/><E113/><V105/><F105/><W7/><G99/><T116/><D54/><U75/><E75/><V126/><F126/><W83/><G100/><T72/><D60/><AGARI ba="0,0" hai="36,43,47,56,60,64,121,123" m="16489,51243" machi="60" ten="30,3900,0" yaku="20,1,34,2" doraHai="80" who="1" fromWho="0" sc="505,-39,282,39,37,0,176,0" owari="466,56.6,321,12.1,37,-46.3,176,-22.4" /></mjloggm>