<mjloggm ver="2.3"><GO type="225" lobby="0"/><UN n0="%E3%82%8F%E3%81%8B%E3%81%B0%2A%E3%82%AC%E3%83%BC%E3%83%AB" n1="%6D%61%74%69%67%75%73%61" n2="%E3%81%AF%E3%82%88%E3%81%8A%E3%81%98%E3%81%95%E3%82%93" n3="%E6%97%A5%E6%9B%9C%E6%97%A5%E3%82%88%E3%82%8A%E3%81%AE%E4%BD%BF%E8%80%85" dan="16,17,17,17" rate="2072.98,2091.12,2218.16,2258.90" sx="M,M,M,M"/><TAIKYOKU oya="0"/><INIT seed="0,0,0,0,4,101" ten="250,250,250,250" oya="0" hai0="126,59,12,29,114,102,99,5,63,69,1,52,122" hai1="22,44,89,15,41,68,45,65,75,71,130,110,135" hai2="21,26,35,104,103,51,60,76,87,3,7,94,70" hai3="74,86,37,88,54,119,127,13,18,111,8,98,20"/><T61/><D114/><U0/><E0/><V53/><F35/><W108/><G119/><T83/><D122/><U9/><E75/><V38/><F38/><W31/><G74/><T92/><D126/><U46/><E22/><V73/><F73/><W128/><G37/><T129/><D129/><U121/><E89/><V42/><F42/><W106/><G127/><T34/><D1/><U131/><E15/><V27/><F27/><W66/><G66/><T36/><D36/><U4/><E9/><V39/><F39/><W79/><G54/><T80/><D34/><U28/><E4/><V125/><F125/><W134/><G128/><N who="1" m="49194" /><E28/><V47/><F76/><W100/><G79/><T6/><D29/><U17/><E17/><V50/><F50/><W32/><G32/><T72/><D72/><U113/><E110/><V33/><F33/><W14/><G134/><T49/><D69/><N who="1" m="26699" /><E65/><N who="2" m="41255" /><F7/><N who="0" m="2570" /><D12/><U105/><E121/><V23/><F3/><W43/><G14/><T109/><D109/><U78/><E78/><V24/><F24/><W120/><G120/><T132/><D132/><U55/><E135/><V2/><F2/><W81/><REACH who="3" step="1"/><G43/><REACH who="3" ten="250,250,250,240" step="2"/><T95/><D95/><U19/><E41/><V16/><F94/><W64/><G64/><T97/><D97/><U133/><E133/><V96/><F87/><W112/><G112/><T124/><D124/><U85/><E113/><V48/><F96/><W91/><G91/><T84/><D83/><U11/><E85/><V93/><F93/><W107/><G107/><T118/><D118/><U123/><E123/><V115/><F115/><W56/><G56/><RYUUKYOKU ba="0,1" sc="250,15,250,-15,250,-15,240,15" hai0="49,52,59,61,63,80,84,92,99,102" hai3="8,13,18,20,31,81,86,88,98,100,106,108,111" /><INIT seed="0,1,1,2,0,41" ten="265,235,235,255" oya="0" hai0="71,47,129,11,10,6,117,38,97,125,16,75,29" hai1="46,43,56,1,0,24,113,81,53,109,33,126,55" hai2="19,108,78,92,54,76,20,133,30,23,21,65,26" hai3="106,130,5,8,49,69,7,60,121,67,59,48,87"/><T96/><D117/><U37/><E109/><V51/><F108/><W57/><G106/><T25/><D71/><U93/><E126/><V35/><F133/><W9/><G130/><T94/><D129/><U17/><E113/><V86/><F65/><W115/><G115/><T83/><D125/><U34/><E53/><V116/><F116/><W132/><G132/><T70/><D70/><U79/><E93/><V103/><F21/><W131/><G131/><T31/><D75/><U50/><E17/><V4/><F35/><W84/><G69/><T95/><D83/><U135/><E135/><V89/><F103/><W128/><G128/><T58/><D58/><U32/><REACH who="1" step="1"/><E24/><REACH who="1" ten="265,225,235,255" step="2"/><N who="2" m="14367" /><F4/><W123/><G67/><T112/><D112/><U85/><AGARI ba="1,2" hai="0,1,32,33,34,37,43,46,50,55,56,79,81,85" machi="85" ten="30,4000,0" yaku="1,1,0,1,52,1,53,0" doraHai="41" doraHaiUra="120" who="1" fromWho="1" sc="265,-21,225,63,235,-11,255,-11" /><INIT seed="1,0,0,5,0,30" ten="244,288,224,244" oya="1" hai0="2,106,121,38,122,129,33,26,92,14,115,36,79" hai1="63,25,45,108,110,53,42,31,54,100,13,116,7" hai2="93,1,9,113,37,60,70,58,28,88,117,20,22" hai3="76,87,74,56,104,90,48,103,82,83,39,98,62"/><U12/><E100/><V61/><F117/><W49/><REACH who="3" step="1"/><G39/><REACH who="3" ten="244,288,224,234" step="2"/><T112/><D36/><U101/><E110/><V80/><F37/><W35/><G35/><T124/><D33/><U97/><E108/><V29/><F113/><W102/><G102/><T68/><D38/><U44/><E101/><V64/><F28/><W6/><G6/><T51/><D112/><U126/><E7/><V15/><F29/><W41/><G41/><T50/><D115/><U77/><E42/><V119/><F119/><W111/><G111/><T16/><D121/><U130/><E31/><V125/><F1/><W3/><G3/><T95/><D2/><U4/><E4/><V32/><F32/><W27/><G27/><T133/><D26/><U46/><E25/><V34/><F34/><W24/><G24/><T43/><D122/><U107/><E116/><V10/><F125/><W84/><G84/><T18/><D43/><U123/><E126/><V57/><F15/><W99/><G99/><T94/><D14/><U120/><E97/><N who="2" m="57511" /><F70/><W86/><G86/><T21/><D68/><U128/><E12/><V52/><F80/><W89/><G89/><T132/><D124/><U75/><E123/><V78/><F78/><W23/><G23/><AGARI ba="0,1" hai="9,10,20,22,23,52,57,58,60,61,64" m="57511" machi="23" ten="30,3900,0" yaku="8,1,54,2" doraHai="30" who="2" fromWho="3" sc="244,0,288,0,224,49,234,-39" /><INIT seed="2,0,0,4,1,103" ten="244,288,273,195" oya="2" hai0="102,31,2,92,3,73,108,45,130,77,11,132,8" hai1="113,40,67,122,17,41,22,15,59,48,51,37,97" hai2="66,29,96,9,94,110,129,124,46,53,1,125,100" hai3="82,89,39,26,99,32,135,115,127,18,95,72,128"/><V47/><F129/><W107/><G128/><T85/><D130/><U50/><E113/><V126/><F110/><W78/><G115/><T81/><D108/><U12/><E122/><V13/><F1/><W44/><G127/><T19/><D132/><U55/><E37/><V71/><F29/><W6/><G135/><T56/><D31/><U109/><E109/><V131/><F131/><W43/><G6/><T65/><D45/><U21/><E67/><V62/><REACH who="2" step="1"/><F53/><REACH who="2" ten="244,288,263,195" step="2"/><W116/><G116/><T52/><D2/><U75/><E55/><V90/><F90/><W133/><G133/><T58/><D3/><U93/><E41/><V87/><F87/><W35/><G26/><T4/><D73/><U86/><E75/><V20/><F20/><W60/><G89/><T106/><D52/><U36/><E21/><V83/><F83/><W105/><G99/><T34/><D34/><U68/><E22/><V5/><AGARI ba="0,1" hai="5,9,13,46,47,62,66,71,94,96,100,124,125,126" machi="5" ten="30,11700,0" yaku="1,1,0,1,18,1,53,1" doraHai="103" doraHaiUra="10" who="2" fromWho="2" sc="244,-39,288,-39,263,127,195,-39" /><INIT seed="2,1,0,3,5,85" ten="205,249,390,156" oya="2" hai0="67,134,15,127,81,77,114,62,115,125,80,123,36" hai1="17,65,24,18,120,74,69,90,3,38,78,73,130" hai2="70,33,87,43,23,25,59,104,16,64,112,83,5" hai3="116,107,122,100,54,93,113,109,58,98,13,124,129"/><V31/><F112/><N who="0" m="43050" /><D36/><U60/><E3/><V22/><F104/><W55/><G113/><T79/><D123/><U19/><E130/><V126/><F126/><N who="0" m="48138" /><D15/><U42/><E120/><V53/><F5/><W35/><G122/><T6/><D6/><U121/><E121/><V4/><F4/><W92/><G129/><T32/><D32/><U52/><E42/><V10/><F43/><W94/><G35/><T86/><D62/><U48/><E38/><V40/><F40/><W118/><G124/><T41/><D41/><U46/><E78/><N who="0" m="29705" /><D67/><U27/><E27/><V106/><F64/><W131/><G131/><T50/><D50/><U7/><E24/><V14/><F106/><W72/><G13/><T111/><D111/><U9/><E9/><V117/><F10/><W71/><G109/><T56/><D56/><U63/><E63/><V96/><F33/><W30/><G58/><T28/><D28/><U75/><E7/><V51/><F59/><W1/><G30/><T39/><D39/><U108/><E108/><V0/><F51/><W119/><G1/><T11/><D11/><U34/><E34/><V135/><F0/><W66/><REACH who="3" step="1"/><G72/><REACH who="3" ten="205,249,390,146" step="2"/><T45/><D45/><U105/><E74/><V97/><F14/><W88/><G88/><N who="0" m="51271" /><D81/><U132/><E73/><V61/><F83/><W84/><G84/><T133/><AGARI ba="1,1" hai="133,134" m="51271,29705,48138,43050" machi="133" ten="40,8000,1" yaku="18,1,34,2,52,1,54,1" doraHai="85" who="0" fromWho="0" sc="205,93,249,-21,390,-41,146,-21" /><INIT seed="3,0,0,4,4,128" ten="298,228,349,125" oya="3" hai0="55,29,24,79,122,32,124,83,99,87,118,78,95" hai1="69,23,51,112,62,50,8,11,34,131,134,45,3" hai2="64,85,135,120,2,76,39,46,77,72,9,7,82" hai3="81,61,90,13,47,43,17,38,75,58,68,126,129"/><W21/><G129/><T37/><D122/><U25/><E34/><V105/><F135/><W1/><G126/><T66/><D118/><U6/><E112/><V96/><F120/><W41/><G1/><T52/><D124/><U97/><E131/><V119/><F119/><W117/><G117/><T53/><D37/><U5/><E97/><V59/><F77/><W133/><G43/><T22/><D66/><U92/><E92/><V108/><F108/><W84/><G68/><T123/><D123/><U71/><E62/><V31/><F31/><W36/><G75/><T4/><D4/><U100/><E100/><V67/><F59/><W63/><G133/><T115/><D115/><U49/><E45/><V27/><F27/><W18/><G38/><T103/><D32/><U48/><N who="1" m="12288" /><DORA hai="80" /><U16/><REACH who="1" step="1"/><E134/><REACH who="1" ten="298,218,349,125" step="2"/><V57/><F96/><W89/><G58/><T109/><D109/><U42/><E42/><V94/><F57/><W93/><REACH who="3" step="1"/><G18/><REACH who="3" ten="298,218,349,115" step="2"/><T91/><AGARI ba="0,2" hai="22,24,29,52,53,55,78,79,83,87,91,95,99,103" machi="91" ten="30,7900,0" yaku="0,1,8,1,52,1,54,1" doraHai="128,80" who="0" fromWho="0" sc="298,99,218,-20,349,-20,115,-39" owari="397,49.7,198,-20.2,329,12.9,76,-42.4" /></mjloggm>