<mjloggm ver="2.3"><GO type="225" lobby="0"/><UN n0="%E5%8D%A0%E3%81%84%E5%B8%AB%E8%A3%8F%E3%81%AA%E3%81%84%E3%81%97" n1="%E3%81%AD%E3%82%80%E3%81%84%40%E9%9B%80%E9%B3%B4%E4%BC%9A" n2="%72%65%6E%6B%75%6E" n3="%E5%B8%86%E7%AB%8B%E5%A4%8F%E8%A1%A3" dan="17,16,17,17" rate="2265.83,2209.23,2184.61,2249.40" sx="M,M,M,M"/><TAIKYOKU oya="0"/><INIT seed="0,0,0,5,2,104" ten="250,250,250,250" oya="0" hai0="39,32,62,102,30,22,128,57,25,110,91,96,97" hai1="26,78,36,9,6,79,111,114,84,29,132,37,5" hai2="88,121,117,27,35,87,89,120,21,42,103,63,51" hai3="72,90,3,23,11,33,124,85,50,10,47,15,43"/><T24/><D39/><U45/><E111/><V130/><F35/><W116/><G124/><T77/><D110/><U95/><E132/><V41/><F130/><W59/><G116/><T75/><D128/><U7/><E114/><V13/><F117/><W101/><G101/><T56/><D91/><U74/><E9/><V73/><F73/><W113/><G33/><T76/><D96/><U49/><E79/><V133/><F133/><W14/><G72/><T100/><D100/><U94/><E94/><V16/><F103/><W28/><G3/><T46/><D46/><U81/><E95/><V1/><F1/><W34/><G34/><T12/><D12/><U82/><E26/><V68/><F27/><W126/><G126/><T70/><D70/><U123/><E29/><V67/><F89/><W71/><G71/><T54/><D56/><U0/><E123/><V92/><REACH who="2" step="1"/><F51/><REACH who="2" ten="250,250,240,250" step="2"/><W105/><G113/><T112/><D75/><U31/><E0/><V69/><F69/><W129/><G129/><T18/><REACH who="0" step="1"/><D112/><REACH who="0" ten="240,250,240,250" step="2"/><U20/><E74/><V107/><F107/><AGARI ba="0,2" hai="18,22,24,25,30,32,54,57,62,76,77,97,102,107" machi="107" ten="30,11600,0" yaku="1,1,2,1,7,1,53,1" doraHai="104" doraHaiUra="48" who="0" fromWho="2" sc="240,136,250,0,240,-116,250,0" /><INIT seed="0,1,0,1,2,60" ten="376,250,124,250" oya="0" hai0="27,67,119,86,57,29,91,7,63,48,131,118,111" hai1="123,1,90,96,45,112,109,130,85,54,5,94,114" hai2="58,105,75,25,97,81,14,106,133,82,115,53,59" hai3="21,65,26,87,55,2,77,125,37,64,122,8,28"/><T0/><D131/><U117/><E117/><V20/><F115/><N who="1" m="44073" /><E123/><V126/><F126/><W71/><G37/><T46/><D0/><U128/><E1/><V4/><F133/><W56/><G71/><T51/><D7/><U124/><E5/><V16/><F59/><W107/><G107/><T49/><D46/><U98/><E54/><V101/><F105/><W129/><G125/><T33/><REACH who="0" step="1"/><D111/><REACH who="0" ten="366,250,124,250" step="2"/><U36/><E124/><V108/><F108/><W135/><G129/><N who="1" m="49770" /><E45/><V31/><F4/><W72/><G2/><T11/><D11/><U30/><E109/><V69/><F69/><W32/><G8/><T120/><D120/><U44/><E44/><V18/><F75/><W68/><G72/><T6/><D6/><U38/><E30/><V100/><F100/><W95/><G28/><T89/><D89/><U42/><E42/><V22/><REACH who="2" step="1"/><F31/><REACH who="2" ten="366,250,114,250" step="2"/><W35/><G122/><T39/><D39/><AGARI ba="1,2" hai="36,38,39,85,90,94,96,98" m="49770,44073" machi="39" ten="40,2600,0" yaku="11,1,19,1" doraHai="60" who="1" fromWho="0" sc="366,-29,250,49,114,0,250,0" /><INIT seed="1,0,0,3,3,73" ten="337,299,114,250" oya="1" hai0="6,36,135,76,85,22,43,35,101,67,5,15,116" hai1="64,114,56,44,89,16,118,52,98,78,109,23,42" hai2="57,53,63,79,17,49,58,74,131,106,126,90,26" hai3="96,25,48,115,132,13,77,45,113,21,91,69,122"/><U54/><E114/><V9/><F126/><W95/><G132/><T117/><D35/><U30/><E118/><V83/><F106/><W39/><G122/><T19/><D135/><U50/><E109/><V88/><F131/><W65/><G39/><T81/><D67/><U8/><E30/><V87/><F74/><W66/><G69/><T68/><D68/><U70/><E70/><V86/><F26/><W111/><G111/><T55/><D101/><U124/><E8/><V104/><F104/><W31/><G115/><T112/><D112/><U107/><E78/><V10/><F17/><W40/><G113/><T71/><D71/><U59/><E124/><V80/><REACH who="2" step="1"/><F79/><REACH who="2" ten="337,299,104,250" step="2"/><W130/><G77/><T134/><D134/><U129/><E129/><V110/><F110/><W11/><G130/><T32/><D117/><U27/><E107/><V120/><F120/><W12/><G12/><T34/><D15/><U100/><E100/><V82/><F82/><W28/><REACH who="3" step="1"/><G31/><REACH who="3" ten="337,299,104,240" step="2"/><T123/><D76/><U92/><E64/><AGARI ba="0,2" hai="9,10,49,53,57,58,63,64,80,83,86,87,88,90" machi="64" ten="30,8000,1" yaku="1,1,7,1,9,1,8,1,54,1,53,0" doraHai="73" doraHaiUra="121" who="2" fromWho="1" sc="337,0,299,-80,104,100,240,0" /><INIT seed="2,0,0,5,1,109" ten="337,219,204,240" oya="2" hai0="57,99,113,2,90,46,93,128,9,6,61,5,53" hai1="97,33,0,43,122,10,26,126,16,81,67,120,102" hai2="59,65,118,84,18,55,70,83,8,119,105,30,95" hai3="66,17,92,31,82,32,96,133,121,112,115,110,19"/><V28/><F105/><W4/><G121/><N who="1" m="46698" /><E126/><V63/><F95/><W86/><G4/><T64/><D128/><U127/><E127/><V117/><F8/><W20/><G110/><T89/><D113/><N who="3" m="43593" /><G133/><T130/><D130/><U35/><E43/><V71/><F18/><W51/><G66/><T45/><D5/><N who="1" m="1319" /><E67/><V73/><F73/><W14/><G51/><T114/><D114/><U116/><E81/><V132/><F132/><W106/><G106/><T103/><D64/><U101/><E116/><V58/><F70/><W52/><G52/><T21/><D21/><N who="1" m="13607" /><E102/><V48/><REACH who="2" step="1"/><F71/><REACH who="2" ten="337,219,194,240" step="2"/><W38/><G19/><T98/><D103/><U12/><E12/><V7/><F7/><W44/><G92/><AGARI ba="0,1" hai="2,6,9,45,46,53,57,61,89,90,92,93,98,99" machi="92" ten="40,1300,0" yaku="9,1" doraHai="109" who="0" fromWho="3" sc="337,23,219,0,194,0,240,-13" /><AGARI ba="0,0" hai="33,35,92,97,101" m="13607,1319,46698" machi="92" ten="30,2000,0" yaku="13,1,54,1" doraHai="109" who="1" fromWho="3" sc="360,0,219,20,194,0,227,-20" /><INIT seed="3,0,0,2,5,79" ten="360,239,194,207" oya="3" hai0="72,37,7,11,128,74,98,19,91,122,8,5,81" hai1="25,124,43,38,23,130,101,52,76,80,61,117,53" hai2="78,115,57,47,77,6,42,54,96,63,15,126,31" hai3="97,105,90,133,2,48,69,87,58,88,125,108,55"/><W129/><G69/><T67/><D37/><U18/><E124/><V103/><F126/><W111/><G125/><T50/><D128/><U14/><E130/><V20/><F115/><W1/><G129/><T13/><D122/><U131/><E131/><V107/><F6/><W24/><G133/><T82/><D67/><U39/><E101/><V132/><F132/><W10/><G24/><T127/><D127/><U70/><E117/><V64/><F54/><W112/><G112/><T3/><D72/><U89/><E89/><V60/><F60/><W99/><G10/><T49/><D74/><U135/><E135/><V123/><F123/><W104/><G90/><T9/><D98/><N who="3" m="37385" /><G104/><T121/><D121/><U86/><E39/><V102/><F102/><W134/><G105/><T35/><D35/><U36/><E38/><V75/><F75/><W26/><G26/><T51/><D91/><U71/><E25/><V33/><F33/><W100/><G100/><T65/><D65/><U116/><E116/><V119/><F119/><W114/><G114/><T92/><D92/><U22/><E22/><V68/><F68/><N who="1" m="26153" /><E61/><V44/><F31/><W73/><G73/><T4/><D3/><N who="3" m="1033" /><G134/><T34/><D34/><U30/><E30/><V27/><F27/><W56/><G56/><T32/><D32/><U84/><E86/><V110/><F44/><W28/><G28/><T120/><D120/><U45/><E53/><V66/><F78/><W109/><G88/><T95/><D95/><U93/><E52/><N who="2" m="34215" /><F77/><W41/><G41/><T94/><D94/><U46/><E93/><N who="2" m="58767" /><F42/><W40/><G40/><RYUUKYOKU ba="0,0" sc="360,10,239,10,194,-30,207,10" hai0="4,5,7,8,9,11,13,19,49,50,51,81,82" hai1="14,18,23,36,43,45,46,76,80,84" hai3="48,55,58,87,108,109,111" /><INIT seed="3,1,0,4,2,42" ten="370,249,164,217" oya="3" hai0="113,61,23,27,25,123,89,90,7,94,121,53,79" hai1="110,130,59,112,71,55,60,132,8,106,98,133,100" hai2="63,76,45,103,101,29,87,120,30,131,118,126,74" hai3="57,46,109,38,68,12,21,73,66,124,72,111,13"/><W41/><G68/><T115/><D7/><U70/><E112/><N who="0" m="43081" /><D79/><U96/><E110/><N who="3" m="41994" /><G124/><T95/><D61/><U52/><E130/><V28/><F118/><W129/><G129/><T10/><D10/><U3/><E55/><V125/><F120/><N who="0" m="46154" /><D53/><U64/><E98/><V97/><F74/><N who="3" m="28779" /><G21/><T81/><D81/><U88/><E88/><N who="0" m="33897" /><D25/><U102/><E102/><N who="2" m="38923" /><F63/><AGARI ba="1,0" hai="12,13,38,41,46,57,63,66" m="28779,41994" machi="63" ten="30,5800,0" yaku="14,1,10,1,52,1" doraHai="42" who="3" fromWho="2" sc="370,0,249,0,164,-61,217,61" /><INIT seed="3,2,0,4,0,79" ten="370,249,103,278" oya="3" hai0="0,10,51,93,22,88,3,11,113,27,52,123,46" hai1="72,129,9,34,99,132,76,104,26,32,92,98,49" hai2="73,48,111,94,50,75,38,14,83,30,23,125,65" hai3="43,12,127,106,28,54,60,100,105,18,71,6,101"/><W84/><G127/><T2/><D123/><U124/><E9/><V16/><F38/><W130/><G130/><T53/><D53/><U56/><E49/><V57/><F125/><W96/><G43/><T4/><D10/><U44/><E56/><V67/><F111/><W37/><G37/><T102/><D102/><U109/><E44/><V81/><F30/><W119/><G28/><T29/><D113/><U116/><E26/><V107/><F107/><W95/><G6/><T36/><D36/><U31/><E31/><V121/><F121/><W42/><G42/><T39/><D39/><U110/><E124/><V70/><F70/><W55/><G119/><T59/><D46/><U90/><E32/><V58/><F94/><W40/><G40/><T41/><D41/><U82/><E34/><V78/><F78/><W17/><G71/><T118/><D118/><U25/><E25/><V112/><F23/><W122/><G122/><T114/><D114/><U62/><E62/><V61/><F14/><W85/><G60/><T86/><AGARI ba="2,0" hai="0,2,3,4,11,22,27,29,51,52,59,86,88,93" machi="86" ten="20,5200,0" yaku="0,1,7,1,54,2" doraHai="79" who="0" fromWho="0" sc="370,58,249,-15,103,-15,278,-28" owari="428,52.8,234,-16.6,88,-41.2,250,5.0" /></mjloggm>