<mjloggm ver="2.3"><GO type="225" lobby="0"/><UN n0="%33%74%72%65%65" n1="%E3%83%B4%E3%83%A0%EF%BC%99%E3%81%A6" n2="%E3%83%8F%E3%83%B3%E3%83%89%E3%83%A9%E3%83%BC%E3%83%BB%E3%83%AF%E3%83%B3" n3="%E6%9D%B1%E9%A2%A8%E3%81%AE%E3%81%8D%E3%82%83%E3%81%B7%E3%81%95%E3%82%93" dan="16,17,18,16" rate="2091.50,2131.84,2222.17,2184.82" sx="F,M,M,M"/><TAIKYOKU oya="0"/><INIT seed="0,0,0,4,2,126" ten="250,250,250,250" oya="0" hai0="9,51,67,59,4,60,119,101,129,121,112,30,47" hai1="118,99,116,111,18,128,68,77,25,130,74,61,115" hai2="8,107,44,104,31,71,11,21,114,35,133,103,24" hai3="108,41,48,55,42,33,52,91,97,92,38,80,89"/><T65/><D112/><U62/><E99/><V85/><F114/><W102/><G33/><T124/><D119/><N who="1" m="45611" /><E115/><V19/><F71/><W86/><G108/><T56/><D121/><U70/><E111/><V132/><F44/><W88/><G38/><T96/><D124/><U57/><E18/><V39/><F39/><W14/><G14/><T5/><D30/><U28/><E61/><V63/><F63/><W123/><G123/><T105/><D4/><U127/><E127/><V40/><F40/><N who="3" m="15467" /><G55/><T134/><D134/><N who="2" m="51818" /><F85/><W7/><G7/><T6/><D67/><N who="1" m="41079" /><E70/><V49/><F104/><W17/><G17/><T43/><D59/><AGARI ba="0,0" hai="48,52,59,80,86,88,89,91,92,97,102" m="15467" machi="59" ten="30,3900,0" yaku="8,1,54,2" doraHai="126" who="3" fromWho="0" sc="250,-39,250,0,250,0,250,39" /><INIT seed="1,0,0,4,2,74" ten="211,250,250,289" oya="1" hai0="110,99,54,32,39,43,56,24,96,66,80,1,106" hai1="4,9,33,115,49,112,87,130,77,72,34,38,103" hai2="37,90,105,91,62,79,71,18,65,50,95,75,101" hai3="60,21,64,25,73,107,86,114,117,100,111,26,119"/><U131/><E38/><V29/><F37/><W81/><G73/><T128/><D110/><U10/><E103/><V48/><F29/><W17/><G26/><T123/><D123/><U28/><E87/><N who="2" m="52703" /><F18/><W109/><G100/><T113/><D113/><N who="1" m="43595" /><E49/><V11/><F11/><N who="1" m="4105" /><E4/><V85/><F91/><W23/><G23/><T88/><D39/><U19/><E19/><V27/><F85/><W78/><G107/><T44/><D106/><U68/><E68/><V108/><F108/><N who="3" m="41547" /><G114/><T45/><D99/><U6/><E6/><V40/><F101/><W61/><G61/><T132/><D96/><U7/><E7/><V52/><F105/><W63/><G63/><T98/><D98/><U116/><E116/><V59/><F62/><W20/><G20/><T8/><D88/><U13/><E13/><V31/><F75/><W57/><AGARI ba="0,0" hai="17,21,25,57,60,64,78,81,86,117,119" m="41547" machi="57" ten="30,2000,0" yaku="14,1,52,1" doraHai="74" who="3" fromWho="3" sc="211,-5,250,-10,250,-5,289,20" /><INIT seed="2,0,0,4,3,62" ten="206,240,245,309" oya="2" hai0="120,26,53,6,27,123,85,63,102,24,92,116,50" hai1="78,12,93,126,121,5,51,73,35,0,118,40,117" hai2="135,7,129,95,45,57,75,105,81,134,32,89,112" hai3="86,68,23,17,132,98,19,94,44,20,18,30,97"/><V101/><F112/><W8/><G68/><T13/><D116/><U28/><E0/><V72/><F32/><W14/><G132/><N who="2" m="50729" /><F7/><W103/><G97/><T9/><D63/><U58/><E126/><V74/><F45/><W21/><G86/><T42/><D42/><U122/><E93/><V66/><F57/><W124/><G124/><T113/><D113/><U99/><E99/><N who="2" m="61631" /><F66/><W115/><G115/><T46/><REACH who="0" step="1"/><D102/><REACH who="0" ten="196,240,245,309" step="2"/><U130/><E117/><V70/><F70/><W56/><G44/><T65/><D65/><U88/><E118/><V76/><F129/><W36/><G36/><T54/><D54/><U49/><E130/><V64/><F64/><W100/><G100/><T125/><D125/><U79/><E40/><V107/><F107/><W2/><G56/><T69/><D69/><U41/><E58/><V33/><F33/><W109/><G103/><T52/><D52/><U77/><E35/><V104/><F104/><W127/><G127/><T48/><D48/><U61/><E41/><V34/><F34/><W87/><G30/><T22/><D22/><U106/><E28/><V90/><F90/><AGARI ba="0,1" hai="6,9,13,24,26,27,46,50,53,85,90,92,120,123" machi="90" ten="40,1300,0" yaku="1,1,53,0" doraHai="62" doraHaiUra="108" who="0" fromWho="2" sc="196,23,240,0,245,-13,309,0" /><INIT seed="3,0,0,4,0,132" ten="219,240,232,309" oya="3" hai0="27,69,129,124,101,30,40,65,35,119,51,59,60" hai1="74,22,117,83,123,128,31,85,6,0,32,39,99" hai2="93,64,126,2,70,24,44,47,52,130,10,26,97" hai3="14,86,75,76,113,105,8,116,61,9,50,94,77"/><W81/><G105/><T45/><D119/><U111/><E123/><V25/><F130/><W79/><G116/><T131/><D101/><U72/><E117/><V43/><F126/><W4/><G113/><T53/><REACH who="0" step="1"/><D124/><REACH who="0" ten="209,240,232,309" step="2"/><U42/><E128/><V87/><F70/><W91/><G75/><T73/><D73/><U37/><E72/><V28/><F28/><W71/><G71/><T21/><D21/><U33/><E74/><V36/><F64/><W19/><G50/><AGARI ba="0,1" hai="27,30,35,40,45,50,51,53,59,60,65,69,129,131" machi="50" ten="40,1300,0" yaku="1,1,53,0" doraHai="132" doraHaiUra="114" who="0" fromWho="3" sc="209,23,240,0,232,0,309,-13" /><INIT seed="4,0,0,2,5,120" ten="232,240,232,296" oya="0" hai0="42,93,14,34,102,98,38,55,21,15,63,76,127" hai1="65,119,53,91,89,115,29,99,66,27,94,2,49" hai2="24,133,117,83,81,128,11,80,20,126,107,43,78" hai3="106,26,113,12,86,7,33,36,30,37,67,3,132"/><T105/><D34/><U114/><E119/><V22/><F107/><W17/><G106/><T39/><D127/><U131/><E2/><V108/><F108/><W88/><G67/><T121/><D121/><U72/><E72/><V134/><F126/><W47/><G47/><T32/><D32/><N who="1" m="20543" /><E91/><V123/><F123/><W111/><G111/><T69/><D76/><U103/><E89/><V109/><F109/><W92/><G113/><N who="1" m="43018" /><E131/><V71/><F128/><W104/><G104/><T97/><D42/><U5/><E5/><V28/><F43/><W52/><G132/><N who="2" m="50793" /><F117/><W70/><G70/><T10/><D21/><U56/><AGARI ba="0,0" hai="49,53,56,65,66,94,99,103" m="43018,20543" machi="56" ten="30,2000,0" yaku="15,1,11,1" doraHai="120" who="1" fromWho="1" sc="232,-10,240,20,232,-5,296,-5" /><INIT seed="5,0,0,4,3,104" ten="222,260,227,291" oya="1" hai0="94,113,54,52,14,28,9,53,66,21,49,117,72" hai1="107,17,64,4,83,43,38,70,84,74,13,116,48" hai2="59,127,3,76,103,33,8,61,119,126,65,81,67" hai3="26,85,122,114,79,32,75,120,35,6,90,105,128"/><U77/><E116/><V118/><F33/><W46/><G105/><T37/><D117/><U18/><E107/><V86/><F103/><W124/><G46/><T82/><D37/><U111/><E38/><V130/><F67/><W125/><G6/><T78/><D113/><U135/><E135/><V134/><F130/><W69/><G69/><T40/><D66/><U27/><E111/><V44/><F44/><W99/><G99/><T11/><D40/><U50/><E4/><N who="2" m="1055" /><F134/><W100/><G100/><T47/><D9/><U89/><E27/><V51/><F51/><W129/><G114/><T71/><D71/><U0/><E0/><V20/><F20/><W25/><G25/><T60/><D60/><U112/><E112/><V15/><F15/><W93/><G26/><T110/><D110/><U87/><E87/><V24/><F24/><W98/><G85/><T42/><D21/><U36/><E36/><V63/><F63/><W131/><G32/><T132/><D132/><U1/><E1/><V34/><F34/><W45/><G45/><T30/><REACH who="0" step="1"/><D94/><REACH who="0" ten="212,260,227,291" step="2"/><N who="1" m="54567" /><E43/><V92/><F92/><W109/><G109/><T95/><D95/><U29/><E64/><V123/><F123/><N who="3" m="47147" /><G35/><T80/><D80/><AGARI ba="0,1" hai="75,79,80,90,93,98,124,125,128,129,131" m="47147" machi="80" ten="40,8000,1" yaku="19,1,34,2,52,1" doraHai="104" who="3" fromWho="0" sc="212,-80,260,0,227,0,291,90" owari="132,-36.8,260,6.0,227,-17.3,381,48.1" /></mjloggm>