<mjloggm ver="2.3"><GO type="225" lobby="0"/><UN n0="%E6%81%A5%E6%99%92%E3%81%97" n1="%E6%98%93%E5%88%A9%E8%96%A9%E4%BC%AF" n2="%4B%2E%32%2E%4B%2E" n3="%E7%99%BD%E5%80%89%E5%AF%9B%E4%B9%8B" dan="16,17,17,16" rate="2085.42,2167.39,2154.98,2176.14" sx="M,F,M,M"/><TAIKYOKU oya="0"/><INIT seed="0,0,0,3,3,58" ten="250,250,250,250" oya="0" hai0="129,31,45,51,9,77,53,47,78,128,57,23,110" hai1="59,101,36,13,48,19,119,32,104,98,79,121,4" hai2="93,5,68,76,14,92,134,117,82,30,73,114,122" hai3="21,86,65,109,50,108,72,61,27,131,75,10,105"/><T46/><D9/><U41/><E119/><V34/><F114/><W52/><G105/><T37/><D37/><U74/><E121/><V126/><F122/><W22/><G10/><T20/><D110/><N who="3" m="42601" /><G86/><T38/><D38/><U44/><E32/><V120/><F120/><W90/><G90/><T42/><D42/><U3/><E3/><V7/><F68/><N who="3" m="42031" /><G131/><N who="0" m="50251" /><D31/><U88/><E4/><V116/><F126/><W54/><G54/><T84/><D84/><U62/><E79/><AGARI ba="0,0" hai="20,23,45,46,47,51,53,57,77,78,79" m="50251" machi="79" ten="30,1500,0" yaku="19,1" doraHai="58" who="0" fromWho="1" sc="250,15,250,-15,250,0,250,0" /><INIT seed="0,1,0,2,3,103" ten="265,235,250,250" oya="0" hai0="6,7,65,32,47,105,38,48,90,51,112,101,115" hai1="26,35,68,21,85,54,36,2,128,61,57,18,74" hai2="28,94,116,75,52,42,70,49,5,8,1,88,106" hai3="56,31,58,93,91,124,55,125,76,121,86,29,64"/><T126/><D32/><U41/><E74/><V9/><F75/><W129/><G129/><T19/><D38/><U50/><E128/><V102/><F70/><W110/><G110/><T69/><D51/><U114/><E114/><V117/><F28/><W118/><G118/><N who="2" m="45673" /><F42/><W30/><G121/><T108/><D90/><U111/><E2/><V132/><F132/><W97/><G64/><T99/><D108/><U45/><E111/><V25/><F25/><W67/><G67/><T13/><D126/><N who="3" m="48745" /><G55/><T113/><D65/><N who="1" m="41007" /><E85/><N who="2" m="52495" /><F8/><W4/><G4/><T89/><D89/><U72/><E72/><V78/><F78/><W37/><G37/><T87/><D69/><U120/><E35/><V39/><F39/><W81/><AGARI ba="1,0" hai="29,30,31,56,58,76,81,86,91,93,97" m="48745" machi="81" ten="40,1500,0" yaku="18,1" doraHai="103" who="3" fromWho="3" sc="265,-8,235,-5,250,-5,250,18" /><INIT seed="1,0,0,0,0,96" ten="257,230,245,268" oya="1" hai0="117,32,77,107,21,37,99,74,70,22,126,78,24" hai1="120,1,91,11,93,75,90,44,111,134,101,54,87" hai2="135,130,49,73,13,28,133,8,20,26,114,100,88" hai3="79,18,30,62,51,25,6,47,67,5,2,108,95"/><U14/><E120/><V4/><F73/><W72/><G108/><T89/><D117/><U84/><E75/><V92/><F130/><W41/><G2/><T129/><D129/><U71/><E71/><V56/><F114/><W80/><G18/><T57/><D37/><U7/><E134/><N who="2" m="51211" /><F49/><W58/><REACH who="3" step="1"/><G95/><REACH who="3" ten="257,230,245,258" step="2"/><T97/><D107/><U31/><E111/><V119/><F119/><W103/><G103/><T16/><D16/><U34/><E1/><V94/><F100/><W39/><G39/><T68/><D126/><U55/><E101/><V104/><F104/><W33/><AGARI ba="0,1" hai="5,6,25,30,33,41,47,51,58,62,67,72,79,80" machi="33" ten="20,2700,0" yaku="1,1,0,1,7,1,53,0" doraHai="96" doraHaiUra="131" who="3" fromWho="3" sc="257,-7,230,-13,245,-7,258,37" /><INIT seed="2,0,0,4,4,111" ten="250,217,238,295" oya="2" hai0="2,40,85,59,110,56,126,27,34,43,26,93,61" hai1="0,72,74,50,109,65,18,78,51,117,90,107,14" hai2="128,73,3,71,7,64,105,19,16,44,82,57,77" hai3="91,102,118,69,87,101,6,121,81,97,42,112,25"/><V4/><F71/><W47/><G69/><T80/><D2/><U131/><E107/><V53/><F105/><W130/><G118/><T48/><D110/><U88/><E0/><V114/><F128/><W135/><G121/><T79/><D126/><U11/><E109/><V33/><F33/><W35/><G135/><T15/><D34/><U60/><E60/><BYE who="1" /><V45/><F114/><W104/><G130/><T124/><D124/><U1/><E1/><V31/><F31/><W62/><G6/><T54/><D15/><U106/><E106/><V83/><F64/><W70/><G102/><T127/><D127/><U119/><E119/><V133/><F83/><W20/><G35/><T100/><D40/><U67/><E67/><V23/><F19/><W10/><G10/><T115/><D115/><U9/><E9/><V68/><F68/><W84/><G84/><T36/><D36/><U116/><E116/><V32/><F32/><W37/><G112/><T113/><D113/><U28/><E28/><V108/><F108/><UN n1="%E6%98%93%E5%88%A9%E8%96%A9%E4%BC%AF" /><W55/><G70/><T92/><D43/><U134/><E131/><V12/><F133/><W22/><G25/><T86/><D93/><U122/><E117/><V103/><F103/><W29/><G29/><T63/><D63/><U46/><E122/><V96/><F96/><W132/><G132/><T49/><D61/><U41/><E134/><V39/><F3/><W75/><G75/><N who="1" m="28714" /><E78/><V66/><F66/><W58/><AGARI ba="0,0" hai="20,22,37,42,47,55,58,62,81,87,91,97,101,104" machi="58" ten="30,1100,0" yaku="0,1" doraHai="111" who="3" fromWho="3" sc="250,-3,217,-3,238,-5,295,11" /><INIT seed="3,0,0,3,2,24" ten="247,214,233,306" oya="3" hai0="115,125,99,67,19,21,5,52,29,84,10,13,59" hai1="63,41,80,44,108,73,110,43,20,40,86,114,39" hai2="34,38,91,121,66,68,57,58,48,1,2,55,33" hai3="127,62,83,113,128,133,126,16,12,130,135,106,45"/><W131/><G106/><T8/><D125/><N who="3" m="47625" /><G113/><T54/><D115/><U42/><E73/><V120/><F68/><W87/><G62/><N who="0" m="38367" /><D99/><U0/><E0/><N who="2" m="107" /><F38/><W105/><G45/><T88/><D5/><U97/><E114/><V27/><F91/><N who="3" m="51711" /><G105/><T74/><D74/><U46/><E97/><V85/><F85/><W81/><G81/><N who="0" m="49167" /><D8/><AGARI ba="0,0" hai="8,12,16,128,130,131,133,135" m="51711,47625" machi="8" ten="40,12000,1" yaku="30,2,19,1,18,1,54,1" doraHai="24" who="3" fromWho="0" sc="247,-120,214,0,233,0,306,120" owari="127,-37.3,214,-18.6,233,3.3,426,52.6" /></mjloggm>