<mjloggm ver="2.3"><GO type="225" lobby="0"/><UN n0="%5C%28%E2%89%A7%E2%96%BD%E2%89%A6%29%2F" n1="%E9%A6%AC%E5%BC%95%E7%81%AB%33" n2="%E7%99%BD%E5%80%89%E5%AF%9B%E4%B9%8B" n3="%79%75%72%69%6D%6F%67" dan="16,16,16,16" rate="2089.09,2188.73,2073.81,2159.36" sx="M,M,M,F"/><TAIKYOKU oya="0"/><INIT seed="0,0,0,4,4,11" ten="250,250,250,250" oya="0" hai0="49,123,113,76,26,134,24,40,39,59,69,8,92" hai1="102,55,29,45,62,56,25,96,80,58,50,14,94" hai2="120,93,119,44,35,23,3,1,51,84,124,43,71" hai3="52,107,111,106,41,110,36,22,57,83,27,101,46"/><T20/><D69/><U6/><E80/><V7/><F35/><W4/><G83/><T82/><D113/><U61/><E58/><V16/><F71/><W108/><G4/><T129/><D123/><U109/><E109/><V127/><F120/><W103/><G107/><T5/><D134/><U125/><E125/><N who="2" m="48203" /><F7/><W91/><G91/><T114/><D114/><U78/><E78/><V32/><F32/><W18/><REACH who="3" step="1"/><G106/><REACH who="3" ten="250,250,250,240" step="2"/><T99/><D82/><U105/><E105/><V28/><F119/><W135/><G135/><T130/><D76/><U63/><E6/><V98/><F84/><W34/><G34/><T13/><D129/><U38/><E102/><N who="2" m="60751" /><F28/><W67/><G67/><T54/><D130/><U122/><E29/><V73/><F73/><W37/><G37/><T60/><D39/><U95/><E38/><V121/><F121/><W33/><G33/><T128/><D128/><U97/><E122/><V15/><AGARI ba="0,1" hai="1,3,15,16,23,43,44,51" m="60751,48203" machi="15" ten="30,4000,0" yaku="18,1,52,1,54,1" doraHai="11" who="2" fromWho="2" sc="250,-20,250,-10,250,50,240,-10" /><INIT seed="1,0,0,1,3,114" ten="230,240,300,230" oya="1" hai0="39,28,20,108,59,0,69,105,130,44,30,99,80" hai1="49,103,113,12,66,34,18,5,27,11,84,67,13" hai2="50,109,2,14,119,35,89,78,73,111,3,65,112" hai3="56,77,57,60,104,97,115,116,92,24,94,63,106"/><U62/><E113/><V64/><F112/><W23/><G115/><T74/><D69/><U85/><E103/><V42/><F35/><W4/><G77/><N who="0" m="44087" /><D59/><U6/><E49/><V101/><F101/><W7/><G23/><T128/><D108/><N who="2" m="41546" /><F89/><W90/><G24/><T79/><D79/><U21/><E34/><V48/><F14/><W45/><G45/><T19/><D99/><U61/><E61/><V135/><F135/><W87/><G97/><T29/><D105/><U120/><E120/><V22/><F22/><W83/><G90/><T52/><D0/><N who="2" m="42" /><F42/><W132/><G83/><T55/><D19/><U68/><E67/><N who="2" m="25675" /><F119/><W38/><G87/><T125/><D20/><U75/><REACH who="1" step="1"/><E75/><REACH who="1" ten="230,230,300,230" step="2"/><V134/><F134/><W53/><G132/><T15/><D130/><U122/><E122/><V26/><F73/><W17/><G38/><T133/><D128/><U32/><E32/><V71/><F50/><W118/><G53/><T124/><D133/><U40/><E40/><V121/><F48/><W54/><G54/><N who="0" m="20523" /><D39/><U10/><AGARI ba="0,1" hai="5,6,10,11,12,13,18,21,27,62,66,68,84,85" machi="10" ten="30,6000,0" yaku="1,1,0,1,9,1,53,0" doraHai="114" doraHaiUra="72" who="1" fromWho="1" sc="230,-20,230,70,300,-20,230,-20" /><INIT seed="1,1,0,3,1,101" ten="210,300,280,210" oya="1" hai0="27,64,70,41,129,21,112,42,107,72,86,15,25" hai1="77,26,122,82,17,55,111,116,35,38,31,79,100" hai2="7,84,85,102,36,60,40,73,135,47,46,53,104" hai3="50,88,128,23,14,105,66,4,29,117,97,113,134"/><U11/><E116/><V90/><F73/><W63/><G113/><T108/><D72/><U6/><E122/><V2/><F135/><W71/><G134/><T1/><D1/><U49/><E38/><V124/><F124/><W57/><G128/><T92/><D112/><U52/><E100/><V3/><F85/><W13/><G117/><T59/><D70/><U109/><E17/><V106/><F102/><W99/><G99/><T20/><D129/><U10/><E10/><V94/><F7/><W9/><G105/><T91/><D107/><U44/><E55/><V118/><F118/><W19/><G29/><T87/><D87/><U89/><E89/><V127/><F127/><W132/><G132/><T65/><D108/><N who="1" m="41547" /><E82/><V8/><F2/><AGARI ba="1,0" hai="2,6,11,26,31,35,44,49,52,77,79" m="41547" machi="2" ten="30,5800,0" yaku="14,1,10,1,54,1" doraHai="101" who="1" fromWho="2" sc="210,0,300,61,280,-61,210,0" /><INIT seed="1,2,0,2,5,47" ten="210,361,219,210" oya="1" hai0="101,67,25,103,85,19,53,130,51,37,30,49,48" hai1="23,45,8,21,16,133,35,78,27,64,1,106,66" hai2="4,73,57,119,55,110,134,56,127,24,122,79,18" hai3="46,2,113,68,97,117,87,92,28,132,12,62,86"/><U29/><E106/><V82/><F119/><W26/><G113/><T89/><D37/><U65/><E133/><V43/><F122/><W96/><G2/><T0/><D0/><U33/><E78/><V114/><F134/><W126/><G132/><T124/><D67/><U3/><E3/><V112/><F127/><W105/><G126/><T99/><D124/><U42/><E8/><V109/><F43/><W6/><G105/><T111/><D111/><N who="2" m="42506" /><F4/><W44/><G62/><T32/><D130/><U91/><E91/><V72/><F72/><W135/><G68/><T38/><D38/><U9/><E9/><V13/><F24/><W98/><G117/><T7/><D7/><U102/><E102/><V22/><F57/><W34/><G135/><T54/><D19/><U100/><E100/><V76/><F76/><W94/><G94/><T88/><D103/><U69/><E69/><V20/><F20/><W39/><G39/><T120/><D120/><U93/><E93/><V31/><F31/><W40/><G92/><T60/><D60/><AGARI ba="2,0" hai="13,18,22,55,56,60,73,79,82,112,114" m="42506" machi="60" ten="30,1000,0" yaku="14,1" doraHai="47" who="2" fromWho="0" sc="210,-16,361,0,219,16,210,0" /><INIT seed="2,0,0,2,0,101" ten="194,361,235,210" oya="2" hai0="37,59,64,26,111,98,95,83,23,72,6,66,135" hai1="117,16,21,14,122,90,53,56,39,7,50,0,34" hai2="107,102,123,31,41,8,124,76,49,63,48,52,55" hai3="13,100,104,18,87,89,119,84,19,133,132,70,94"/><V10/><F123/><W79/><G70/><T86/><D37/><U134/><E117/><V85/><F124/><W24/><G24/><T108/><D72/><U97/><E34/><V125/><F125/><W120/><G13/><T71/><D71/><U116/><E39/><V128/><F128/><W28/><G28/><N who="0" m="17503" /><D6/><U42/><E42/><V115/><F115/><W129/><G119/><T126/><D126/><U2/><E134/><N who="3" m="51818" /><G120/><T118/><D135/><U77/><E77/><V1/><F31/><W40/><G40/><T17/><D17/><U4/><E116/><V30/><F30/><W32/><G32/><T60/><D118/><U65/><E65/><V20/><F20/><W29/><G29/><T58/><D58/><U131/><E56/><V69/><F41/><W73/><G73/><T96/><D66/><U105/><E4/><V67/><F1/><W46/><G46/><T106/><D95/><U5/><E5/><V82/><F49/><W22/><G22/><T112/><D112/><U9/><E50/><V33/><F33/><W130/><G19/><T43/><D43/><U3/><E3/><V81/><F82/><N who="3" m="47199" /><G18/><T62/><D62/><U25/><E21/><V38/><F38/><W68/><G68/><T57/><D57/><U80/><E2/><V44/><REACH who="2" step="1"/><F55/><REACH who="2" ten="194,361,225,210" step="2"/><W99/><AGARI ba="0,1" hai="87,89,94,99,100,104,129,130" m="47199,51818" machi="99" ten="30,7900,0" yaku="20,1,34,2,52,1" doraHai="101" who="3" fromWho="3" sc="194,-20,361,-20,225,-39,210,89" /><INIT seed="3,0,0,3,4,98" ten="174,341,186,299" oya="3" hai0="5,66,95,112,33,106,103,118,63,74,113,58,18" hai1="26,56,13,14,37,108,121,115,10,60,27,134,91" hai2="68,57,30,65,132,34,105,54,73,71,76,42,17" hai3="129,123,6,77,94,40,99,44,43,114,130,131,16"/><W120/><G6/><T8/><D118/><U51/><E37/><V97/><F132/><W62/><G114/><N who="0" m="44139" /><D106/><U87/><E51/><V116/><F116/><W84/><G62/><T11/><D74/><U96/><E96/><V107/><F42/><W29/><G29/><T133/><D133/><U117/><E14/><V50/><F17/><W86/><G123/><T38/><D38/><U22/><E91/><V9/><F9/><N who="0" m="3658" /><D5/><U52/><E52/><V83/><F65/><W90/><G120/><T111/><D111/><U126/><E108/><V125/><F125/><W59/><G59/><T88/><D33/><U80/><E27/><V12/><F12/><W92/><G44/><T45/><D45/><U100/><E87/><V69/><REACH who="2" step="1"/><F97/><REACH who="2" ten="174,341,176,299" step="2"/><W32/><G16/><T20/><D103/><U109/><E100/><V35/><F35/><W3/><G32/><T135/><D135/><U93/><E13/><V110/><F110/><W64/><G64/><T102/><D102/><U0/><E109/><V78/><F78/><W36/><G36/><T72/><D72/><U48/><E134/><V79/><F79/><W55/><G55/><T49/><D49/><U127/><E48/><V81/><F81/><N who="3" m="47151" /><G3/><T28/><D18/><U75/><E0/><V1/><F1/><W15/><G15/><T7/><D7/><U85/><E10/><V67/><F67/><W70/><G70/><T46/><D46/><U122/><E122/><V104/><F104/><W2/><G2/><T124/><D124/><U41/><E126/><V47/><F47/><W53/><G53/><T101/><D101/><AGARI ba="0,1" hai="40,43,86,90,92,94,99,101,129,130,131" m="47151" machi="101" ten="30,5800,0" yaku="6,1,19,1,52,1" doraHai="98" who="3" fromWho="0" sc="174,-58,341,0,176,0,299,68" owari="116,-38.4,341,14.1,176,-22.4,367,46.7" /></mjloggm>