<mjloggm ver="2.3"><GO type="225" lobby="0"/><UN n0="%E3%80%93%E3%81%97%E3%83%BC%E3%82%89%E3%80%93" n1="%E3%83%B4%E3%83%A0%EF%BC%99%E3%81%A6" n2="%E3%81%BE%E3%81%A8%E3%81%9F" n3="%72%69%6F%75%63%68%61%6E" dan="16,16,16,16" rate="2219.61,2148.33,2131.99,2139.91" sx="M,M,M,M"/><TAIKYOKU oya="0"/><INIT seed="0,0,0,2,5,123" ten="250,250,250,250" oya="0" hai0="63,6,18,91,27,129,127,21,30,50,49,23,68" hai1="43,7,101,1,66,69,92,39,75,124,14,22,126" hai2="55,134,93,65,76,110,119,106,61,73,24,16,79" hai3="59,121,33,31,10,11,13,35,82,4,117,105,67"/><T77/><D127/><N who="1" m="48683" /><E75/><V89/><F106/><W28/><G105/><T109/><D129/><U48/><E39/><V84/><F119/><W108/><G82/><T51/><D77/><U8/><E69/><V83/><F134/><W113/><G67/><T34/><D6/><U116/><E66/><V3/><F3/><N who="3" m="287" /><G59/><T42/><D68/><U97/><E116/><V71/><F110/><W74/><G74/><T52/><D109/><U44/><E22/><V88/><F73/><W37/><G37/><T112/><D112/><U72/><E72/><V25/><F55/><W53/><G53/><T5/><D5/><U128/><E128/><V17/><F76/><W54/><G54/><T132/><D132/><U26/><E26/><V78/><F79/><W70/><G70/><T122/><D122/><U120/><E120/><V58/><F71/><W95/><G121/><T12/><D91/><N who="2" m="34890" /><F93/><W94/><G95/><T114/><D114/><U20/><E20/><V47/><F47/><W9/><G94/><T19/><D42/><U2/><AGARI ba="0,0" hai="1,2,7,8,14,43,44,48,92,97,101" m="48683" machi="2" ten="30,1100,0" yaku="18,1" doraHai="123" who="1" fromWho="1" sc="250,-5,250,11,250,-3,250,-3" /><INIT seed="1,0,0,5,2,2" ten="245,261,247,247" oya="1" hai0="124,66,23,39,28,95,85,83,106,41,117,135,111" hai1="77,93,127,130,119,120,98,1,69,108,43,22,61" hai2="5,76,78,72,35,65,94,36,133,91,42,75,20" hai3="67,33,104,45,9,18,10,31,14,11,55,51,44"/><U99/><E119/><V19/><F35/><W81/><G104/><T73/><D66/><U21/><E120/><V109/><F109/><W12/><G67/><T46/><D111/><U29/><E108/><V134/><F42/><W32/><G31/><T96/><D124/><U63/><E127/><V90/><F36/><W62/><G62/><T100/><D135/><N who="2" m="51722" /><F5/><W38/><G81/><T87/><D117/><U17/><E43/><V79/><F65/><W132/><G132/><T114/><D114/><U58/><E1/><V34/><F34/><W16/><G9/><T74/><D106/><U56/><E77/><V105/><F105/><W125/><G125/><T110/><D110/><U128/><E29/><V118/><F118/><W89/><G89/><N who="2" m="33801" /><F94/><W4/><G4/><T57/><D83/><U102/><E93/><V37/><F37/><W40/><AGARI ba="0,0" hai="10,11,12,14,16,18,32,33,38,40,44,45,51,55" machi="40" ten="30,4000,0" yaku="0,1,9,1,54,1" doraHai="2" who="3" fromWho="3" sc="245,-10,261,-20,247,-10,247,40" /><INIT seed="2,0,0,1,3,114" ten="235,241,237,287" oya="2" hai0="27,89,34,42,84,58,83,94,74,80,118,77,49" hai1="44,45,35,76,25,41,106,115,71,117,1,104,36" hai2="8,79,19,130,13,67,48,31,75,55,7,102,47" hai3="121,17,43,122,81,21,9,39,119,123,54,14,128"/><V97/><F130/><W108/><G119/><T5/><D118/><U3/><E115/><V70/><F31/><W33/><G33/><T72/><D5/><U120/><E44/><V96/><F75/><W100/><G108/><T22/><D34/><U86/><E86/><V78/><F96/><W125/><G125/><T11/><D11/><U56/><E56/><V135/><F135/><W73/><G128/><T112/><D112/><U66/><E76/><V105/><REACH who="2" step="1"/><F7/><REACH who="2" ten="235,241,227,287" step="2"/><N who="3" m="3391" /><G73/><T124/><D124/><U92/><E117/><V10/><F10/><W110/><G123/><T51/><D74/><U61/><E120/><V23/><F23/><W29/><G21/><T116/><D116/><U12/><E35/><V91/><F91/><W111/><G29/><T46/><D72/><U113/><E113/><V134/><F134/><W93/><G100/><T82/><D77/><U38/><E106/><V131/><F131/><W87/><G122/><T59/><REACH who="0" step="1"/><D51/><REACH who="0" ten="225,241,227,287" step="2"/><U32/><E32/><V129/><F129/><W62/><G121/><T101/><D101/><U18/><E38/><V109/><F109/><W85/><G39/><T26/><D26/><U57/><E25/><V65/><F65/><W103/><G111/><T6/><D6/><U40/><E66/><V52/><F52/><W15/><G54/><T37/><D37/><U88/><E36/><V133/><F133/><W90/><G103/><T53/><D53/><U132/><E132/><V30/><F30/><AGARI ba="0,2" hai="22,27,30,42,46,49,58,59,80,82,83,84,89,94" machi="30" ten="40,2600,0" yaku="1,1,8,1,53,0" doraHai="114" doraHaiUra="28" who="0" fromWho="2" sc="225,46,241,0,227,-26,287,0" /><INIT seed="3,0,0,0,2,5" ten="271,241,201,287" oya="3" hai0="104,132,122,81,17,101,31,117,44,119,19,64,28" hai1="113,106,91,123,105,39,88,82,73,129,10,22,20" hai2="21,24,111,27,112,131,99,87,66,2,67,128,72" hai3="90,103,23,9,130,77,102,125,98,18,134,58,45"/><W56/><G125/><T108/><D64/><N who="2" m="24618" /><F72/><W37/><G130/><N who="2" m="49705" /><F112/><W115/><G134/><T83/><D44/><U7/><E129/><V94/><F111/><W126/><G115/><T69/><D69/><U89/><E113/><V110/><F110/><W121/><G126/><T42/><D42/><U13/><E123/><V80/><F2/><W107/><G121/><T53/><D122/><U34/><E34/><V85/><F80/><W118/><G118/><T41/><D108/><U15/><E39/><V84/><F21/><W16/><G77/><T0/><D41/><U51/><E51/><V33/><F33/><W120/><G120/><T55/><D0/><U109/><E109/><V76/><F76/><W71/><G71/><T75/><D75/><U63/><E63/><V61/><F61/><W46/><G37/><T12/><D132/><U97/><E22/><V59/><F59/><N who="3" m="22571" /><G90/><AGARI ba="0,0" hai="24,27,84,85,87,90,94,99" m="49705,24618" machi="90" ten="30,1000,0" yaku="19,1" doraHai="5" who="2" fromWho="3" sc="271,0,241,0,201,10,287,-10" /><INIT seed="4,0,0,4,4,88" ten="271,241,211,277" oya="0" hai0="131,40,118,49,133,19,53,35,17,120,76,7,34" hai1="64,122,109,126,72,13,10,16,36,115,94,95,79" hai2="41,91,46,74,112,3,28,83,100,124,22,55,121" hai3="81,119,67,111,47,18,123,38,12,60,96,56,63"/><T37/><D118/><U106/><E109/><V82/><F121/><W68/><G111/><T51/><D120/><U129/><E122/><V23/><F124/><W105/><G123/><T44/><D133/><U75/><E106/><V71/><F71/><W134/><G119/><T5/><D131/><U24/><E36/><V11/><F11/><W48/><G134/><T113/><D37/><U102/><E129/><V9/><F100/><W32/><G32/><T84/><D113/><U65/><E115/><V43/><F112/><W4/><G4/><N who="0" m="1611" /><D35/><U110/><E110/><V101/><F9/><W86/><G38/><T107/><D107/><U80/><E75/><V2/><F101/><W20/><G96/><T108/><D34/><U130/><E130/><V29/><F91/><W31/><G31/><T87/><D108/><U0/><E0/><V45/><REACH who="2" step="1"/><F55/><REACH who="2" ten="271,241,201,277" step="2"/><W98/><G68/><T92/><D76/><U50/><E126/><V78/><F78/><W26/><G105/><T90/><D87/><N who="1" m="48543" /><E102/><V27/><F27/><W127/><G26/><T104/><D104/><U54/><E24/><V117/><F117/><W62/><G127/><T14/><D14/><U114/><E72/><AGARI ba="0,1" hai="2,3,22,23,28,29,41,43,45,46,72,74,82,83" machi="72" ten="25,3200,0" yaku="1,1,22,2,53,0" doraHai="88" doraHaiUra="1" who="2" fromWho="1" sc="271,0,241,-32,201,42,277,0" /><INIT seed="5,0,0,5,4,71" ten="271,209,243,277" oya="1" hai0="124,67,79,65,51,50,87,129,19,27,104,26,96" hai1="57,98,112,37,11,46,132,29,81,75,5,77,105" hai2="76,131,97,109,56,7,121,32,21,31,128,48,101" hai3="68,14,122,107,22,59,52,108,89,15,35,113,28"/><U40/><E132/><V114/><F121/><W23/><G122/><T90/><D124/><U120/><E120/><V47/><F109/><W118/><G108/><T16/><D129/><U100/><E57/><V42/><F32/><W125/><G68/><T34/><D34/><U45/><E45/><V61/><F7/><W6/><G107/><T103/><D79/><U83/><E83/><V134/><F76/><W119/><G125/><T0/><D0/><N who="1" m="423" /><E29/><V49/><F49/><N who="0" m="18442" /><D104/><U64/><E64/><N who="0" m="24649" /><D96/><U44/><E44/><V99/><F99/><W1/><G28/><T86/><D103/><U63/><E63/><V73/><F134/><W116/><G35/><T53/><D53/><U133/><E133/><V62/><F61/><W38/><G89/><T9/><D87/><U41/><E41/><V78/><F62/><N who="3" m="36199" /><G1/><T95/><D9/><U36/><E36/><V80/><F128/><W111/><G38/><T130/><D130/><U127/><E127/><V24/><F131/><W10/><G111/><T12/><D95/><U70/><E112/><V43/><F114/><W110/><G113/><T123/><D123/><U13/><E13/><V8/><F56/><W72/><G110/><T39/><D12/><U69/><AGARI ba="0,0" hai="37,40,46,69,70,75,77,81,98,100,105" m="423" machi="69" ten="30,11700,0" yaku="25,1,33,2,52,1" doraHai="71" who="1" fromWho="1" sc="271,-39,209,117,243,-39,277,-39" owari="232,-16.8,326,42.6,204,-29.6,238,3.8" /></mjloggm>