<mjloggm ver="2.3"><GO type="225" lobby="0"/><UN n0="%E7%87%90%2E%2E" n1="%E3%80%93%E3%81%97%E3%83%BC%E3%82%89%E3%80%93" n2="%E5%8D%A0%E3%81%84%E5%B8%AB%E8%A3%8F%E3%81%AA%E3%81%84%E3%81%97" n3="%E7%9A%AE%E3%80%85" dan="16,16,17,16" rate="2136.55,2194.93,2156.34,2078.10" sx="M,M,M,M"/><TAIKYOKU oya="0"/><INIT seed="0,0,0,2,3,3" ten="250,250,250,250" oya="0" hai0="16,84,40,95,18,36,27,24,120,70,31,1,67" hai1="130,68,112,59,128,111,133,49,80,83,51,123,72" hai2="85,62,22,134,61,55,113,60,98,38,116,96,121" hai3="37,44,17,126,86,46,124,127,122,43,89,90,4"/><T74/><D74/><U119/><E68/><V91/><F121/><W15/><G122/><T47/><D120/><U64/><E123/><V14/><F113/><W106/><G106/><T114/><D114/><U82/><E112/><V26/><F38/><W105/><G105/><T35/><D1/><U13/><E119/><V94/><F116/><W57/><G46/><T108/><D108/><U102/><E111/><V73/><F73/><W135/><G135/><T109/><D109/><U52/><E64/><V20/><F134/><W71/><G71/><T104/><D104/><U50/><E72/><V29/><F55/><W66/><G86/><T101/><D27/><U6/><E102/><V54/><F54/><W103/><G103/><T129/><D129/><N who="1" m="49771" /><E133/><V45/><F45/><W39/><G39/><T65/><D84/><U110/><E110/><V21/><REACH who="2" step="1"/><F14/><REACH who="2" ten="250,250,240,250" step="2"/><W48/><G37/><T132/><D132/><U0/><E0/><V77/><F77/><W78/><G78/><T107/><D107/><U75/><E75/><V118/><F118/><W100/><G15/><T79/><D79/><U32/><E32/><AGARI ba="0,1" hai="20,21,22,26,29,32,60,61,62,85,91,94,96,98" machi="32" ten="40,2600,0" yaku="1,1,53,1" doraHai="3" doraHaiUra="88" who="2" fromWho="1" sc="250,0,250,-26,240,36,250,0" /><INIT seed="1,0,0,0,2,20" ten="250,224,276,250" oya="1" hai0="77,106,111,80,34,3,15,87,86,14,122,121,105" hai1="83,119,118,64,101,46,21,110,25,131,128,69,63" hai2="129,100,102,93,103,130,73,7,51,10,99,97,92" hai3="134,135,32,124,2,55,22,117,43,12,4,79,13"/><U17/><E101/><N who="2" m="60583" /><F51/><W6/><G43/><T125/><D3/><U109/><E83/><V52/><F52/><W96/><G79/><T9/><D111/><N who="1" m="42507" /><E46/><V16/><F16/><N who="3" m="10503" /><G55/><T11/><D34/><U67/><E67/><V116/><F73/><W29/><G96/><T35/><D35/><U74/><E74/><V53/><F53/><W49/><G49/><T27/><D125/><U41/><E41/><V112/><F116/><AGARI ba="0,0" hai="17,21,25,63,64,69,116,118,119,128,131" m="42507" machi="116" ten="30,5800,0" yaku="14,1,10,1,52,1" doraHai="20" who="1" fromWho="2" sc="250,0,224,58,276,-58,250,0" /><INIT seed="1,1,0,3,1,134" ten="250,282,218,250" oya="1" hai0="51,122,83,113,96,71,58,13,14,112,45,133,76" hai1="109,27,17,90,87,119,135,21,95,110,104,15,74" hai2="89,116,94,99,30,117,49,75,84,70,102,6,22" hai3="79,68,92,33,10,108,128,93,107,120,57,40,101"/><U25/><E135/><V26/><F70/><W111/><G120/><T34/><D71/><U103/><E119/><V131/><F131/><W18/><G68/><T98/><D133/><U29/><E74/><V55/><F75/><W2/><G33/><T73/><D122/><U9/><E104/><V47/><REACH who="2" step="1"/><F6/><REACH who="2" ten="250,282,208,250" step="2"/><W48/><G128/><T124/><D73/><U37/><E37/><V69/><F69/><W4/><G4/><T97/><D112/><U125/><E103/><V54/><F54/><W46/><G108/><N who="1" m="41578" /><E27/><V59/><F59/><W60/><G111/><T43/><D58/><U36/><E36/><V11/><F11/><W130/><G10/><T20/><D113/><U24/><E24/><V123/><F123/><W63/><G130/><T129/><D129/><U65/><E65/><V5/><F5/><W86/><G57/><T53/><D53/><U8/><E8/><V52/><F52/><W16/><G40/><T126/><D43/><U105/><E105/><AGARI ba="1,1" hai="22,26,30,47,49,55,84,89,94,99,102,105,116,117" machi="105" ten="30,2000,0" yaku="1,1,7,1,53,0" doraHai="134" doraHaiUra="64" who="2" fromWho="1" sc="250,0,282,-23,208,33,250,0" /><INIT seed="2,0,0,0,5,84" ten="250,259,241,250" oya="2" hai0="20,50,29,38,87,18,111,135,10,55,54,110,57" hai1="102,0,98,127,132,30,73,90,25,1,96,43,12" hai2="7,89,14,131,72,100,27,124,17,99,125,16,109" hai3="23,78,49,32,53,107,62,8,34,81,26,9,106"/><V120/><F120/><W63/><G106/><T58/><D38/><U61/><E73/><V51/><F72/><W2/><G107/><T13/><D135/><U119/><E132/><V19/><F131/><W28/><G32/><T105/><D105/><U115/><E115/><V42/><F100/><W95/><G95/><T76/><D29/><U33/><E119/><V114/><F114/><W133/><G133/><T116/><D116/><U45/><E127/><N who="2" m="48715" /><F109/><W37/><G37/><T128/><D128/><U69/><E12/><V15/><F27/><W79/><G34/><T3/><D3/><U103/><E103/><V130/><F130/><W59/><G79/><T121/><D10/><N who="3" m="4201" /><G2/><T82/><REACH who="0" step="1"/><D121/><REACH who="0" ten="240,259,241,250" step="2"/><U126/><E126/><V66/><F7/><W67/><G28/><T39/><D39/><U36/><E0/><V21/><F17/><W129/><G129/><T85/><D85/><U46/><E1/><V71/><F19/><W70/><G23/><T83/><D83/><U22/><E22/><V122/><F122/><W123/><G123/><T80/><D80/><U68/><E36/><V117/><F117/><W118/><G118/><T134/><D134/><U60/><E30/><V75/><F75/><W91/><G81/><T104/><D104/><U77/><E33/><V56/><F21/><W74/><G74/><T93/><D93/><U52/><E77/><V86/><F86/><W6/><G78/><T35/><D35/><U88/><E25/><V5/><F14/><W44/><G26/><T65/><D65/><U40/><E98/><V4/><F99/><W47/><G67/><RYUUKYOKU ba="0,1" sc="240,30,259,-10,241,-10,250,-10" hai0="13,18,20,50,54,55,57,58,76,82,87,110,111" /><INIT seed="3,1,1,3,1,84" ten="270,249,231,240" oya="3" hai0="78,100,37,25,73,106,19,115,107,32,88,90,112" hai1="79,135,28,4,80,21,92,126,29,94,3,40,75" hai2="46,70,35,65,62,52,134,17,27,51,95,105,131" hai3="57,122,83,91,15,130,56,89,72,85,108,71,50"/><W124/><G122/><T133/><D37/><U2/><E126/><V81/><F105/><N who="0" m="39946" /><D100/><U77/><E135/><V109/><F134/><W44/><G124/><T120/><D120/><U86/><E77/><V16/><F109/><W102/><G71/><T47/><D133/><U129/><E129/><V41/><F131/><W67/><G130/><T42/><D78/><U23/><E23/><V33/><F81/><W117/><G117/><T82/><D73/><U99/><E75/><V87/><F41/><N who="3" m="24847" /><G72/><T74/><D74/><U111/><E111/><V45/><F45/><W10/><G108/><T0/><D0/><U60/><E3/><V123/><F123/><W76/><G102/><T13/><D82/><U1/><E1/><V8/><F8/><W64/><G57/><T121/><D121/><U98/><E2/><V110/><F110/><W97/><G97/><T20/><D47/><U103/><E99/><V12/><F12/><W9/><G9/><T118/><D42/><U116/><E40/><V53/><F53/><W61/><G64/><T49/><D49/><U18/><E103/><V127/><F127/><W31/><G31/><N who="0" m="19567" /><D118/><U38/><E116/><V114/><F114/><AGARI ba="1,1" hai="13,19,20,88,90,112,114,115" m="19567,39946" machi="114" ten="30,7700,0" yaku="11,1,52,2,54,1" doraHai="84" who="0" fromWho="2" sc="270,90,249,0,231,-80,240,0" owari="360,46.0,249,4.9,151,-34.9,240,-16.0" /></mjloggm>