<mjloggm ver="2.3"><GO type="225" lobby="0"/><UN n0="%E3%81%A4%E3%81%A3%E3%81%B1%E3%82%8A%E3%83%9D%E3%83%BC%E3%83%AB" n1="%E3%81%8B%E3%82%8F%E3%81%A1%E3%82%83%E3%82%93%35%38" n2="%E3%81%B2%E3%81%AA%E3%81%AE%E3%82%8A%E3%81%8F" n3="%E6%9D%B1%E9%A2%A8%E3%81%AE%E3%81%8D%E3%82%83%E3%81%B7%E3%81%95%E3%82%93" dan="17,16,16,16" rate="2157.81,2155.01,2122.74,2181.27" sx="M,M,M,M"/><TAIKYOKU oya="0"/><INIT seed="0,0,0,5,1,125" ten="250,250,250,250" oya="0" hai0="5,111,95,84,98,110,133,1,33,81,62,42,103" hai1="123,24,20,67,49,108,87,60,34,14,21,78,17" hai2="35,89,72,37,6,0,128,19,68,64,105,69,53" hai3="25,112,23,120,118,10,8,61,4,77,126,28,44"/><T63/><D33/><U117/><E117/><V129/><F105/><W85/><G118/><T119/><D119/><U114/><E123/><V107/><F107/><W12/><G120/><T90/><D133/><U30/><E108/><N who="0" m="41513" /><D42/><U115/><E49/><V48/><F37/><W58/><G126/><T32/><D32/><U71/><REACH who="1" step="1"/><E34/><REACH who="1" ten="250,240,250,250" step="2"/><V66/><F35/><W18/><G112/><T135/><D135/><U73/><E73/><V101/><F72/><W130/><G44/><T38/><D38/><U99/><E99/><V122/><F122/><W57/><G85/><T52/><D52/><U16/><E16/><V29/><F19/><W43/><G43/><T80/><D80/><AGARI ba="0,1" hai="14,17,20,21,24,30,60,67,71,78,80,87,114,115" machi="80" ten="40,1300,0" yaku="1,1,53,0" doraHai="125" doraHaiUra="100" who="1" fromWho="0" sc="250,-13,240,23,250,0,250,0" /><INIT seed="1,0,0,1,5,65" ten="237,263,250,250" oya="1" hai0="107,29,83,133,3,50,35,41,120,123,4,15,59" hai1="91,86,108,128,66,102,71,48,124,129,104,1,56" hai2="96,92,64,32,45,118,27,8,127,122,39,105,28" hai3="37,13,54,114,72,106,16,77,115,43,101,67,49"/><U5/><E124/><V47/><F118/><W17/><G67/><T76/><D107/><U19/><E19/><V20/><F122/><N who="0" m="46634" /><D133/><U113/><E113/><V97/><F127/><W18/><G13/><T33/><D3/><U103/><E104/><V131/><F131/><N who="1" m="50249" /><E108/><V84/><F84/><W24/><G24/><T121/><N who="0" m="46642" /><T78/><DORA hai="31" /><D29/><U88/><E91/><V90/><F8/><W69/><G69/><T132/><D132/><U85/><E85/><V74/><F74/><W135/><G135/><T61/><D15/><U14/><E1/><V30/><F64/><W51/><G77/><N who="0" m="29803" /><D83/><N who="1" m="49247" /><E14/><V89/><F89/><W40/><G72/><T100/><D100/><U111/><E5/><V11/><F11/><W70/><G101/><T82/><D82/><U34/><E34/><N who="0" m="12809" /><D4/><U9/><E111/><V117/><F105/><W134/><G106/><T73/><D73/><U23/><E9/><V79/><F30/><W94/><G134/><T21/><D21/><U81/><E23/><V125/><F20/><W38/><G17/><T42/><D50/><U0/><E81/><V44/><F125/><W52/><REACH who="3" step="1"/><G70/><REACH who="3" ten="237,263,250,240" step="2"/><T119/><D119/><U110/><E0/><V112/><F117/><W22/><G22/><T63/><D59/><U53/><E110/><V46/><F32/><W109/><G109/><T62/><AGARI ba="0,1" hai="41,42,61,62,63" m="12809,29803,46642" machi="62" ten="50,12000,2" yaku="28,2,13,1,52,3" doraHai="65,31" who="0" fromWho="0" sc="237,130,263,-60,250,-30,240,-30" /><INIT seed="2,0,0,0,4,64" ten="367,203,220,210" oya="2" hai0="7,13,4,111,122,89,53,107,86,40,81,0,90" hai1="10,8,134,2,34,87,94,135,59,119,23,97,3" hai2="18,126,54,125,69,46,38,88,117,9,113,55,80" hai3="115,50,48,60,93,91,124,35,96,43,132,6,22"/><V127/><F113/><W20/><G115/><T109/><D122/><U39/><E34/><V131/><F117/><W44/><G35/><T120/><D120/><U15/><E39/><V32/><F32/><W19/><G132/><N who="1" m="50730" /><E119/><V5/><F131/><W76/><G124/><T27/><D0/><N who="1" m="43" /><E87/><N who="2" m="50279" /><F18/><W98/><G76/><T16/><D40/><U37/><E37/><V114/><F114/><W83/><G6/><T104/><D90/><N who="1" m="55511" /><E59/><V26/><F26/><W95/><G83/><T14/><D53/><N who="2" m="19978" /><F69/><W47/><G60/><T51/><D51/><U49/><E49/><V33/><F33/><W67/><G67/><T62/><D62/><U110/><E110/><N who="0" m="41993" /><D27/><U79/><E79/><V66/><F66/><W36/><G36/><T12/><D16/><AGARI ba="0,0" hai="8,10,15,16,23" m="55511,43,50730" machi="16" ten="30,2000,0" yaku="20,1,54,1" doraHai="64" who="1" fromWho="0" sc="367,-20,203,20,220,0,210,0" /><INIT seed="3,0,0,2,5,88" ten="347,223,220,210" oya="3" hai0="65,74,116,39,20,67,49,103,81,70,6,129,45" hai1="83,99,15,104,113,90,125,126,7,0,26,68,123" hai2="72,82,17,10,91,110,22,19,92,36,28,127,27" hai3="108,115,119,132,75,60,43,64,34,13,33,97,130"/><W122/><G122/><T109/><D39/><U4/><E0/><V44/><F110/><W118/><G115/><T31/><D70/><U135/><E113/><V133/><F133/><W120/><G120/><T1/><D116/><N who="3" m="44585" /><G75/><T76/><D103/><U107/><E123/><V80/><F127/><W30/><G108/><T25/><D109/><U53/><E68/><V40/><F72/><W18/><G132/><T12/><D1/><U59/><E135/><V95/><F95/><W32/><G43/><T87/><D129/><U128/><E26/><V101/><F101/><W52/><G130/><T71/><D71/><U86/><E128/><V93/><F93/><W102/><G52/><N who="0" m="29743" /><D74/><U66/><E66/><V98/><F28/><W117/><N who="3" m="44593" /><W8/><DORA hai="48" /><G30/><T16/><D6/><U55/><E4/><V69/><F69/><N who="3" m="42119" /><G33/><T9/><AGARI ba="0,0" hai="9,12,16,20,25,31,65,67,76,81,87" m="29743" machi="9" ten="30,7900,0" yaku="8,1,52,1,54,2" doraHai="88,48" who="0" fromWho="0" sc="347,79,223,-20,220,-20,210,-39" owari="426,52.6,203,0.3,200,-20.0,171,-32.9" /></mjloggm>