<mjloggm ver="2.3"><GO type="225" lobby="0"/><UN n0="%E6%9C%88%E5%B3%B6%E5%9F%BA" n1="%63%68%78%62%64" n2="%E7%9A%AE%E3%80%85" n3="%E3%81%A4%E3%81%A3%E3%81%B1%E3%82%8A%E3%83%9D%E3%83%BC%E3%83%AB" dan="16,16,16,17" rate="2135.39,2113.56,2134.31,2163.58" sx="M,M,M,M"/><TAIKYOKU oya="0"/><INIT seed="0,0,0,1,3,37" ten="250,250,250,250" oya="0" hai0="81,116,105,28,104,91,62,68,95,106,109,19,83" hai1="127,48,80,56,26,94,61,30,72,55,78,97,18" hai2="63,57,103,101,118,135,88,60,107,38,124,42,45" hai3="132,24,47,52,3,129,58,10,134,65,100,122,1"/><T110/><D28/><U76/><E127/><V114/><F114/><W120/><G100/><T2/><D2/><U32/><E76/><V54/><F124/><W33/><G129/><T31/><D31/><U16/><REACH who="1" step="1"/><E61/><REACH who="1" ten="250,240,250,250" step="2"/><V50/><F118/><W115/><G115/><T39/><D116/><U21/><E21/><V69/><F135/><W11/><G132/><T53/><D62/><U123/><E123/><V36/><F60/><N who="3" m="38039" /><G134/><T108/><D68/><U23/><E23/><V113/><F113/><W13/><G33/><T20/><D39/><U14/><E14/><V125/><F125/><W51/><G24/><N who="0" m="14367" /><D53/><U59/><E59/><V117/><F117/><W133/><G133/><T119/><D119/><U89/><AGARI ba="0,1" hai="16,18,26,30,32,48,55,56,72,78,80,89,94,97" machi="89" ten="20,5200,0" yaku="1,1,0,1,7,1,54,1,53,0" doraHai="37" doraHaiUra="41" who="1" fromWho="1" sc="250,-26,240,62,250,-13,250,-13" /><INIT seed="1,0,0,3,0,35" ten="224,302,237,237" oya="1" hai0="134,110,117,51,34,10,114,59,57,38,39,108,91" hai1="4,74,111,85,129,5,8,15,16,56,24,72,30" hai2="71,119,49,12,32,80,67,40,58,28,6,3,23" hai3="126,61,121,47,27,83,115,96,42,79,1,70,52"/><U37/><E37/><N who="0" m="13833" /><D34/><U63/><E129/><V109/><F119/><W22/><G115/><T77/><D114/><U92/><E111/><N who="0" m="42537" /><D117/><U9/><E92/><V107/><F109/><W43/><G121/><T131/><D77/><U90/><E90/><V100/><F80/><W33/><G126/><T125/><D131/><U69/><E85/><V135/><F135/><W132/><G33/><T93/><D125/><U120/><E69/><V11/><F71/><W2/><G70/><T31/><D31/><U54/><E120/><V102/><F107/><W123/><G123/><T98/><D134/><U78/><E78/><V86/><F86/><W75/><G132/><T17/><D51/><U53/><E53/><N who="2" m="32047" /><F67/><W82/><G79/><T84/><D98/><U116/><E116/><V0/><F40/><W113/><G96/><T48/><D48/><U41/><E41/><V128/><F0/><N who="3" m="107" /><G43/><T13/><AGARI ba="0,0" hai="10,13,17,57,59,84,91,93" m="42537,13833" machi="13" ten="40,1500,0" yaku="14,1" doraHai="35" who="0" fromWho="0" sc="224,15,302,-7,237,-4,237,-4" /><INIT seed="2,0,0,5,3,41" ten="239,295,233,233" oya="2" hai0="118,132,104,74,45,54,127,112,93,120,17,128,106" hai1="116,111,119,84,60,3,44,34,50,33,37,76,124" hai2="14,4,123,35,90,26,122,19,25,72,58,30,0" hai3="78,20,55,107,87,130,36,86,51,38,82,31,101"/><V88/><F72/><W42/><G130/><T94/><D74/><U103/><E37/><V48/><F58/><W98/><G42/><T133/><D120/><N who="2" m="46122" /><F48/><W71/><G71/><T70/><D70/><U126/><E3/><V100/><F100/><W113/><G113/><T83/><D83/><N who="1" m="47207" /><E103/><V105/><F105/><W43/><G43/><T24/><D17/><U46/><E60/><V7/><F88/><W59/><REACH who="3" step="1"/><G87/><REACH who="3" ten="239,295,233,223" step="2"/><T67/><D112/><U135/><E116/><V66/><F66/><W108/><G108/><T6/><D67/><U21/><E111/><V81/><F90/><W11/><G11/><T102/><D118/><U117/><E119/><V57/><F81/><W23/><G23/><T2/><D128/><U47/><E21/><N who="2" m="13503" /><F57/><W61/><G61/><T80/><D80/><U22/><E117/><V32/><F32/><W95/><G95/><T27/><D94/><U110/><E22/><V63/><F63/><W49/><G49/><T89/><D93/><U56/><E110/><V64/><F64/><W79/><G79/><T75/><D104/><U131/><E131/><V85/><F85/><W9/><G9/><T92/><D75/><U109/><E109/><V12/><F0/><W115/><G115/><T52/><D106/><U39/><E39/><V13/><AGARI ba="0,1" hai="4,7,12,13,14,26,30,35" m="13503,46122" machi="13" ten="30,3000,0" yaku="34,2" doraHai="41" who="2" fromWho="2" sc="239,-10,295,-10,233,40,223,-10" /><INIT seed="2,1,0,5,2,62" ten="229,285,273,213" oya="2" hai0="115,42,81,84,129,120,31,9,94,125,48,92,130" hai1="34,74,37,16,93,109,51,116,123,3,27,75,90" hai2="15,25,79,78,117,11,101,30,83,127,119,63,24" hai3="45,76,41,82,66,61,53,1,122,44,54,50,10"/><V40/><F127/><W65/><G122/><T80/><D120/><U59/><E116/><V98/><F40/><W100/><G100/><T36/><D36/><U35/><E123/><V2/><F2/><W67/><G61/><T105/><D105/><U112/><E37/><V110/><F110/><W103/><G103/><T72/><D115/><U108/><E112/><V106/><F78/><W52/><G1/><T87/><D31/><U73/><E3/><V14/><F14/><W43/><G10/><T26/><D26/><U111/><E59/><V85/><F63/><W89/><G89/><N who="0" m="51335" /><D9/><U131/><E51/><V4/><REACH who="2" step="1"/><F24/><REACH who="2" ten="229,285,263,213" step="2"/><W22/><G22/><AGARI ba="1,1" hai="4,11,15,22,25,30,79,83,85,98,101,106,117,119" machi="22" ten="30,5800,0" yaku="1,1,2,1,7,1,53,0" doraHai="62" doraHaiUra="128" who="2" fromWho="3" sc="229,0,285,0,263,71,213,-61" /><INIT seed="2,2,0,2,4,84" ten="229,285,334,152" oya="2" hai0="25,83,103,24,89,97,1,15,41,95,122,21,74" hai1="68,52,59,38,80,98,42,109,43,10,82,26,108" hai2="65,22,96,4,79,128,125,31,13,60,93,23,94" hai3="124,5,49,133,63,6,58,87,12,47,55,8,126"/><V92/><F128/><W85/><G133/><T116/><D1/><U56/><E68/><V0/><F0/><W131/><G131/><T9/><D122/><U34/><E10/><N who="2" m="4295" /><F125/><W132/><G132/><T118/><D41/><N who="1" m="15371" /><E38/><V30/><F79/><W88/><G85/><N who="0" m="50367" /><D21/><N who="2" m="7690" /><F96/><W29/><G29/><N who="2" m="10761" /><F60/><W135/><G135/><T40/><D74/><U106/><E34/><V76/><F76/><W75/><G75/><T71/><D71/><U17/><E17/><V70/><F70/><W18/><G126/><T20/><D20/><U37/><E26/><V33/><F33/><W127/><G127/><T28/><D28/><U32/><E32/><V114/><F114/><W91/><G124/><T7/><D116/><U46/><E37/><V36/><F36/><W16/><G18/><T102/><D118/><U107/><E107/><V48/><F48/><W115/><G115/><T44/><D25/><U64/><E46/><V130/><F130/><W73/><G73/><T51/><D24/><U112/><E112/><V57/><F57/><W11/><G11/><T62/><D62/><N who="1" m="36103" /><E59/><V66/><AGARI ba="2,0" hai="65,66,92,93,94" m="10761,7690,4295" machi="66" ten="40,2100,0" yaku="8,1" doraHai="84" who="2" fromWho="2" sc="229,-9,285,-9,334,27,152,-9" /><INIT seed="2,3,0,3,2,44" ten="220,276,361,143" oya="2" hai0="37,59,66,114,113,77,68,73,10,4,45,18,108" hai1="48,20,53,3,52,94,76,101,87,123,58,65,6" hai2="14,91,126,1,29,102,0,16,89,107,47,84,32" hai3="90,25,133,23,69,62,97,110,70,8,131,85,64"/><V13/><F126/><W24/><G110/><T105/><D18/><U111/><E111/><V56/><F56/><W80/><G133/><T98/><D59/><N who="1" m="33159" /><E123/><V71/><F71/><W99/><G131/><T81/><D108/><U61/><E3/><V127/><F127/><W109/><G109/><T134/><D134/><U42/><E6/><V116/><F116/><W49/><G69/><T51/><D51/><U118/><E42/><V5/><F107/><W96/><G8/><T57/><D57/><N who="1" m="37039" /><E118/><V31/><F5/><W60/><G60/><N who="0" m="40007" /><D45/><U122/><E122/><V75/><F47/><W36/><G36/><T115/><D37/><U28/><E76/><V41/><F41/><W40/><G40/><T104/><D98/><N who="1" m="59607" /><E87/><V95/><F84/><W54/><REACH who="3" step="1"/><G23/><REACH who="3" ten="220,276,361,133" step="2"/><T72/><D113/><U78/><E78/><V12/><F32/><W125/><G125/><T50/><D114/><U46/><E20/><V119/><F119/><W35/><G35/><T74/><D115/><U63/><E46/><AGARI ba="3,1" hai="24,25,46,49,54,62,64,70,80,85,90,96,97,99" machi="46" ten="40,5200,0" yaku="1,1,52,1,53,1" doraHai="44" doraHaiUra="79" who="3" fromWho="1" sc="220,0,276,-61,361,0,133,71" /><INIT seed="3,0,0,2,4,35" ten="220,215,361,204" oya="3" hai0="8,56,95,67,113,57,86,131,87,1,62,29,52" hai1="50,0,124,132,15,4,98,11,118,77,123,74,63" hai2="22,84,49,40,90,82,25,10,97,54,46,75,61" hai3="130,12,79,31,2,128,18,116,41,53,69,134,71"/><W122/><G122/><T44/><D131/><N who="3" m="50217" /><G116/><T65/><D113/><U93/><E123/><V9/><F75/><W81/><G134/><T103/><D29/><U48/><E132/><V129/><F97/><W3/><G41/><T6/><D44/><U43/><E124/><V39/><F129/><W83/><G31/><T80/><D103/><U24/><E118/><V125/><F125/><W34/><G53/><T26/><D26/><U120/><E63/><V101/><F101/><W21/><G34/><T94/><D86/><U70/><E70/><N who="3" m="26634" /><G83/><T37/><D37/><U121/><E24/><V114/><F114/><W89/><G89/><T92/><D57/><U100/><E15/><V119/><F119/><W99/><G99/><T78/><AGARI ba="0,0" hai="1,6,8,52,56,62,65,67,78,80,87,92,94,95" machi="78" ten="30,4000,0" yaku="0,1,52,1,54,1" doraHai="35" who="0" fromWho="0" sc="220,40,215,-10,361,-10,204,-20" owari="260,6.0,205,-19.5,351,45.1,184,-31.6" /></mjloggm>