<mjloggm ver="2.3"><GO type="225" lobby="0"/><UN n0="%E6%98%93%E5%88%A9%E8%96%A9%E4%BC%AF" n1="%E3%81%A4%E3%81%A3%E3%81%B1%E3%82%8A%E3%83%9D%E3%83%BC%E3%83%AB" n2="%E5%91%A8%E6%9D%B1" n3="%E3%83%81%E3%83%A7%E3%83%99%E3%83%83%E3%82%AF" dan="17,17,17,17" rate="2147.99,2148.95,2149.43,2135.34" sx="F,M,M,M"/><TAIKYOKU oya="0"/><INIT seed="0,0,0,1,5,69" ten="250,250,250,250" oya="0" hai0="79,110,0,106,10,134,40,65,127,99,67,68,130" hai1="37,128,21,123,125,57,44,129,48,13,38,46,135" hai2="83,29,1,122,76,93,81,116,74,47,101,32,33" hai3="132,104,112,63,31,16,82,36,2,20,102,119,120"/><T43/><D127/><U54/><E125/><V25/><F122/><W107/><G112/><T73/><D130/><N who="1" m="50283" /><E123/><V34/><F116/><W80/><G119/><T8/><D134/><U100/><E100/><V3/><F83/><W22/><G2/><N who="2" m="521" /><F93/><W62/><G36/><N who="1" m="13930" /><E135/><V12/><F12/><W121/><G31/><T35/><D35/><N who="2" m="13386" /><F47/><N who="1" m="17961" /><E13/><V126/><F101/><W131/><G102/><T45/><D0/><U111/><E21/><V124/><AGARI ba="0,0" hai="25,29,34,74,76,81,124,126" m="13386,521" machi="124" ten="40,1500,0" yaku="23,1" doraHai="69" who="2" fromWho="2" sc="250,-7,250,-4,250,15,250,-4" /><INIT seed="1,0,0,5,1,68" ten="243,246,265,246" oya="1" hai0="50,25,102,126,0,105,80,70,28,109,100,64,27" hai1="59,29,38,60,5,73,110,82,107,87,21,44,7" hai2="6,128,91,47,12,4,22,40,85,103,74,99,54" hai3="37,93,36,3,61,104,78,86,30,108,127,111,113"/><U2/><E107/><V57/><F74/><W134/><G104/><T67/><D0/><U79/><E73/><V90/><F128/><W35/><G113/><T42/><D109/><N who="3" m="42057" /><G3/><T97/><D126/><U24/><E2/><V41/><F41/><W98/><G127/><T69/><D80/><U120/><E120/><V123/><F123/><W48/><G134/><T1/><D1/><U124/><E124/><V55/><F103/><W52/><G61/><T31/><D105/><U9/><E9/><V92/><F22/><W106/><G30/><T119/><D42/><U125/><E125/><V58/><F12/><W121/><G35/><T65/><D65/><U10/><E10/><V17/><F17/><W112/><G112/><T53/><D50/><U19/><E110/><V131/><F131/><W95/><G121/><T46/><D46/><U71/><E71/><V49/><F57/><N who="3" m="32903" /><G106/><T62/><D62/><U76/><E29/><V116/><F116/><W56/><G56/><T101/><D53/><N who="2" m="19978" /><F58/><W34/><G34/><T11/><D119/><U81/><E59/><V132/><F132/><W16/><G16/><T115/><D115/><U133/><E133/><V32/><F32/><W84/><G93/><AGARI ba="0,0" hai="4,6,40,47,49,85,90,91,92,93,99" m="19978" machi="93" ten="30,1000,0" yaku="8,1" doraHai="68" who="2" fromWho="3" sc="243,0,246,0,265,10,246,-10" /><INIT seed="2,0,0,0,0,44" ten="243,246,275,236" oya="2" hai0="81,117,86,31,105,87,72,110,60,55,103,104,62" hai1="69,83,57,126,128,116,71,39,0,12,68,26,54" hai2="102,84,74,95,101,30,92,106,124,43,82,29,59" hai3="89,112,21,17,88,19,51,118,134,76,127,131,56"/><V107/><F59/><W91/><G118/><T6/><D110/><U122/><E116/><V15/><F43/><W2/><G2/><T22/><D117/><U37/><E0/><V13/><F84/><W77/><G131/><T98/><D105/><U108/><E108/><V58/><F58/><W109/><G109/><T65/><D6/><U10/><E128/><V64/><F82/><W28/><G134/><T63/><D65/><U66/><E66/><V8/><F64/><W42/><G127/><T130/><D130/><U97/><E126/><V46/><F46/><N who="3" m="26071" /><G56/><T23/><D55/><U114/><E114/><V96/><F124/><W61/><G61/><T27/><REACH who="0" step="1"/><D23/><REACH who="0" ten="233,246,275,236" step="2"/><U53/><E53/><V14/><F107/><W80/><G112/><T11/><D11/><U93/><E10/><V16/><F106/><W67/><G67/><T73/><D73/><U132/><E54/><V133/><F74/><W5/><G5/><T48/><D48/><U40/><E39/><V121/><F121/><W4/><G4/><T7/><D7/><U52/><E37/><V38/><F38/><W135/><G135/><T24/><D24/><U18/><E26/><V79/><F133/><W35/><G35/><T119/><D119/><U99/><E122/><V9/><F15/><W20/><G80/><T123/><D123/><U111/><E83/><V49/><F49/><W50/><G50/><T120/><D120/><U75/><E132/><V85/><F14/><N who="3" m="9271" /><G28/><T3/><D3/><U113/><E113/><V129/><F129/><W70/><G70/><N who="1" m="17922" /><U33/><DORA hai="125" /><E111/><V47/><F30/><RYUUKYOKU ba="0,1" sc="233,15,246,-15,275,-15,236,15" hai0="22,27,31,60,62,63,72,81,86,87,98,103,104" hai3="19,21,76,77,88,89,91" /><INIT seed="3,1,1,3,0,108" ten="248,231,260,251" oya="3" hai0="97,53,7,58,46,89,20,72,47,123,124,113,1" hai1="117,94,122,91,26,30,39,129,132,61,135,60,48" hai2="14,4,35,66,131,104,101,77,125,23,87,105,9" hai3="85,111,27,82,126,34,120,83,45,114,74,65,16"/><W127/><G120/><T116/><D123/><U78/><E39/><V99/><F35/><W18/><G111/><T28/><D116/><U50/><E122/><V68/><F131/><W112/><G65/><T121/><D72/><U17/><E78/><V133/><F125/><N who="3" m="47627" /><G74/><T19/><D121/><U6/><E6/><V33/><F33/><W11/><G45/><T106/><D28/><U40/><E17/><N who="3" m="6762" /><G11/><T51/><D124/><U12/><E12/><V57/><F66/><W84/><G85/><T24/><D113/><N who="3" m="43625" /><G84/><T119/><D47/><N who="1" m="25703" /><E129/><V5/><F87/><W93/><G93/><T63/><D46/><U115/><E115/><V130/><F9/><W70/><G70/><T81/><D81/><N who="3" m="30729" /><G34/><T59/><D59/><U32/><E117/><V22/><F57/><W103/><G27/><T92/><D24/><U41/><E50/><V31/><F68/><W13/><G13/><T52/><D92/><U21/><E32/><V90/><F14/><W56/><G56/><T15/><D58/><U67/><E67/><V100/><F23/><W42/><G103/><T98/><D15/><U110/><E110/><V107/><F101/><W44/><G44/><T49/><D119/><U109/><E109/><V95/><F100/><W79/><G79/><T69/><D69/><U102/><E102/><V37/><F77/><W73/><G73/><T43/><D19/><U86/><E41/><AGARI ba="1,1" hai="41,42" m="30729,43625,6762,47627" machi="41" ten="40,18000,2" yaku="28,2,18,1,52,3,54,1" doraHai="108" who="3" fromWho="1" sc="248,0,231,-183,260,0,251,193" owari="248,-15.2,48,-45.2,260,6.0,444,54.4" /></mjloggm>