<mjloggm ver="2.3"><GO type="225" lobby="0"/><UN n0="%43%68%65" n1="%E4%BF%BA%E3%81%A8%E5%A6%96%E5%A4%A2" n2="%E6%9C%88%E5%B3%B6%E5%9F%BA" n3="%E5%A4%8F%E9%88%B4%E9%88%B4%E5%A4%8F" dan="16,16,16,16" rate="2207.60,2226.14,2058.21,2149.29" sx="M,F,M,F"/><TAIKYOKU oya="0"/><INIT seed="0,0,0,5,4,4" ten="250,250,250,250" oya="0" hai0="109,33,10,119,77,63,58,110,83,17,27,53,99" hai1="34,19,113,122,9,129,90,43,21,2,44,55,69" hai2="120,64,22,40,96,134,91,116,71,51,76,6,13" hai3="98,3,68,74,23,48,124,75,24,8,94,31,101"/><T92/><D119/><U29/><E122/><V81/><F120/><W30/><G124/><T78/><D33/><U87/><E69/><V56/><F116/><W66/><G31/><T7/><D17/><U127/><E127/><V126/><F126/><W38/><G38/><T52/><D53/><U20/><E129/><V106/><F134/><W45/><G68/><T100/><D27/><U39/><E113/><V11/><F71/><W121/><G121/><T54/><D54/><U114/><E114/><V104/><F22/><W49/><G49/><T135/><D135/><U50/><E34/><V16/><F6/><W85/><G85/><T1/><REACH who="0" step="1"/><D78/><REACH who="0" ten="240,250,250,250" step="2"/><U102/><E29/><V118/><F118/><W42/><G66/><T46/><D46/><U123/><E123/><V47/><F64/><W60/><G60/><T18/><D18/><U65/><E65/><V95/><REACH who="2" step="1"/><F56/><REACH who="2" ten="240,250,240,250" step="2"/><W73/><G23/><T111/><D111/><U67/><E67/><V84/><AGARI ba="0,2" hai="11,13,16,40,47,51,76,81,84,91,95,96,104,106" machi="84" ten="20,12000,2" yaku="1,1,2,1,0,1,7,1,52,1,54,1,53,1" doraHai="4" doraHaiUra="93" who="2" fromWho="2" sc="240,-60,250,-30,240,140,250,-30" /><INIT seed="1,0,0,1,1,12" ten="180,220,380,220" oya="1" hai0="110,63,4,95,0,30,123,55,59,101,21,8,33" hai1="84,43,89,40,130,54,117,65,22,86,36,50,102" hai2="72,100,126,131,28,109,98,32,121,2,60,44,46" hai3="129,47,114,25,52,53,26,132,99,5,135,112,45"/><U111/><E117/><V82/><F121/><W42/><G129/><T11/><D123/><U116/><E116/><V67/><F2/><W122/><G122/><T61/><D110/><U58/><E130/><V73/><F109/><W48/><G5/><T15/><D33/><U75/><E75/><V93/><F131/><W104/><G99/><T107/><D107/><U57/><E111/><V6/><F6/><W23/><G104/><T9/><D63/><U24/><E102/><V3/><F3/><W51/><G42/><T14/><D0/><U119/><E36/><V68/><F126/><W97/><G97/><N who="0" m="59583" /><D30/><U118/><E84/><V69/><F69/><W77/><G77/><T134/><D134/><U108/><E108/><V27/><F82/><W106/><G106/><T38/><D38/><U115/><E115/><V80/><F80/><W124/><G124/><T83/><D83/><U128/><E128/><V92/><F92/><W13/><REACH who="3" step="1"/><G23/><REACH who="3" ten="180,220,380,210" step="2"/><T66/><D55/><U127/><E127/><V120/><F120/><W91/><G91/><T20/><D20/><U39/><E119/><V105/><F93/><W76/><G76/><T103/><D103/><U90/><E118/><V96/><F98/><W37/><G37/><T85/><D85/><U1/><E86/><V74/><AGARI ba="0,1" hai="27,28,32,44,46,60,67,68,72,73,74,96,100,105" machi="74" ten="30,4000,0" yaku="0,1,25,2" doraHai="12" who="2" fromWho="2" sc="180,-10,220,-20,380,50,210,-10" /><INIT seed="2,0,0,0,3,10" ten="170,200,430,200" oya="2" hai0="42,6,100,72,25,22,56,23,108,102,133,106,1" hai1="82,115,41,57,95,21,30,16,97,103,111,91,114" hai2="81,20,38,65,77,28,70,128,125,31,98,84,9" hai3="73,69,129,11,51,122,131,74,109,86,105,59,78"/><V55/><F38/><W71/><G122/><T121/><D121/><U119/><E119/><V44/><F125/><W24/><G105/><T67/><D72/><N who="3" m="27753" /><G24/><T88/><D108/><U60/><E111/><V36/><F128/><N who="3" m="49227" /><G109/><T47/><D133/><U2/><E41/><V120/><F120/><W94/><G11/><T62/><D106/><U45/><E45/><V107/><F20/><W68/><G94/><T58/><D23/><U8/><E30/><V117/><F117/><W123/><G123/><T26/><D26/><U14/><E2/><V99/><F99/><W5/><G5/><T126/><D126/><U4/><E4/><V90/><F65/><W76/><G86/><T18/><D6/><U75/><E8/><V135/><F31/><W54/><AGARI ba="0,0" hai="51,54,59,68,69,71,76,78" m="49227,27753" machi="54" ten="40,1500,0" yaku="19,1" doraHai="10" who="3" fromWho="3" sc="170,-4,200,-4,430,-7,200,15" /><INIT seed="3,0,0,4,1,43" ten="166,196,423,215" oya="3" hai0="34,48,135,13,99,42,27,7,110,33,95,21,118" hai1="47,37,74,52,97,15,114,32,124,105,86,102,71" hai2="69,61,9,127,91,111,64,28,39,100,126,44,66" hai3="30,40,82,46,36,54,20,131,120,65,75,1,56"/><W11/><G120/><T116/><D110/><U16/><E114/><V133/><F111/><W130/><G65/><T123/><D123/><U63/><E74/><V94/><F133/><W122/><G122/><T45/><D135/><U3/><E3/><V6/><F100/><W104/><G104/><T24/><D34/><U129/><E32/><V107/><F28/><W108/><G108/><T85/><D33/><U76/><E129/><V70/><F107/><W17/><G30/><T119/><D85/><U59/><E71/><V81/><F81/><W0/><G82/><T112/><D112/><U14/><E124/><N who="2" m="47659" /><F66/><W51/><G75/><T62/><D62/><U50/><E37/><V10/><F69/><W60/><G36/><T113/><D113/><U98/><E97/><N who="2" m="57567" /><F6/><W88/><G88/><T84/><D84/><U22/><E86/><V41/><AGARI ba="0,0" hai="9,10,39,41,44,61,64,70" m="57567,47659" machi="41" ten="30,2000,0" yaku="18,1,52,1" doraHai="43" who="2" fromWho="2" sc="166,-5,196,-5,423,20,215,-10" owari="161,-33.9,191,-20.9,443,54.3,205,0.5" /></mjloggm>