<mjloggm ver="2.3"><GO type="225" lobby="0"/><UN n0="%E3%82%A4%E3%83%BC%E3%82%B1%E3%83%97%E3%83%A9" n1="%4C%4F%4C%49%54%41" n2="%E3%81%AF%E3%82%88%E3%81%8A%E3%81%98%E3%81%95%E3%82%93" n3="%72%61%6B%33" dan="16,16,17,16" rate="2182.31,2113.16,2133.08,2076.96" sx="M,F,M,M"/><TAIKYOKU oya="0"/><INIT seed="0,0,0,0,0,33" ten="250,250,250,250" oya="0" hai0="97,38,0,7,42,104,112,55,32,99,106,117,93" hai1="74,133,91,45,52,59,13,1,16,6,17,9,105" hai2="62,84,130,103,14,109,53,19,116,18,77,43,135" hai3="107,58,87,22,108,56,126,28,21,57,102,8,47"/><T98/><D112/><U101/><E74/><V83/><F109/><W3/><G108/><T82/><D117/><U80/><E133/><V76/><F135/><W69/><G69/><T100/><D32/><U127/><E127/><V132/><F132/><W128/><G126/><T115/><D115/><U110/><E110/><V29/><F116/><W73/><G73/><T46/><D82/><U121/><E121/><V54/><F130/><W124/><G124/><T118/><D118/><U60/><E105/><V10/><F29/><W49/><G128/><T64/><D64/><U120/><E101/><V31/><F31/><W85/><G102/><T24/><D24/><U63/><E120/><V71/><F43/><W44/><G107/><T4/><D106/><U111/><E111/><V48/><F77/><W30/><G8/><T119/><D119/><U129/><E129/><V51/><F103/><W67/><G67/><T92/><D0/><U41/><E63/><V37/><F37/><W61/><G49/><N who="2" m="19017" /><F18/><N who="1" m="7273" /><E1/><V39/><F39/><W134/><G134/><T79/><D79/><U94/><E80/><V95/><F95/><W50/><G50/><T131/><D131/><U125/><E125/><V81/><F83/><W15/><G3/><T75/><D75/><U5/><E5/><V12/><F12/><W90/><G15/><T23/><D100/><U66/><E41/><V11/><F10/><W89/><G58/><T86/><D104/><U26/><E26/><V40/><F40/><W65/><G65/><T36/><D42/><U25/><E66/><N who="2" m="41431" /><F11/><W96/><G61/><T70/><D38/><RYUUKYOKU ba="0,0" sc="250,-15,250,-15,250,15,250,15" hai2="14,19,53,54,76,81,84" hai3="21,22,28,30,44,47,56,57,85,87,89,90,96" /><INIT seed="1,1,0,0,5,96" ten="235,235,265,265" oya="1" hai0="6,20,94,48,9,37,3,54,49,35,88,122,30" hai1="34,18,63,116,5,12,13,58,71,115,91,130,23" hai2="56,51,92,97,83,99,72,93,16,120,126,25,29" hai3="31,2,103,110,82,134,50,60,107,119,64,125,44"/><U102/><E115/><V111/><F120/><W11/><G110/><T74/><D37/><U10/><E116/><V47/><F111/><W98/><G119/><T28/><D74/><U105/><E34/><V59/><F126/><W73/><G125/><T84/><D122/><U0/><E130/><V17/><F83/><W101/><G134/><T61/><D35/><U32/><E32/><V41/><F72/><W24/><G103/><T1/><D1/><U46/><E71/><V129/><F129/><W75/><G82/><T42/><D20/><U33/><E33/><V70/><F29/><W86/><G86/><T95/><D95/><U68/><E68/><V79/><F79/><W14/><G2/><T76/><D76/><U124/><E91/><N who="2" m="55455" /><F70/><W39/><G39/><T121/><D121/><U69/><E69/><V7/><F7/><W112/><G112/><T43/><D61/><U57/><E124/><V128/><F128/><W90/><G90/><T78/><D78/><U62/><E46/><V118/><F118/><W27/><G75/><T81/><D81/><U67/><E105/><V26/><F26/><W100/><G27/><T106/><D106/><U85/><E85/><V108/><F108/><W123/><G24/><T80/><D80/><U135/><E135/><V114/><F114/><W117/><G73/><T55/><D30/><U52/><E0/><V77/><F77/><W53/><G123/><T131/><D28/><U104/><E104/><V113/><F113/><W89/><G117/><T21/><D131/><U66/><E102/><N who="3" m="39530" /><G107/><T45/><D21/><U15/><E15/><RYUUKYOKU ba="1,0" sc="235,15,235,15,265,-15,265,-15" hai0="3,6,9,42,43,45,48,49,54,55,84,88,94" hai1="5,10,12,13,18,23,52,57,58,62,63,66,67" /><INIT seed="1,2,0,2,3,101" ten="250,250,250,250" oya="1" hai0="46,47,87,122,5,130,4,14,2,8,52,59,42" hai1="41,71,131,100,21,133,68,115,88,50,16,9,36" hai2="91,60,53,95,86,44,105,69,82,118,67,78,22" hai3="117,55,40,96,79,112,74,58,51,20,61,70,114"/><U29/><E115/><V111/><F111/><W85/><G74/><T6/><D130/><U54/><E131/><V34/><F118/><W12/><G117/><T11/><D122/><U33/><E100/><V120/><F34/><W109/><G109/><T27/><D27/><U132/><E9/><V24/><F120/><W99/><G70/><T93/><D6/><U129/><E129/><V23/><F105/><W65/><G40/><T116/><D116/><U76/><E76/><V13/><F13/><W121/><G121/><T56/><D56/><U37/><E29/><V39/><F24/><W90/><G79/><T31/><D31/><U126/><E126/><V45/><F45/><W73/><G73/><T25/><D25/><N who="1" m="14503" /><E33/><V32/><F32/><W10/><G20/><T125/><D42/><U127/><E88/><V89/><F91/><W128/><G128/><T92/><D125/><U3/><E3/><V110/><F110/><W75/><G75/><T98/><D87/><U72/><E72/><V113/><F113/><W28/><G28/><T107/><D93/><U17/><E17/><V19/><F19/><N who="3" m="8599" /><G114/><T1/><D107/><U123/><E41/><V80/><F39/><N who="1" m="14921" /><E123/><V63/><F82/><N who="3" m="49463" /><G112/><T84/><D84/><U62/><E127/><V35/><F35/><W49/><G65/><T94/><D1/><U26/><E26/><V83/><F80/><W7/><G7/><T64/><D64/><N who="1" m="40983" /><E71/><V81/><F83/><W124/><G124/><T108/><D108/><U0/><E0/><V38/><F38/><W18/><G18/><T57/><D2/><U119/><E119/><RYUUKYOKU ba="2,0" sc="250,-15,250,15,250,-15,250,15" hai1="50,54,132,133" hai3="49,51,55,58,61,96,99" /><INIT seed="1,3,0,4,5,131" ten="235,265,235,265" oya="1" hai0="70,109,7,27,9,37,97,55,135,120,46,49,6" hai1="119,108,76,134,116,133,57,106,78,0,132,122,111" hai2="31,90,43,48,66,101,52,110,17,128,63,62,53" hai3="68,100,95,69,121,42,24,64,4,91,10,107,16"/><U39/><E122/><V103/><F128/><W54/><G121/><T85/><D120/><U8/><E39/><V12/><F110/><N who="1" m="42025" /><E106/><V61/><F31/><W30/><G42/><T35/><D109/><U33/><E33/><V44/><F66/><W34/><G54/><N who="2" m="21097" /><F90/><W102/><G107/><T59/><D70/><U26/><E26/><V1/><F1/><W19/><G100/><T126/><D126/><U93/><E57/><V21/><AGARI ba="3,0" hai="12,17,21,43,44,48,61,62,63,101,103" m="21097" machi="21" ten="30,2000,0" yaku="8,1,54,1" doraHai="131" who="2" fromWho="2" sc="235,-8,265,-13,235,29,265,-8" /><INIT seed="2,0,0,1,4,23" ten="227,252,264,257" oya="2" hai0="32,35,73,101,53,11,122,127,78,81,7,64,99" hai1="58,113,69,70,100,34,84,29,119,87,43,37,46" hai2="63,125,22,62,102,31,89,9,8,44,115,96,50" hai3="25,112,126,65,61,116,13,40,60,18,17,6,59"/><V36/><F115/><W88/><G112/><T0/><D122/><U68/><E113/><V38/><F125/><W107/><G126/><T45/><D127/><U19/><E119/><V135/><F135/><W124/><G124/><T109/><D109/><U103/><E19/><V54/><F38/><W130/><G116/><T48/><REACH who="0" step="1"/><D64/><REACH who="0" ten="217,252,264,257" step="2"/><U97/><E69/><V104/><F36/><W118/><G118/><T47/><D47/><U10/><E68/><V4/><F44/><W90/><G65/><T20/><D20/><U86/><E70/><V67/><F67/><W24/><G59/><T2/><D2/><U5/><E58/><V108/><F108/><W74/><G130/><T131/><D131/><U56/><E56/><V71/><F71/><W94/><G60/><T111/><D111/><U39/><E39/><V77/><F63/><W21/><G61/><T123/><D123/><U1/><REACH who="1" step="1"/><E97/><REACH who="1" ten="217,242,264,257" step="2"/><V85/><F96/><W133/><G133/><T134/><D134/><U129/><E129/><V33/><F62/><W80/><G107/><AGARI ba="0,2" hai="0,7,11,32,35,45,48,53,73,78,81,99,101,107" machi="107" ten="30,2000,0" yaku="1,1,7,1,53,0" doraHai="23" doraHaiUra="120" who="0" fromWho="3" sc="217,40,242,0,264,0,257,-20" /><INIT seed="3,0,0,2,3,4" ten="257,242,264,237" oya="3" hai0="99,74,19,119,80,107,77,56,43,57,41,87,62" hai1="96,129,46,117,31,71,22,127,50,97,83,135,132" hai2="58,109,36,81,17,18,98,44,47,39,84,76,3" hai3="70,40,51,78,30,20,12,92,88,69,33,103,27"/><W102/><G78/><T111/><D119/><U52/><E71/><V122/><F109/><W6/><G70/><T90/><D111/><U105/><E117/><V0/><F58/><W112/><G69/><T48/><D19/><U38/><E129/><V55/><F98/><W101/><G112/><T79/><D79/><U75/><E127/><V131/><F76/><W54/><G40/><T1/><D1/><U21/><E75/><V13/><F13/><W23/><G6/><T11/><D11/><U124/><E83/><V91/><F81/><W130/><G130/><T126/><D126/><U115/><E115/><V134/><F55/><W28/><G28/><T68/><D68/><U85/><E85/><V118/><F84/><W5/><G5/><T94/><D48/><U108/><E124/><V37/><F91/><W60/><G60/><T73/><D57/><N who="1" m="32919" /><E108/><V64/><F39/><W35/><G35/><T116/><D116/><U89/><E89/><V34/><F118/><W63/><G63/><T2/><D2/><U121/><E121/><V16/><F18/><W106/><G106/><T32/><D32/><U104/><E104/><V25/><F34/><W72/><G72/><T123/><D123/><U15/><E15/><V133/><F122/><W49/><G12/><T100/><D74/><U128/><E128/><V113/><F131/><W86/><REACH who="3" step="1"/><G51/><REACH who="3" ten="257,242,264,227" step="2"/><T95/><D95/><U125/><E125/><V114/><F25/><W7/><G7/><T93/><D94/><U8/><E105/><V65/><AGARI ba="0,1" hai="0,3,16,17,36,37,44,47,64,65,113,114,133,134" machi="65" ten="25,6400,0" yaku="0,1,22,2,54,1" doraHai="4" who="2" fromWho="2" sc="257,-16,242,-16,264,74,227,-32" owari="241,4.1,226,-17.4,338,43.8,195,-30.5" /></mjloggm>