<mjloggm ver="2.3"><GO type="225" lobby="0"/><UN n0="%E6%A1%9C%E8%8A%B1%E9%96%83%E3%80%85" n1="%E7%99%BD%E5%92%B2%E8%8A%B1%E3%81%A1%E3%82%83%E3%82%93" n2="%74%75%72%74%6C%65%2E" n3="%E3%83%81%E3%83%83%E3%82%BF%E3%82%BD%E3%83%BC" dan="16,16,16,16" rate="2145.68,2153.10,2056.48,2127.15" sx="M,F,M,F"/><TAIKYOKU oya="0"/><INIT seed="0,0,0,4,4,119" ten="250,250,250,250" oya="0" hai0="105,132,124,101,19,64,75,122,49,58,7,37,3" hai1="90,97,71,51,86,129,66,73,95,69,65,20,121" hai2="15,67,17,130,12,32,103,80,102,76,38,34,100" hai3="14,117,36,43,128,74,81,109,11,26,9,134,45"/><T82/><D124/><U52/><E129/><V50/><F38/><W56/><G117/><T93/><D105/><U91/><E73/><V131/><F67/><W60/><G128/><N who="2" m="49193" /><F50/><W22/><G109/><T88/><D37/><U8/><E121/><V30/><F30/><W125/><G125/><T13/><D122/><U61/><E8/><N who="2" m="6279" /><F15/><W135/><G81/><T29/><D132/><N who="3" m="50729" /><G74/><AGARI ba="0,0" hai="32,34,74,76,80,100,102,103" m="6279,49193" machi="74" ten="30,1000,0" yaku="19,1" doraHai="119" who="2" fromWho="3" sc="250,0,250,0,250,10,250,-10" /><INIT seed="1,0,0,5,1,77" ten="250,250,260,240" oya="1" hai0="23,102,50,69,66,9,104,116,112,127,94,73,78" hai1="38,133,79,99,135,103,43,114,10,80,2,95,74" hai2="18,65,121,111,81,123,11,41,92,132,90,126,110" hai3="28,101,55,6,36,47,53,96,4,109,124,97,105"/><U21/><E114/><V108/><F126/><W0/><G109/><T75/><D112/><U29/><E21/><V51/><F65/><W7/><G124/><T129/><D127/><U85/><E29/><V60/><F60/><W62/><G0/><T39/><D39/><U13/><E85/><V128/><F128/><W14/><G28/><T12/><D104/><U58/><E58/><V84/><F132/><W15/><G96/><T24/><D116/><U122/><E122/><V5/><F18/><W49/><G36/><T87/><D50/><U37/><E13/><V91/><F51/><W106/><REACH who="3" step="1"/><G105/><REACH who="3" ten="250,250,260,230" step="2"/><T52/><D129/><U113/><E113/><V8/><F41/><W70/><G70/><T35/><D69/><U86/><E38/><V22/><F22/><W120/><G120/><T33/><D23/><U27/><E37/><V48/><F11/><W64/><G64/><T63/><D66/><U100/><E43/><V82/><F123/><W57/><AGARI ba="0,1" hai="4,6,7,14,15,47,49,53,55,57,62,97,101,106" machi="57" ten="30,2000,0" yaku="1,1,0,1,53,0" doraHai="77" doraHaiUra="107" who="3" fromWho="3" sc="250,-5,250,-10,260,-5,230,30" /><INIT seed="2,0,0,0,5,39" ten="245,240,255,260" oya="2" hai0="106,78,118,46,17,49,107,101,122,94,111,83,76" hai1="26,55,120,89,86,96,68,90,100,114,0,43,75" hai2="20,54,109,12,48,74,31,18,41,61,69,91,21" hai3="10,95,9,115,33,63,80,64,58,27,124,130,85"/><V103/><F74/><W82/><G130/><T113/><D122/><U6/><E114/><V32/><F32/><W132/><G132/><T88/><D113/><U131/><E120/><V108/><F103/><W93/><G115/><T4/><D4/><U16/><E75/><V119/><F119/><W121/><G124/><T24/><D111/><N who="2" m="42570" /><F91/><W29/><G121/><T8/><D118/><U105/><E131/><V70/><F61/><W134/><G134/><T14/><D101/><U53/><E68/><V97/><F97/><W72/><G72/><T133/><D133/><U56/><E90/><V65/><F65/><W30/><G29/><T73/><D78/><U98/><E98/><V67/><F67/><W50/><G50/><T44/><D24/><U59/><E96/><V13/><F54/><W35/><G33/><T42/><D46/><U38/><E100/><V125/><F125/><W81/><REACH who="3" step="1"/><G85/><AGARI ba="0,0" hai="8,14,17,42,44,49,73,76,83,85,88,94,106,107" machi="85" ten="30,3900,0" yaku="7,1,52,1,54,1" doraHai="39" who="0" fromWho="3" sc="245,39,240,0,255,0,260,-39" /><INIT seed="3,0,0,1,4,44" ten="284,240,255,221" oya="3" hai0="45,124,67,54,23,114,38,40,3,94,70,16,65" hai1="127,20,71,31,62,56,113,110,50,101,107,27,35" hai2="28,89,9,64,74,18,85,91,132,4,87,13,79" hai3="95,81,130,47,98,118,80,15,90,106,115,133,92"/><W120/><G118/><T29/><D3/><U68/><E113/><V17/><F132/><W116/><G116/><T48/><D114/><U93/><E110/><V8/><F74/><W86/><G115/><T119/><D119/><U88/><E127/><V22/><F64/><W61/><G120/><T30/><D124/><U59/><E35/><V49/><F28/><N who="0" m="10858" /><D38/><U42/><E107/><V52/><F17/><W83/><G133/><T134/><D70/><U97/><E88/><V41/><F41/><W131/><G106/><T14/><D134/><U12/><E12/><V82/><F4/><W108/><G108/><T84/><D54/><U58/><REACH who="1" step="1"/><E62/><REACH who="1" ten="284,230,255,221" step="2"/><V126/><F126/><W34/><G34/><T24/><D14/><U72/><E72/><V103/><F103/><W135/><G135/><T19/><D94/><U78/><E78/><V6/><F6/><W77/><G15/><N who="0" m="9631" /><D84/><U25/><E25/><V99/><F99/><N who="3" m="57751" /><G61/><T69/><D69/><U37/><E37/><V57/><F79/><W128/><G86/><T46/><D24/><U117/><E117/><V60/><F60/><W123/><G123/><T43/><D67/><U125/><E125/><V51/><F87/><W102/><G77/><T104/><D65/><U96/><E96/><V7/><F91/><W33/><G33/><T2/><D104/><U109/><E109/><V105/><F105/><W100/><G102/><T76/><D76/><U63/><E63/><N who="2" m="36263" /><F7/><W26/><G26/><T55/><D2/><U0/><E0/><V129/><F129/><W111/><G111/><T39/><D39/><U53/><E53/><RYUUKYOKU ba="0,1" sc="284,-30,230,10,255,10,221,10" hai1="20,27,31,42,50,56,58,59,68,71,93,97,101" hai2="8,9,13,18,22,49,51,82,85,89" hai3="47,80,81,83,95,98,100,128,130,131" /><INIT seed="3,1,1,2,1,23" ten="254,240,265,231" oya="3" hai0="53,9,97,35,21,123,45,111,27,66,132,128,133" hai1="88,106,134,51,43,95,60,131,36,105,4,87,71" hai2="16,102,41,75,67,110,61,109,135,70,117,81,47" hai3="24,118,26,108,48,114,85,96,55,129,107,10,50"/><W99/><G114/><T83/><D123/><U94/><E134/><N who="0" m="51817" /><D111/><U100/><E131/><V38/><F135/><W8/><G129/><T3/><D128/><U84/><E36/><V72/><F117/><W103/><G118/><T2/><D35/><U32/><E32/><V46/><F46/><N who="3" m="28055" /><G107/><T90/><D66/><U19/><E4/><V127/><F127/><W126/><G126/><T11/><D53/><U0/><E0/><N who="0" m="41" /><D45/><U17/><E105/><V91/><F102/><W74/><G74/><T86/><D97/><N who="3" m="37449" /><G108/><T104/><D104/><U63/><E106/><V101/><F101/><W124/><G124/><T33/><D33/><U121/><E100/><V42/><F110/><W7/><G103/><T14/><D14/><U49/><E121/><V112/><F112/><W37/><G37/><T93/><D93/><U13/><E13/><V62/><F109/><W18/><G7/><T59/><D59/><U76/><E71/><V1/><F1/><W68/><G68/><T115/><D115/><U6/><E6/><V89/><F75/><W22/><G50/><T122/><D122/><U119/><E119/><V44/><F72/><W116/><G116/><T57/><D57/><U98/><E51/><V79/><F44/><W56/><G56/><T25/><D25/><N who="3" m="9833" /><G85/><T39/><D39/><U30/><E84/><V69/><F69/><W28/><G28/><AGARI ba="1,1" hai="9,11,21,27,28,83,86,90" m="41,51817" machi="28" ten="30,2000,0" yaku="20,1,52,1" doraHai="23" who="0" fromWho="3" sc="254,33,240,0,265,0,231,-23" /><INIT seed="4,0,0,0,5,31" ten="287,240,265,208" oya="0" hai0="14,65,72,8,6,134,27,67,22,24,30,7,50" hai1="18,114,78,132,73,44,55,15,38,105,77,85,133" hai2="5,113,74,120,62,88,63,86,90,36,101,52,107" hai3="10,29,97,131,34,49,124,112,41,32,80,57,110"/><T60/><D72/><U93/><E105/><V108/><F108/><W69/><G110/><T115/><D115/><U68/><E68/><V43/><F74/><W66/><G112/><T87/><D134/><N who="1" m="51819" /><E73/><V25/><F113/><W122/><G124/><T121/><D121/><U28/><E28/><V13/><F120/><W33/><G122/><T37/><D37/><U111/><E111/><V20/><F36/><W83/><G29/><T89/><D27/><U135/><N who="1" m="51827" /><U46/><DORA hai="1" /><E114/><V3/><F3/><W129/><G97/><T59/><D50/><N who="1" m="29127" /><E93/><V54/><F43/><W26/><G26/><T4/><D65/><U61/><E61/><N who="2" m="23051" /><F107/><W12/><G69/><T70/><D70/><U76/><E85/><V40/><F101/><W109/><G109/><T102/><D102/><U19/><E15/><V92/><F40/><AGARI ba="0,0" hai="18,19,38,40,46,76,77,78" m="29127,51827" machi="40" ten="50,1600,0" yaku="20,1" doraHai="31,1" who="1" fromWho="2" sc="287,0,240,16,265,-16,208,0" /><INIT seed="5,0,0,2,3,20" ten="287,256,249,208" oya="1" hai0="100,60,87,50,111,13,72,18,79,14,129,24,33" hai1="88,39,7,51,54,12,91,76,83,32,127,110,106" hai2="85,43,38,44,22,34,45,68,125,41,93,15,66" hai3="74,116,117,0,59,123,21,64,77,80,96,104,55"/><U84/><E127/><V103/><F34/><W69/><G123/><T130/><D111/><U30/><E110/><V121/><F121/><W67/><G0/><T40/><D72/><U5/><E39/><V133/><F125/><W92/><G104/><T89/><D79/><U53/><E106/><V135/><F66/><W2/><G2/><T10/><D100/><U47/><E54/><V124/><F68/><W31/><G69/><T29/><D60/><U17/><E32/><V97/><F124/><W42/><G42/><T107/><D107/><U82/><E30/><V102/><F102/><W70/><G70/><T23/><D50/><U115/><E115/><V75/><F85/><W63/><G116/><T113/><D40/><U27/><E27/><V57/><F57/><W112/><G112/><T3/><D113/><U35/><E35/><V98/><F98/><W119/><G117/><T52/><D52/><U65/><E65/><V49/><F75/><W48/><G119/><T19/><D3/><U108/><E108/><V114/><F114/><W71/><G71/><T131/><D87/><N who="1" m="50295" /><E76/><V61/><F61/><W8/><G63/><T95/><D89/><U6/><E6/><V26/><REACH who="2" step="1"/><F15/><REACH who="2" ten="287,256,239,208" step="2"/><W37/><G67/><T128/><D128/><U56/><E56/><V73/><F73/><W120/><G64/><T16/><D14/><U126/><E126/><V1/><F1/><W109/><G120/><T58/><D58/><U94/><E83/><V11/><F11/><AGARI ba="0,1" hai="5,7,11,12,17,47,51,53,84,91,94" m="50295" machi="11" ten="30,5800,0" yaku="25,1,8,1,54,1" doraHai="20" who="1" fromWho="2" sc="287,0,256,68,239,-58,208,0" owari="287,8.7,324,42.4,181,-31.9,208,-19.2" /></mjloggm>