<mjloggm ver="2.3"><GO type="225" lobby="0"/><UN n0="%72%61%6B%33" n1="%E6%80%AA%E3%81%97%E3%81%99%E3%81%8E%E3%82%8B%E3%83%81%E3%83%BC" n2="%E5%B8%86%E7%AB%8B%E5%A4%8F%E8%A1%A3" n3="%E9%B3%B4%E8%8C%B6" dan="16,16,17,16" rate="2153.12,2064.44,2171.07,2103.17" sx="M,M,M,M"/><TAIKYOKU oya="0"/><INIT seed="0,0,0,0,2,22" ten="250,250,250,250" oya="0" hai0="107,25,44,81,123,113,40,103,73,10,134,61,6" hai1="120,76,15,101,12,41,67,90,130,19,71,92,20" hai2="74,99,105,63,9,75,56,5,0,7,52,104,32" hai3="48,93,133,96,17,37,121,83,60,97,43,1,98"/><T106/><D113/><U38/><E120/><V132/><F132/><W54/><G133/><T64/><D134/><U124/><E130/><V80/><F32/><W85/><G121/><T65/><D123/><U24/><E124/><V102/><F105/><W47/><G1/><T55/><D55/><U3/><E3/><V42/><F7/><W49/><G60/><T129/><D129/><U59/><E71/><V21/><F42/><W29/><G37/><T111/><D111/><U84/><E101/><V53/><F53/><W26/><G17/><T70/><D65/><U91/><E76/><V114/><F114/><W31/><G93/><T116/><D103/><U89/><E41/><V57/><F57/><W4/><G4/><T88/><D116/><U39/><E39/><V94/><F104/><W135/><G135/><T2/><D25/><U119/><E38/><V95/><F80/><W131/><G131/><T69/><D69/><U82/><E119/><V50/><F63/><W8/><G8/><T16/><D16/><U77/><E92/><V122/><F122/><W62/><G62/><AGARI ba="0,0" hai="12,15,19,20,24,59,62,67,77,82,84,89,90,91" machi="62" ten="40,2600,0" yaku="8,1,52,1" doraHai="22" who="1" fromWho="3" sc="250,0,250,26,250,0,250,-26" /><INIT seed="1,0,0,0,1,52" ten="250,276,250,224" oya="1" hai0="44,124,59,119,78,116,128,32,99,95,46,57,134" hai1="97,14,50,85,47,130,127,4,72,64,53,70,34" hai2="58,82,109,133,86,106,45,24,83,51,39,21,42" hai3="36,93,71,29,125,75,40,16,76,38,8,105,122"/><U110/><E72/><V30/><F109/><W15/><G105/><T33/><D95/><U132/><E34/><V89/><F133/><W87/><G122/><T103/><D99/><U12/><E132/><V22/><F106/><W10/><G71/><T126/><D134/><U108/><E130/><V17/><F39/><W114/><G114/><T113/><D78/><U19/><E127/><V96/><F96/><W117/><G125/><T54/><D54/><U94/><E85/><V56/><F82/><W107/><G107/><T135/><D135/><U100/><E4/><V68/><F68/><W77/><G29/><T104/><D104/><U55/><E55/><V28/><F28/><W74/><G117/><T26/><D26/><AGARI ba="0,0" hai="17,21,22,24,26,30,42,45,51,56,58,83,86,89" machi="26" ten="30,7700,0" yaku="7,1,8,1,52,2" doraHai="52" who="2" fromWho="0" sc="250,-77,276,0,250,77,224,0" /><INIT seed="2,0,0,3,2,14" ten="173,276,327,224" oya="2" hai0="111,125,18,42,83,63,61,99,0,79,91,21,4" hai1="1,16,45,106,24,117,44,101,34,82,113,80,102" hai2="19,129,93,92,3,39,36,64,119,78,86,10,29" hai3="103,53,57,116,109,96,132,77,112,75,11,58,55"/><V90/><F119/><W121/><G116/><T12/><D111/><U8/><E113/><V35/><F129/><W38/><G38/><T65/><D125/><U59/><E117/><V30/><F64/><W43/><G43/><T128/><D128/><U88/><E34/><V124/><F124/><W108/><G121/><T69/><D61/><U22/><E59/><N who="3" m="22538" /><G132/><T67/><D67/><U118/><E118/><V110/><F110/><N who="3" m="42603" /><G112/><T54/><D42/><U40/><E44/><V26/><F30/><W17/><G77/><T89/><D54/><N who="3" m="20489" /><G75/><T115/><D115/><U32/><E32/><V47/><F47/><W97/><G103/><T48/><D48/><U31/><E102/><V100/><F78/><W60/><G60/><T73/><REACH who="0" step="1"/><D99/><REACH who="0" ten="163,276,327,224" step="2"/><N who="3" m="37961" /><G11/><AGARI ba="0,1" hai="0,4,11,12,18,21,63,65,69,73,79,83,89,91" machi="11" ten="40,5200,0" yaku="1,1,52,1,53,1" doraHai="14" doraHaiUra="105" who="0" fromWho="3" sc="163,62,276,0,327,0,224,-52" /><INIT seed="3,0,0,5,2,132" ten="225,276,327,172" oya="3" hai0="99,18,15,100,129,37,105,101,133,111,131,28,93" hai1="91,67,80,60,43,81,46,127,52,104,6,25,21" hai2="24,82,90,27,73,62,48,85,135,112,96,55,83" hai3="57,98,11,30,86,0,40,26,74,118,78,2,126"/><W63/><G118/><T3/><D3/><U79/><E127/><V123/><F112/><W38/><G86/><T51/><D37/><U61/><E104/><V110/><F110/><W31/><G98/><N who="0" m="61591" /><D28/><U116/><E6/><V8/><F123/><W88/><G88/><T103/><D51/><N who="1" m="27103" /><E79/><N who="2" m="46303" /><F73/><W14/><G126/><T87/><D87/><N who="1" m="50663" /><E116/><V121/><F121/><W35/><G31/><T42/><D42/><U120/><E67/><V33/><F33/><W124/><G124/><T115/><D133/><U69/><E69/><V56/><F135/><W70/><G70/><T122/><D122/><U128/><E128/><N who="0" m="49225" /><D111/><U59/><E81/><V66/><F8/><W13/><G78/><T77/><D77/><U47/><E47/><N who="2" m="28063" /><F83/><W117/><G74/><T119/><D119/><U114/><E114/><V50/><F50/><W39/><G117/><T97/><D115/><U65/><E65/><V23/><F23/><W75/><G75/><T1/><D1/><N who="3" m="617" /><G40/><T113/><D113/><U89/><E89/><V102/><F102/><N who="0" m="38922" /><D93/><AGARI ba="0,0" hai="24,27,56,62,66,90,93,96" m="28063,46303" machi="93" ten="30,1000,0" yaku="8,1" doraHai="132" who="2" fromWho="0" sc="225,-10,276,0,327,10,172,0" owari="215,-18.5,276,7.6,337,43.7,172,-32.8" /></mjloggm>