<mjloggm ver="2.3"><GO type="225" lobby="0"/><UN n0="%E3%83%A9%E3%82%B9%E7%8E%87%EF%BC%93%E5%89%B2" n1="%E3%81%A8%E3%82%93%E3%81%A8%E3%82%8D%E3%81%98" n2="%E4%B8%96%E7%95%8C%E3%81%AE%E4%BA%80%E4%BA%95" n3="%EF%BC%AE%EF%BC%A1%EF%BC%AF%33%33%39" dan="17,16,17,16" rate="2206.75,2238.53,2172.01,2125.74" sx="F,F,M,M"/><TAIKYOKU oya="0"/><INIT seed="0,0,0,3,1,128" ten="250,250,250,250" oya="0" hai0="8,69,88,103,51,112,105,126,40,20,24,9,119" hai1="70,100,5,104,35,101,43,34,91,127,64,83,50" hai2="27,99,81,38,86,14,85,133,15,12,68,76,1" hai3="108,36,63,22,60,33,0,26,18,21,25,57,84"/><T93/><D112/><U56/><E127/><V110/><F110/><W37/><G0/><T53/><D119/><U52/><E5/><V114/><F114/><W16/><G33/><T94/><D69/><U74/><E43/><V97/><F38/><W58/><REACH who="3" step="1"/><G84/><REACH who="3" ten="250,250,250,240" step="2"/><N who="0" m="52359" /><D126/><U122/><E34/><V120/><F1/><W123/><G123/><T98/><D105/><U32/><E35/><V7/><F120/><W29/><G29/><N who="0" m="17543" /><D40/><U31/><E31/><V17/><F86/><W23/><G23/><T30/><D30/><U72/><E32/><V132/><F68/><W75/><G75/><T102/><D102/><U4/><E101/><V13/><F7/><W3/><G3/><T89/><D103/><U82/><E100/><V6/><F6/><W11/><G11/><T71/><D71/><U117/><E4/><V106/><F106/><W129/><G129/><T111/><D111/><AGARI ba="0,1" hai="16,18,21,22,25,26,36,37,57,58,60,63,108,111" machi="111" ten="25,6400,0" yaku="1,1,22,2,54,1,53,0" doraHai="128" doraHaiUra="28" who="3" fromWho="0" sc="250,-64,250,0,250,0,240,74" /><INIT seed="1,0,0,0,1,64" ten="186,250,250,314" oya="1" hai0="24,73,69,48,90,134,101,54,99,26,76,87,50" hai1="68,126,41,28,70,52,1,118,96,89,82,6,93" hai2="113,107,81,22,116,132,20,60,45,47,86,117,88" hai3="56,10,17,7,102,8,111,95,23,79,27,78,63"/><U135/><E118/><V72/><F132/><W46/><G111/><T110/><D110/><U97/><E135/><V2/><F2/><W58/><G46/><T15/><D134/><U84/><E126/><V100/><F113/><W66/><G58/><T40/><D40/><U129/><E129/><V16/><F72/><W71/><G71/><T31/><D50/><U119/><E119/><V127/><F127/><W115/><G115/><T131/><D131/><U125/><E125/><V37/><F22/><W130/><G130/><T39/><D39/><U124/><E124/><V18/><F18/><W30/><G17/><T94/><D15/><U4/><E41/><V121/><F121/><W85/><G85/><T49/><D49/><U19/><E28/><V108/><F108/><W53/><G53/><T3/><D3/><U83/><E19/><V112/><F112/><W42/><G42/><T38/><D38/><U43/><E43/><V62/><F37/><W13/><G8/><T128/><D69/><U109/><E1/><V123/><F123/><W11/><G10/><T0/><D0/><U5/><E109/><V34/><F34/><W106/><G106/><N who="0" m="63807" /><D31/><U74/><E52/><V98/><F116/><W29/><G29/><T59/><D128/><U80/><E74/><V44/><REACH who="2" step="1"/><F117/><REACH who="2" ten="186,250,240,314" step="2"/><W91/><G23/><T55/><D55/><U104/><REACH who="1" step="1"/><E96/><REACH who="1" ten="186,240,240,314" step="2"/><V36/><F36/><W122/><G122/><T35/><D35/><U105/><E105/><V9/><F9/><W114/><G11/><T77/><D73/><U67/><E67/><V75/><F75/><W25/><G66/><RYUUKYOKU ba="0,2" sc="186,10,240,10,240,10,314,-30" hai0="24,26,48,54,59,76,77,87,90,94" hai1="4,5,6,68,70,80,82,83,84,89,93,97,104" hai2="16,20,44,45,47,60,62,81,86,88,98,100,107" /><INIT seed="1,1,2,3,0,58" ten="196,250,250,284" oya="1" hai0="51,48,118,30,33,121,120,7,84,67,109,106,97" hai1="22,74,61,134,38,34,123,45,53,100,91,111,42" hai2="96,0,36,4,52,55,110,47,127,54,2,71,44" hai3="24,117,66,103,122,87,27,101,46,80,126,129,119"/><U65/><E123/><N who="0" m="47177" /><D118/><N who="3" m="45065" /><G122/><T70/><D109/><U23/><E34/><V104/><F110/><W56/><G46/><T59/><D7/><U86/><E111/><V132/><F127/><W35/><G126/><T63/><D84/><U83/><E134/><V125/><F125/><W128/><G56/><T15/><D15/><U131/><E131/><N who="3" m="50250" /><G66/><T25/><D59/><U14/><E74/><V92/><F71/><W11/><G11/><T13/><D13/><U32/><E32/><V5/><F132/><W1/><G1/><T31/><D31/><U102/><E53/><V90/><F36/><W133/><G133/><T9/><D9/><U76/><E76/><V28/><F0/><W6/><G6/><T8/><D8/><U57/><REACH who="1" step="1"/><E14/><REACH who="1" ten="196,240,250,284" step="2"/><V108/><F2/><W41/><G41/><T79/><D79/><U20/><AGARI ba="1,3" hai="20,22,23,38,42,45,57,61,65,83,86,91,100,102" machi="20" ten="30,11700,0" yaku="1,1,2,1,0,1,52,1,53,0" doraHai="58" doraHaiUra="10" who="1" fromWho="1" sc="196,-40,240,150,250,-40,284,-40" /><INIT seed="1,2,0,2,3,63" ten="156,390,210,244" oya="1" hai0="34,68,109,12,10,53,110,51,130,113,104,122,123" hai1="70,121,83,112,28,74,97,1,115,76,131,15,5" hai2="72,96,106,16,86,35,75,30,125,91,134,20,126" hai3="82,23,45,105,13,46,114,62,27,64,67,59,4"/><U58/><E121/><N who="0" m="46089" /><D104/><U87/><E70/><V111/><F111/><N who="0" m="42506" /><D34/><U21/><E131/><V119/><F119/><W127/><G114/><T57/><D68/><U54/><E97/><V120/><F120/><W25/><G105/><T26/><D26/><N who="3" m="9737" /><G127/><N who="2" m="48649" /><F30/><W66/><G82/><T6/><D113/><U2/><E83/><N who="2" m="49631" /><F35/><W48/><G23/><T60/><D51/><U14/><E21/><V93/><F134/><W9/><G48/><T7/><D7/><U61/><E5/><V0/><F0/><W117/><G117/><T19/><D6/><U132/><E1/><V31/><F31/><W99/><G99/><T40/><D40/><U108/><E28/><V118/><F118/><W41/><G41/><T47/><D47/><AGARI ba="2,0" hai="4,9,13,45,46,47,59,62,64,66,67" m="9737" machi="47" ten="30,7700,0" yaku="8,1,52,3" doraHai="63" who="3" fromWho="0" sc="156,-83,390,0,210,0,244,83" /><INIT seed="2,0,0,0,5,48" ten="73,390,210,327" oya="2" hai0="126,34,12,11,36,134,76,31,30,72,104,115,71" hai1="98,1,114,25,38,109,83,99,47,74,79,4,24" hai2="13,131,123,59,125,121,102,130,42,44,105,85,106" hai3="135,118,62,8,66,69,7,110,119,132,0,49,14"/><V27/><F13/><W111/><G14/><T87/><D72/><U41/><E109/><N who="3" m="41482" /><G49/><T43/><D71/><U35/><E114/><V128/><F125/><W57/><G57/><T40/><D104/><N who="2" m="40042" /><F102/><W58/><G58/><T75/><D75/><U32/><E25/><V113/><F113/><W26/><G26/><T3/><D3/><U10/><E24/><V103/><F103/><W63/><G63/><T88/><D34/><AGARI ba="0,0" hai="1,4,10,32,34,35,38,41,47,74,79,83,98,99" machi="34" ten="40,2600,0" yaku="25,2" doraHai="48" who="1" fromWho="0" sc="73,-26,390,26,210,0,327,0" /><INIT seed="3,0,0,4,3,64" ten="47,416,210,327" oya="3" hai0="0,105,107,96,37,20,113,132,71,50,46,115,29" hai1="49,88,51,11,62,47,34,95,94,61,9,90,68" hai2="13,111,44,109,35,116,89,86,65,15,42,1,63" hai3="133,52,98,99,102,79,54,134,77,56,8,66,124"/><W82/><G8/><T67/><D20/><U127/><E68/><V69/><F116/><W73/><G79/><T72/><D29/><U118/><E118/><V119/><F119/><W83/><G83/><T53/><D96/><U114/><E47/><V58/><F35/><W93/><G124/><T84/><D84/><U10/><E10/><V135/><F1/><W19/><G19/><T123/><D72/><U43/><E114/><V120/><F120/><W125/><G125/><T33/><D33/><U55/><E127/><V122/><F122/><W27/><G27/><T74/><D74/><U45/><E45/><V40/><F135/><N who="3" m="51723" /><G99/><T24/><D24/><U75/><E75/><V14/><F58/><W22/><G22/><T25/><D25/><U36/><E34/><V76/><F76/><W87/><G73/><T48/><D132/><U112/><E95/><V81/><REACH who="2" step="1"/><F44/><REACH who="2" ten="47,416,200,327" step="2"/><W41/><G41/><AGARI ba="0,1" hai="13,14,15,40,41,42,63,65,69,81,86,89,109,111" machi="41" ten="40,5200,0" yaku="1,1,2,1,52,1,53,0" doraHai="64" doraHaiUra="2" who="2" fromWho="3" sc="47,0,416,0,200,62,327,-52" owari="47,-45.3,416,51.6,262,-13.8,275,7.5" /></mjloggm>