<mjloggm ver="2.3"><GO type="225" lobby="0"/><UN n0="%E4%B8%AD%E5%B9%B4%E3%81%AE%E5%8D%B1%E6%A9%9F" n1="%E5%B8%86%E7%AB%8B%E5%A4%8F%E8%A1%A3" n2="%E6%A1%9C%E8%8A%B1%E9%96%83%E3%80%85" n3="%E5%91%A8%E6%9D%B1" dan="16,17,16,17" rate="2125.42,2169.27,2135.48,2223.95" sx="M,M,M,M"/><TAIKYOKU oya="0"/><INIT seed="0,0,0,1,5,60" ten="250,250,250,250" oya="0" hai0="64,8,24,97,58,66,57,113,0,87,130,82,34" hai1="80,18,26,6,91,108,56,116,81,133,19,104,9" hai2="105,119,51,71,32,67,93,68,5,125,52,85,22" hai3="46,74,111,37,54,50,7,39,29,110,77,90,44"/><T122/><D113/><U63/><E104/><V17/><F105/><W53/><G29/><T115/><D115/><U96/><E116/><V15/><F119/><W35/><G7/><T95/><D122/><U43/><E43/><V61/><F125/><W33/><G77/><T118/><D118/><U79/><E108/><N who="3" m="41514" /><G90/><N who="0" m="51575" /><D0/><U101/><E133/><V38/><F38/><N who="3" m="14347" /><G74/><T30/><D34/><N who="3" m="12809" /><G50/><T98/><D130/><U12/><E101/><V40/><F32/><W131/><G131/><T117/><D117/><U103/><E103/><V20/><F40/><W45/><AGARI ba="0,0" hai="44,45,46,53,54" m="12809,14347,41514" machi="45" ten="40,5200,0" yaku="28,2,14,1" doraHai="60" who="3" fromWho="3" sc="250,-26,250,-13,250,-13,250,52" /><INIT seed="1,0,0,5,2,32" ten="224,237,237,302" oya="1" hai0="3,42,50,91,31,25,111,11,79,119,112,56,83" hai1="9,52,121,38,17,54,103,27,101,123,99,41,16" hai2="2,19,70,104,1,93,44,105,59,53,120,73,36" hai3="7,81,106,18,72,8,134,86,58,76,98,15,61"/><U22/><E38/><V88/><F120/><W107/><G134/><T114/><D119/><U40/><E123/><V23/><F70/><W80/><G98/><T126/><D111/><U109/><E121/><V6/><F73/><W55/><REACH who="3" step="1"/><G18/><REACH who="3" ten="224,237,237,292" step="2"/><T48/><D114/><U12/><E109/><V62/><F105/><W43/><G43/><N who="1" m="16458" /><E99/><N who="2" m="57767" /><F104/><W135/><G135/><T100/><D112/><U33/><E33/><V66/><F36/><W64/><G64/><T85/><D42/><U90/><E90/><AGARI ba="0,1" hai="7,8,15,55,58,61,72,76,80,81,86,90,106,107" machi="90" ten="30,2000,0" yaku="1,1,7,1,53,0" doraHai="32" doraHaiUra="20" who="3" fromWho="1" sc="224,0,237,-20,237,0,292,30" /><INIT seed="2,0,0,5,5,86" ten="224,217,237,322" oya="2" hai0="4,65,55,126,49,112,61,69,85,12,124,96,20" hai1="104,67,98,123,63,3,25,116,135,88,97,58,72" hai2="115,21,78,92,27,59,24,60,121,74,76,93,109" hai3="1,14,53,71,15,134,8,87,77,128,70,51,28"/><V18/><F115/><W45/><G1/><T106/><D112/><U47/><E116/><V40/><F121/><W43/><G128/><T36/><D36/><U129/><E72/><V39/><F109/><W0/><G0/><T108/><D108/><U127/><E3/><V120/><F120/><W83/><G134/><T91/><D106/><U54/><E123/><V31/><F40/><W107/><G107/><T13/><D96/><U80/><E127/><N who="0" m="48681" /><D4/><U46/><E135/><V131/><F39/><W114/><G114/><T57/><D20/><U42/><E129/><V130/><F130/><W62/><G28/><T52/><D55/><U90/><E104/><V101/><F131/><W64/><G15/><T32/><D32/><U33/><E33/><V122/><F122/><W73/><G73/><T23/><D23/><U35/><E35/><V41/><F41/><W6/><G53/><T26/><D26/><U110/><E25/><V75/><F75/><W5/><G5/><T37/><D37/><U66/><E110/><V133/><F133/><W22/><G22/><T29/><D29/><U2/><E2/><V38/><F38/><W44/><G44/><N who="1" m="16938" /><E42/><V48/><F74/><W50/><G50/><T102/><D102/><U34/><E34/><N who="2" m="20839" /><F48/><W81/><G81/><AGARI ba="0,0" hai="12,13,49,52,57,61,65,69,81,85,91" m="48681" machi="81" ten="30,3900,0" yaku="18,1,52,1,54,1" doraHai="86" who="0" fromWho="3" sc="224,39,217,0,237,0,322,-39" /><INIT seed="3,0,0,1,4,50" ten="263,217,237,283" oya="3" hai0="74,58,131,84,66,20,14,78,79,92,93,57,101" hai1="87,77,36,23,103,52,28,76,100,105,59,49,90" hai2="109,71,1,33,68,128,98,11,107,124,86,130,127" hai3="5,116,9,95,12,129,70,115,15,111,38,2,45"/><W10/><G116/><T42/><D74/><U47/><E105/><V102/><F33/><W121/><G115/><T108/><D108/><U51/><E36/><V41/><F41/><W104/><G104/><T118/><D118/><U110/><E110/><V82/><F109/><W44/><G70/><N who="2" m="26665" /><F11/><W6/><G38/><T112/><D42/><N who="1" m="24823" /><E28/><V17/><F17/><W34/><G34/><T30/><D131/><N who="2" m="50218" /><F1/><W35/><G35/><T39/><D39/><U81/><E23/><V46/><F46/><N who="3" m="18027" /><G2/><T22/><D112/><U94/><E77/><AGARI ba="0,0" hai="77,82,86,98,102,107,124,127" m="50218,26665" machi="77" ten="30,1000,0" yaku="19,1" doraHai="50" who="2" fromWho="1" sc="263,0,217,-10,237,10,283,0" /><INIT seed="4,0,0,1,0,12" ten="263,207,247,283" oya="0" hai0="27,42,16,107,1,118,45,80,127,56,120,32,79" hai1="17,37,74,109,22,121,95,90,41,11,28,20,51" hai2="64,68,97,115,77,111,0,39,46,60,108,49,47" hai3="50,26,57,93,96,126,130,2,66,103,123,10,125"/><T100/><D118/><U75/><E37/><V65/><F0/><W3/><G130/><T87/><D120/><U102/><E121/><V84/><F97/><W13/><G26/><T23/><D1/><U58/><E109/><V21/><F21/><N who="1" m="8297" /><E75/><V71/><F84/><W48/><G123/><T38/><D127/><N who="3" m="48649" /><G50/><T30/><D56/><U135/><E74/><V81/><F81/><W62/><G48/><T35/><REACH who="0" step="1"/><D30/><REACH who="0" ten="253,207,247,283" step="2"/><U99/><E28/><V40/><F111/><W78/><G78/><T76/><D76/><U7/><E135/><V129/><F77/><W59/><G59/><T131/><D131/><U104/><E58/><V43/><F108/><W72/><G72/><T53/><D53/><U14/><E41/><N who="2" m="22847" /><F129/><W44/><G44/><T4/><D4/><AGARI ba="0,1" hai="2,3,4,10,13,57,62,66,93,96,103" m="48649" machi="4" ten="30,1000,0" yaku="18,1" doraHai="12" who="3" fromWho="0" sc="253,-10,207,0,247,0,283,20" owari="243,-15.7,207,-29.3,247,4.7,303,40.3" /></mjloggm>