<mjloggm ver="2.3"><GO type="225" lobby="0"/><UN n0="%E5%91%A8%E6%9D%B1" n1="%E3%83%96%E3%83%83%E3%83%91%E3%82%AA%E3%83%96%E3%83%81%E3%82%AD%E3%83%B3" n2="%E3%81%90%E3%81%A1%E3%82%84%E3%81%BE" n3="%79%75%72%69%6D%6F%67" dan="17,16,16,16" rate="2155.74,2158.63,2139.42,2151.12" sx="M,M,M,F"/><TAIKYOKU oya="0"/><INIT seed="0,0,0,4,0,123" ten="250,250,250,250" oya="0" hai0="88,97,73,34,127,36,7,56,96,114,101,100,72" hai1="69,66,89,52,86,3,107,98,45,39,74,40,113" hai2="77,109,42,104,4,11,20,6,131,111,85,106,12" hai3="24,122,49,135,17,0,78,46,13,125,59,82,129"/><T30/><D36/><U121/><E121/><V51/><F131/><W90/><G0/><T91/><D7/><U119/><E119/><V81/><F20/><W50/><G129/><T25/><D114/><U8/><E113/><V105/><F4/><W84/><G135/><T71/><D71/><U61/><E74/><V1/><F1/><W117/><G125/><T126/><D56/><U58/><E3/><V64/><F64/><W102/><G122/><T133/><D25/><U55/><E8/><V38/><F38/><W47/><G102/><T76/><D30/><U62/><E107/><V103/><F103/><W118/><G59/><T63/><D63/><N who="1" m="40159" /><E89/><V110/><F105/><W79/><G24/><T115/><D34/><U22/><E22/><V31/><F31/><W27/><G27/><T70/><D70/><U108/><E86/><V112/><F112/><W23/><G118/><T120/><D115/><U87/><E87/><V99/><F99/><W18/><G18/><T16/><D16/><U65/><E98/><V57/><F57/><W60/><G60/><T35/><D35/><U92/><E92/><V37/><F37/><W41/><REACH who="3" step="1"/><G117/><REACH who="3" ten="250,250,250,240" step="2"/><T14/><D120/><U26/><E26/><V33/><F33/><W132/><G132/><T116/><D133/><U54/><E108/><V43/><F109/><W44/><G44/><T93/><D116/><U124/><E124/><N who="0" m="47657" /><D14/><U19/><E19/><V128/><F128/><W68/><G68/><AGARI ba="0,1" hai="39,40,45,52,54,55,58,61,62,65,68" m="40159" machi="68" ten="30,12000,2" yaku="35,5,54,1" doraHai="123" who="1" fromWho="3" sc="250,0,250,130,250,0,240,-120" /><INIT seed="1,0,0,0,5,133" ten="250,380,250,120" oya="1" hai0="9,95,121,130,15,25,38,89,23,85,32,1,27" hai1="45,112,78,56,80,61,36,107,68,50,98,20,119" hai2="116,91,35,60,18,66,108,16,57,29,28,51,125" hai3="81,44,39,94,3,73,104,96,88,42,82,53,101"/><U5/><E112/><V123/><F116/><W63/><G3/><T70/><D70/><U62/><E119/><V132/><F123/><W7/><G7/><T49/><D38/><U26/><E36/><V64/><F132/><W83/><G73/><T105/><D105/><U131/><E131/><V87/><F108/><W17/><G17/><N who="2" m="6761" /><F35/><W75/><G75/><T52/><D1/><U40/><E68/><V2/><F2/><W10/><G10/><T12/><D121/><U6/><E107/><V135/><F135/><W113/><G113/><T47/><D130/><U71/><E98/><V102/><F102/><W126/><G126/><T30/><REACH who="0" step="1"/><D9/><REACH who="0" ten="240,380,250,120" step="2"/><U106/><E71/><V86/><F125/><W13/><G13/><T54/><D54/><U21/><E106/><V72/><F72/><W74/><G74/><T8/><D8/><U14/><E14/><V120/><F120/><W67/><G53/><T90/><D90/><U41/><E41/><V97/><F66/><W11/><G11/><T124/><D124/><U31/><E40/><V84/><F51/><W33/><G33/><T19/><AGARI ba="0,1" hai="12,15,19,23,25,27,30,32,47,49,52,85,89,95" machi="19" ten="20,5200,0" yaku="1,1,0,1,7,1,54,1,53,0" doraHai="133" doraHaiUra="103" who="0" fromWho="0" sc="240,62,380,-26,250,-13,120,-13" /><INIT seed="2,0,0,2,2,63" ten="302,354,237,107" oya="2" hai0="40,103,45,31,11,12,60,30,95,36,87,111,99" hai1="83,124,82,28,94,41,125,89,123,55,134,107,113" hai2="48,53,24,132,33,104,46,9,52,80,127,1,54" hai3="88,114,105,108,26,81,2,34,17,22,86,64,51"/><V131/><F104/><W96/><G108/><T106/><D111/><U122/><E107/><V21/><F127/><N who="1" m="48713" /><E41/><V73/><F131/><W65/><G114/><T16/><REACH who="0" step="1"/><D60/><REACH who="0" ten="292,354,237,107" step="2"/><U75/><E113/><V116/><F132/><W97/><G2/><T39/><D39/><U29/><E134/><V84/><F116/><W7/><G34/><T109/><D109/><U91/><E123/><V3/><F33/><W27/><G7/><T90/><AGARI ba="0,1" hai="11,12,16,30,31,36,40,45,87,90,95,99,103,106" machi="90" ten="30,7900,0" yaku="1,1,0,1,54,1,53,1" doraHai="63" doraHaiUra="8" who="0" fromWho="0" sc="292,89,354,-20,237,-39,107,-20" /><INIT seed="3,0,0,5,1,97" ten="381,334,198,87" oya="3" hai0="30,33,99,135,53,63,115,110,9,74,131,24,91" hai1="17,16,103,92,72,28,134,47,50,61,69,104,94" hai2="12,23,113,87,84,100,57,77,3,55,60,13,2" hai3="133,56,19,18,118,54,124,58,21,36,102,132,121"/><W67/><G118/><T81/><D110/><U129/><E72/><V73/><F113/><W83/><G121/><T82/><D115/><U35/><E134/><N who="3" m="51818" /><G36/><T65/><D74/><U42/><E129/><V64/><F2/><W116/><G116/><T98/><D135/><U111/><E111/><V130/><F3/><W123/><G123/><T32/><D32/><U85/><E85/><V43/><F130/><W6/><G6/><T89/><D53/><U108/><E108/><V4/><F4/><W68/><G68/><T78/><D9/><U96/><E94/><V34/><F34/><W62/><G124/><T11/><D11/><U120/><E92/><V128/><F128/><W0/><G0/><T14/><D14/><U88/><E88/><V40/><F12/><W70/><G83/><T80/><D131/><U66/><E120/><V1/><F13/><W117/><G117/><T79/><D79/><U29/><E29/><V49/><F1/><W127/><G127/><T5/><D78/><U52/><E42/><V15/><F15/><N who="3" m="9439" /><G19/><T101/><D5/><U44/><E44/><V27/><F73/><W93/><G54/><T119/><D119/><U38/><E38/><V25/><F55/><W8/><G8/><T59/><REACH who="0" step="1"/><D98/><AGARI ba="0,0" hai="56,58,62,67,70,93,98,102" m="9439,51818" machi="98" ten="30,2900,0" yaku="20,1,52,1" doraHai="97" who="3" fromWho="0" sc="381,-29,334,0,198,0,87,29" /><INIT seed="3,1,0,3,4,25" ten="352,334,198,116" oya="3" hai0="34,88,118,102,44,127,107,100,132,98,10,2,114" hai1="135,53,90,41,66,71,13,89,8,0,39,28,65" hai2="130,85,77,1,63,11,43,72,110,111,23,80,116" hai3="29,67,15,82,117,36,122,84,68,93,56,112,38"/><W31/><G112/><T87/><D34/><U119/><E0/><V58/><F116/><W104/><G117/><T131/><D118/><U47/><E119/><V14/><F130/><W69/><G104/><T99/><D131/><U7/><E135/><V50/><F1/><W48/><G38/><T5/><D132/><U27/><E53/><V115/><F23/><W106/><G36/><T109/><D109/><N who="2" m="41482" /><F115/><W16/><G106/><T73/><D73/><U81/><E71/><V12/><F72/><W64/><G122/><T24/><D114/><U52/><E52/><N who="2" m="34247" /><F11/><N who="3" m="6271" /><G93/><T3/><D3/><U128/><E128/><V129/><F129/><W70/><G70/><T121/><D121/><U30/><E30/><N who="3" m="11274" /><G69/><T42/><D107/><U57/><E57/><V125/><F125/><W96/><G96/><T79/><D99/><U20/><REACH who="1" step="1"/><E81/><REACH who="1" ten="352,324,198,116" step="2"/><V32/><F32/><W37/><G68/><T46/><D2/><U51/><E51/><V22/><F50/><W103/><G37/><T40/><D127/><U17/><E17/><V97/><F80/><W49/><G103/><T120/><D102/><U105/><E105/><V9/><F43/><W108/><G108/><T101/><D100/><U59/><E59/><V21/><F21/><W95/><G95/><T45/><D120/><U4/><E4/><V62/><F22/><W74/><G74/><T78/><D5/><U35/><E35/><V75/><F75/><W133/><G133/><T33/><D33/><U86/><E86/><V126/><F126/><W6/><G6/><T18/><D101/><U83/><E83/><V123/><F123/><RYUUKYOKU ba="1,1" sc="352,-10,324,30,198,-10,116,-10" hai1="7,8,13,20,27,28,39,41,47,65,66,89,90" owari="342,14.2,364,46.4,188,-21.2,106,-39.4" /></mjloggm>