<mjloggm ver="2.3"><GO type="225" lobby="0"/><UN n0="%E3%82%8C%E3%81%99%E3%81%93" n1="%E3%81%BF%E3%81%BF%E3%81%9A" n2="%72%69%6F%75%63%68%61%6E" n3="%E3%83%A9%E3%83%BC%E3%83%A1%E3%83%B3%E4%BA%94%E9%83%8E" dan="17,17,16,16" rate="2158.69,2182.11,2104.47,2081.46" sx="F,M,M,M"/><TAIKYOKU oya="0"/><INIT seed="0,0,0,1,0,35" ten="250,250,250,250" oya="0" hai0="62,88,46,57,121,29,13,113,106,45,55,42,93" hai1="115,49,127,41,120,119,89,44,61,70,112,65,103" hai2="10,1,130,20,26,135,43,33,21,8,125,16,2" hai3="132,77,47,40,117,126,37,58,15,114,59,9,17"/><T67/><D113/><N who="1" m="43595" /><E103/><V18/><F43/><W131/><G114/><T108/><D121/><U122/><E89/><V6/><F130/><W72/><G131/><T71/><D106/><U66/><E119/><V94/><F94/><W86/><G117/><T19/><D29/><U24/><E24/><N who="2" m="14343" /><F125/><W5/><G126/><T51/><D108/><U31/><E31/><N who="2" m="19703" /><F135/><W28/><G132/><T69/><D69/><U34/><E34/><V0/><F8/><W32/><G86/><T110/><D110/><U102/><E102/><V84/><F84/><W128/><G128/><T36/><D46/><U12/><E12/><AGARI ba="0,0" hai="0,1,2,6,10,12,18,21" m="19703,14343" machi="12" ten="30,16000,3" yaku="24,1,35,5,52,3,54,1" doraHai="35" who="2" fromWho="1" sc="250,0,250,-160,250,160,250,0" /><INIT seed="1,0,0,1,5,72" ten="250,90,410,250" oya="1" hai0="32,105,23,26,122,134,63,73,41,91,28,119,11" hai1="58,128,87,67,48,68,121,76,14,22,60,115,126" hai2="104,79,50,62,61,21,95,20,31,101,125,13,35" hai3="123,56,130,88,103,6,19,33,65,69,112,107,1"/><U109/><E121/><V66/><F125/><W70/><G123/><T7/><D119/><U52/><E115/><V29/><F104/><W84/><G112/><T74/><D122/><U38/><E126/><V135/><F135/><W5/><G33/><T90/><D134/><U17/><E128/><V8/><F35/><W113/><G113/><T25/><D105/><U114/><E114/><V75/><F50/><W64/><G130/><T111/><D111/><U120/><E120/><V15/><F79/><W34/><G34/><T54/><D41/><U51/><E109/><V124/><F75/><W4/><G1/><T85/><D63/><U80/><REACH who="1" step="1"/><E51/><REACH who="1" ten="250,80,410,250" step="2"/><V110/><F110/><W100/><G70/><T94/><D54/><U18/><E18/><N who="2" m="10319" /><F124/><W102/><G69/><T36/><D36/><AGARI ba="0,1" hai="14,17,22,36,38,48,52,58,60,67,68,76,80,87" machi="36" ten="40,12000,1" yaku="1,1,52,1,54,1,53,1" doraHai="72" doraHaiUra="45" who="1" fromWho="0" sc="250,-120,80,130,410,0,250,0" /><INIT seed="1,1,0,1,5,116" ten="130,210,410,250" oya="1" hai0="21,93,10,88,72,30,58,47,31,117,22,102,62" hai1="27,85,51,45,61,36,40,100,69,20,49,75,74" hai2="112,134,29,14,83,60,107,35,39,33,80,128,103" hai3="73,24,11,79,71,17,99,19,28,122,9,57,12"/><U37/><E100/><V77/><F39/><W98/><G71/><T86/><D117/><U111/><E36/><V66/><F128/><W94/><G73/><T121/><D72/><U90/><E49/><V3/><F3/><W101/><G79/><T5/><D121/><U124/><E124/><V96/><BYE who="1" /><F134/><UN n1="%E3%81%BF%E3%81%BF%E3%81%9A" /><W108/><G108/><T118/><D118/><U6/><E6/><V133/><F133/><W4/><G122/><T68/><D68/><U44/><E111/><V54/><F112/><W70/><G70/><T41/><D102/><U50/><E61/><V89/><F54/><W114/><G114/><T76/><D76/><U67/><E67/><V109/><F109/><W34/><G57/><T120/><D120/><U113/><E37/><V84/><F29/><W82/><G82/><T1/><D31/><U125/><E69/><V56/><F14/><W91/><REACH who="3" step="1"/><G11/><REACH who="3" ten="130,210,410,240" step="2"/><T92/><D30/><U52/><E113/><V32/><F32/><W18/><G18/><T123/><D123/><U126/><E125/><V65/><F66/><W15/><G15/><T13/><D1/><U23/><E126/><V129/><F129/><W131/><G131/><T43/><D93/><AGARI ba="1,1" hai="4,9,12,17,19,24,28,34,91,93,94,98,99,101" machi="93" ten="30,2000,0" yaku="1,1,7,1,53,0" doraHai="116" doraHaiUra="106" who="3" fromWho="0" sc="130,-23,210,0,410,0,240,33" /><INIT seed="2,0,0,5,5,82" ten="107,210,410,273" oya="2" hai0="69,85,13,45,99,88,23,132,9,57,47,105,33" hai1="65,93,51,122,115,96,44,118,7,114,67,64,87" hai2="119,16,10,55,104,27,40,127,28,53,30,41,77" hai3="84,52,79,92,73,89,103,125,133,90,134,78,95"/><V0/><F119/><W12/><G12/><T50/><D33/><U72/><E72/><V60/><F127/><W76/><G125/><T126/><D69/><U98/><E118/><V86/><F104/><W111/><G52/><N who="2" m="20041" /><F0/><W80/><G111/><T124/><D132/><N who="3" m="50793" /><G103/><T11/><D57/><U107/><E107/><V29/><F60/><W31/><G31/><T5/><D23/><U3/><E122/><V61/><F61/><W120/><G120/><T108/><D108/><U106/><E106/><V100/><F100/><W130/><G130/><T34/><D34/><U117/><E117/><V63/><F63/><W18/><G18/><T38/><D38/><U58/><E58/><V39/><F39/><W19/><G19/><T25/><D25/><U20/><E3/><V74/><F74/><W15/><G15/><T6/><D105/><U8/><E114/><V24/><F10/><W36/><G36/><T21/><D21/><U83/><E20/><N who="2" m="13319" /><F27/><W26/><G26/><T97/><D126/><U129/><E115/><V101/><F101/><W14/><G14/><N who="0" m="5423" /><D124/><U56/><E129/><V94/><F77/><W22/><G22/><T2/><D2/><U42/><E56/><V71/><F71/><W17/><G17/><T113/><D113/><U123/><E123/><V102/><F102/><W75/><G75/><T49/><D47/><U68/><E68/><V59/><F59/><W43/><G43/><N who="0" m="24895" /><D49/><U110/><E8/><V131/><F131/><W46/><G46/><T91/><D91/><AGARI ba="0,0" hai="28,29,30,40,41,86,91,94" m="13319,20041" machi="91" ten="30,11600,0" yaku="8,1,52,1,54,2" doraHai="82" who="2" fromWho="0" sc="107,-116,210,0,410,116,273,0" owari="-9,-50.9,210,-19.0,526,62.6,273,7.3" /></mjloggm>