<mjloggm ver="2.3"><GO type="225" lobby="0"/><UN n0="%E6%A1%9C%E6%B2%A2%E5%A2%A8" n1="%E7%AC%B9%E9%A4%85" n2="%33%74%72%65%65" n3="%E5%B6%BA%E4%B8%8A%E5%92%B2" dan="17,18,17,16" rate="2122.39,2213.15,2216.35,2129.98" sx="F,M,F,F"/><TAIKYOKU oya="0"/><INIT seed="0,0,0,4,0,25" ten="250,250,250,250" oya="0" hai0="72,100,107,132,41,125,23,12,92,110,86,33,29" hai1="45,75,78,96,61,94,22,8,130,73,62,9,51" hai2="67,11,32,81,131,5,109,26,47,13,65,19,108" hai3="77,14,82,55,35,119,124,76,113,39,71,53,134"/><T114/><D114/><U21/><E130/><V68/><F131/><W116/><G35/><T115/><D115/><U74/><E78/><V37/><F81/><W6/><G71/><T79/><D132/><U54/><E8/><V17/><F37/><W91/><G39/><T128/><D128/><U63/><REACH who="1" step="1"/><E9/><REACH who="1" ten="250,240,250,250" step="2"/><V44/><F11/><W10/><G77/><T24/><D79/><U90/><AGARI ba="0,1" hai="21,22,45,51,54,61,62,63,73,74,75,90,94,96" machi="90" ten="40,12000,2" yaku="1,1,2,1,0,1,53,3" doraHai="25" doraHaiUra="57" who="1" fromWho="1" sc="250,-60,240,130,250,-30,250,-30" /><INIT seed="1,0,0,1,4,122" ten="190,370,220,220" oya="1" hai0="73,76,132,120,125,78,121,15,7,10,51,6,109" hai1="90,62,48,66,96,85,53,26,75,32,13,22,86" hai2="19,49,41,39,83,91,4,113,97,100,40,87,23" hai3="128,80,84,14,99,108,117,43,33,95,81,18,65"/><U47/><E75/><V46/><F113/><W74/><G33/><T1/><D132/><U116/><E116/><V77/><F4/><W67/><G117/><T35/><D35/><U133/><E32/><V63/><F63/><W82/><G128/><T3/><D125/><U8/><E96/><V56/><F56/><W54/><G74/><T17/><D51/><U111/><E133/><V44/><F77/><W25/><G43/><T103/><D103/><U69/><E90/><V5/><F5/><N who="0" m="1546" /><D73/><U20/><E20/><V24/><F97/><W9/><G25/><T64/><D64/><N who="3" m="24649" /><G108/><T29/><D78/><U42/><E111/><V30/><REACH who="2" step="1"/><F100/><REACH who="2" ten="190,370,210,220" step="2"/><N who="3" m="60543" /><G54/><T114/><D76/><AGARI ba="0,1" hai="9,14,18,76,80,81,82,84" m="60543,24649" machi="76" ten="30,1000,0" yaku="8,1" doraHai="122" who="3" fromWho="0" sc="190,-10,370,0,210,0,220,20" /><INIT seed="2,0,0,5,4,89" ten="180,370,210,240" oya="2" hai0="85,2,6,53,93,112,24,70,125,96,100,21,126" hai1="61,104,82,63,20,72,106,132,94,27,68,32,34" hai2="107,35,84,12,116,110,29,95,80,98,65,30,8" hai3="44,99,120,5,129,69,127,13,115,83,9,51,73"/><V58/><F116/><W62/><G120/><T114/><D70/><U50/><E50/><V40/><F107/><W128/><G127/><N who="0" m="48651" /><D6/><U54/><E82/><V122/><F40/><W22/><G115/><N who="0" m="44075" /><D2/><U57/><E34/><V76/><F110/><W117/><G117/><T130/><D53/><U86/><E54/><V135/><F35/><W18/><G69/><T74/><D74/><U39/><E32/><V56/><F135/><W101/><G62/><T46/><D46/><U42/><E72/><V31/><F65/><W109/><G109/><T41/><D41/><U23/><E42/><V43/><F43/><W123/><G44/><T77/><D21/><U67/><E132/><V111/><F122/><W124/><G51/><T105/><D24/><U59/><E68/><V134/><F134/><W64/><G64/><T47/><D47/><U108/><E61/><V60/><F60/><W14/><G124/><T133/><D133/><U79/><E63/><V15/><F111/><W17/><G123/><T36/><D36/><U103/><E39/><V131/><F131/><N who="3" m="50251" /><G73/><T28/><D28/><U38/><E38/><V88/><F12/><W1/><G1/><T102/><D130/><U55/><E67/><V91/><F76/><W121/><G121/><T52/><D52/><U49/><E55/><V75/><F75/><W92/><G5/><AGARI ba="0,0" hai="5,8,15,29,30,31,56,58,80,84,88,91,95,98" machi="5" ten="40,7700,0" yaku="8,1,52,1,54,1" doraHai="89" who="2" fromWho="3" sc="180,0,370,0,210,77,240,-77" /><INIT seed="2,1,0,3,0,22" ten="180,370,287,163" oya="2" hai0="6,72,34,66,32,107,8,86,11,3,85,35,51" hai1="130,88,30,28,116,65,123,96,54,124,135,4,41" hai2="75,49,112,105,9,71,57,53,0,91,80,77,131" hai3="109,2,119,63,16,44,87,100,5,25,29,121,23"/><V113/><F131/><W76/><G119/><T98/><D72/><U67/><E116/><V45/><F105/><W99/><G121/><T101/><D66/><U93/><E130/><V97/><F71/><W106/><G109/><T94/><D11/><U21/><E123/><V1/><F1/><W102/><G102/><T134/><D134/><U59/><E135/><V82/><F0/><W95/><G63/><T18/><D18/><U90/><E124/><V74/><F9/><W17/><G44/><T33/><N who="0" m="8192" /><DORA hai="79" /><T117/><D117/><U12/><E41/><V110/><F110/><W126/><G126/><T92/><REACH who="0" step="1"/><D51/><REACH who="0" ten="170,370,287,163" step="2"/><U40/><E67/><V19/><F19/><N who="3" m="7243" /><G2/><T58/><D58/><U38/><E65/><V39/><F57/><W7/><G106/><T125/><D125/><U108/><E59/><V43/><F49/><W103/><G103/><T111/><D111/><U14/><E108/><V78/><F53/><W83/><AGARI ba="1,1" hai="5,7,23,25,29,76,83,87,95,99,100" m="7243" machi="83" ten="30,7900,0" yaku="8,1,52,2,54,1" doraHai="22,79" who="3" fromWho="3" sc="170,-21,370,-21,287,-40,163,92" /><INIT seed="3,0,0,2,3,63" ten="149,349,247,255" oya="3" hai0="93,28,57,126,46,60,88,135,10,5,105,0,39" hai1="53,108,25,30,19,7,90,20,35,97,112,120,24" hai2="47,134,107,129,73,42,41,33,102,122,125,83,128" hai3="1,31,50,38,98,116,119,49,34,118,81,104,51"/><W55/><G1/><T21/><D105/><U14/><E112/><V72/><F134/><W79/><G38/><T3/><D135/><U48/><E120/><V110/><F122/><W52/><G104/><T13/><D126/><U127/><E127/><V123/><F123/><W27/><REACH who="3" step="1"/><G98/><REACH who="3" ten="149,349,247,245" step="2"/><T85/><D0/><U67/><E97/><V2/><F107/><W45/><G45/><T96/><D39/><U94/><E108/><V44/><F47/><W65/><G65/><T84/><D46/><U6/><E67/><V68/><F44/><W124/><G124/><T71/><D71/><U111/><E111/><V78/><F110/><W106/><G106/><T8/><D28/><U109/><E109/><V43/><F68/><W75/><AGARI ba="0,1" hai="27,31,34,49,50,51,52,55,75,79,81,116,118,119" machi="75" ten="40,7800,0" yaku="1,1,0,1,54,1,53,0" doraHai="63" doraHaiUra="4" who="3" fromWho="3" sc="149,-26,349,-26,247,-26,245,88" owari="123,-37.7,323,12.3,221,-17.9,333,43.3" /></mjloggm>