<mjloggm ver="2.3"><GO type="225" lobby="0"/><UN n0="%E3%83%96%E3%83%83%E3%83%91%E3%82%AA%E3%83%96%E3%83%81%E3%82%AD%E3%83%B3" n1="%E3%83%A9%E3%82%B9%E7%8E%87%EF%BC%93%E5%89%B2" n2="%E3%81%AF%E3%82%88%E3%81%8A%E3%81%98%E3%81%95%E3%82%93" n3="%E6%98%93%E5%88%A9%E8%96%A9%E4%BC%AF" dan="16,17,16,17" rate="2231.09,2188.75,2202.74,2163.92" sx="M,F,M,F"/><TAIKYOKU oya="0"/><INIT seed="0,0,0,1,0,119" ten="250,250,250,250" oya="0" hai0="65,74,58,56,39,32,11,42,79,84,19,95,22" hai1="1,122,52,118,124,5,114,4,82,115,78,53,18" hai2="102,121,62,70,113,26,2,133,93,33,0,21,73" hai3="94,60,105,129,61,135,91,76,90,67,35,14,55"/><T16/><D32/><U126/><E118/><V72/><F113/><N who="1" m="43017" /><E18/><V66/><F133/><W77/><G105/><T108/><D74/><N who="1" m="43351" /><E122/><V103/><F33/><W31/><G129/><T120/><D120/><U36/><E36/><V15/><F121/><W98/><G135/><T130/><D130/><U85/><E85/><V127/><F127/><N who="1" m="48681" /><E1/><V20/><F0/><W8/><G91/><N who="0" m="53735" /><D39/><U83/><E83/><V46/><F2/><W96/><G96/><T12/><D108/><U101/><E101/><V107/><F73/><W132/><G132/><T6/><D79/><U80/><E80/><V51/><F72/><W106/><G106/><T68/><D68/><U104/><E104/><V29/><F107/><W128/><G128/><T57/><D42/><U63/><E63/><V110/><F110/><W100/><G100/><T123/><D123/><U71/><E71/><V116/><F116/><W99/><G99/><T54/><D65/><U47/><E47/><V81/><F81/><W49/><G61/><N who="0" m="35991" /><D6/><AGARI ba="0,0" hai="4,5,6,52,53" m="48681,43351,43017" machi="6" ten="30,3900,0" yaku="11,1,18,1,54,1" doraHai="119" who="1" fromWho="0" sc="250,-39,250,39,250,0,250,0" /><INIT seed="1,0,0,4,0,70" ten="211,289,250,250" oya="1" hai0="121,25,96,126,115,29,72,119,74,102,89,58,105" hai1="13,99,123,30,80,5,104,135,18,14,103,93,60" hai2="66,100,7,133,86,107,127,132,10,95,22,49,35" hai3="3,64,110,128,15,24,56,31,114,98,59,131,21"/><U73/><E123/><V41/><F35/><W67/><G114/><T71/><D121/><U109/><E135/><V12/><F107/><W45/><G3/><T91/><D115/><U77/><E30/><V112/><F112/><W94/><G110/><T108/><D119/><U65/><E109/><V120/><F120/><W85/><G85/><T8/><D108/><U42/><E5/><V125/><F66/><W106/><G106/><T97/><D126/><N who="2" m="48138" /><F22/><W78/><G78/><T101/><D71/><U11/><E14/><V19/><F19/><W68/><G45/><T17/><D58/><U44/><E60/><V1/><F1/><W0/><G0/><T55/><D55/><U34/><E65/><V118/><F118/><W53/><G15/><T84/><D17/><U122/><E122/><V47/><F100/><N who="3" m="60503" /><G68/><T39/><D8/><U37/><REACH who="1" step="1"/><E104/><REACH who="1" ten="211,279,250,250" step="2"/><V62/><F62/><N who="3" m="37959" /><G67/><T43/><D105/><U57/><E57/><V2/><F2/><W33/><G33/><AGARI ba="0,1" hai="11,13,18,33,34,37,42,44,73,77,80,93,99,103" machi="33" ten="40,3900,0" yaku="1,1,52,1,53,0" doraHai="70" doraHaiUra="61" who="1" fromWho="3" sc="211,0,279,49,250,0,250,-39" /><INIT seed="1,1,0,2,5,43" ten="211,328,250,211" oya="1" hai0="132,103,55,76,124,59,23,77,69,33,80,117,2" hai1="8,45,96,53,134,112,0,102,54,111,131,50,26" hai2="74,12,129,17,44,19,92,6,25,42,81,71,14" hai3="88,93,94,101,109,135,116,60,66,98,15,125,57"/><U82/><E112/><V119/><F119/><W114/><G116/><T104/><D117/><U91/><E131/><V35/><F71/><W52/><G114/><T89/><D33/><U62/><E134/><V85/><F129/><W1/><G1/><T122/><D132/><U47/><E111/><V65/><F65/><W46/><G135/><T110/><D110/><U7/><E26/><V13/><F6/><W9/><G109/><T36/><D69/><U67/><E91/><V16/><F74/><W51/><G125/><T58/><D124/><U5/><E82/><V100/><F35/><W75/><G75/><T84/><D122/><U128/><E7/><V28/><F92/><N who="3" m="56583" /><G101/><T64/><D2/><U29/><E29/><V34/><F100/><W99/><G99/><T39/><D104/><U86/><E86/><V70/><F70/><W37/><G37/><T106/><D36/><U3/><E3/><V10/><F10/><W32/><G32/><T56/><D39/><U38/><E38/><V97/><F97/><W130/><G130/><T72/><D106/><U105/><E128/><V24/><F24/><W20/><G20/><T87/><D72/><U78/><E78/><V73/><F73/><W118/><G118/><T22/><D103/><U61/><E67/><V115/><F115/><W108/><G108/><T49/><D64/><U40/><E40/><V95/><F95/><W31/><G31/><T68/><D68/><U121/><E121/><V126/><F126/><W123/><G123/><T79/><D87/><U41/><E41/><V48/><F85/><W18/><AGARI ba="1,0" hai="9,15,18,46,51,52,57,60,66,93,94" m="56583" machi="18" ten="30,8000,1" yaku="5,1,8,1,52,1,54,2" doraHai="43" who="3" fromWho="3" sc="211,-21,328,-41,250,-21,211,83" /><INIT seed="2,0,0,4,1,78" ten="190,287,229,294" oya="2" hai0="133,73,100,86,106,21,23,32,28,119,97,33,63" hai1="67,47,66,29,129,51,104,31,135,5,0,128,77" hai2="25,10,89,79,124,91,110,49,84,38,74,62,120" hai3="134,81,65,118,41,64,114,1,116,53,90,103,4"/><V15/><F120/><W12/><G1/><T6/><D73/><U20/><E104/><V75/><F38/><W2/><G2/><T58/><D133/><U59/><E135/><V82/><F124/><W48/><G41/><T113/><D113/><U11/><E77/><V108/><F25/><W60/><G103/><T95/><D119/><U105/><E105/><V56/><F49/><W132/><G114/><T117/><D117/><U80/><E80/><V19/><F75/><W9/><G65/><N who="1" m="24586" /><E20/><V27/><F27/><W8/><G8/><T71/><D71/><U83/><E83/><V107/><F107/><W50/><G50/><T39/><D39/><U72/><E59/><V115/><F115/><W125/><G125/><T98/><D86/><U112/><E72/><V42/><F42/><W43/><G43/><T123/><D123/><U52/><E112/><V68/><F68/><W111/><G134/><T24/><D6/><U102/><E102/><V76/><F79/><W130/><G132/><T131/><D33/><U109/><E109/><N who="2" m="42091" /><F74/><W35/><G111/><T94/><D106/><U34/><E34/><V36/><F36/><W88/><G35/><T46/><D46/><U122/><E122/><V70/><F70/><W127/><G127/><T13/><D13/><U96/><E96/><V44/><F44/><W22/><G12/><T54/><REACH who="0" step="1"/><D131/><AGARI ba="0,0" hai="0,5,11,29,31,47,51,52,128,129,131" m="24586" machi="131" ten="30,2000,0" yaku="19,1,54,1" doraHai="78" who="1" fromWho="0" sc="190,-20,287,20,229,0,294,0" /><INIT seed="3,0,0,0,2,69" ten="170,307,229,294" oya="3" hai0="27,76,15,73,9,120,46,61,88,95,132,2,6" hai1="67,36,81,70,101,65,72,56,102,71,110,91,60" hai2="35,107,94,103,54,11,51,45,135,134,123,25,13" hai3="26,131,32,112,122,68,79,55,44,86,133,85,80"/><W82/><G112/><T97/><D132/><N who="2" m="50730" /><F107/><W111/><G133/><T100/><D120/><U113/><E36/><V12/><F123/><W16/><G122/><T31/><D61/><U47/><E91/><V40/><F54/><W104/><G68/><T1/><D46/><U89/><E47/><V28/><F11/><W24/><G131/><T96/><D76/><U7/><E70/><V74/><F74/><W0/><G0/><T62/><D62/><U83/><E71/><V50/><F51/><N who="3" m="29159" /><G32/><T21/><REACH who="0" step="1"/><D73/><REACH who="0" ten="160,307,229,294" step="2"/><U17/><E72/><V90/><F103/><W93/><G79/><T39/><D39/><U19/><E101/><V125/><F125/><W49/><G49/><T64/><D64/><U66/><E102/><V108/><F108/><W52/><G111/><T30/><D30/><U41/><E110/><V59/><F59/><W126/><G126/><T23/><D23/><U127/><E127/><V33/><F35/><W77/><G77/><T78/><D78/><U10/><E66/><V130/><F130/><W124/><G124/><T5/><D5/><U3/><E65/><V109/><F109/><W116/><G52/><T43/><D43/><U34/><E41/><V37/><F50/><W42/><G42/><T29/><D29/><U87/><E34/><V75/><F75/><W22/><G22/><T118/><D118/><U106/><E67/><V18/><F18/><W20/><G20/><T99/><D99/><AGARI ba="0,1" hai="12,13,25,28,33,37,40,45,90,94,99" m="50730" machi="99" ten="30,2000,0" yaku="20,1,52,1" doraHai="69" who="2" fromWho="0" sc="160,-20,307,0,229,30,294,0" owari="140,-36.0,307,40.7,259,-14.1,294,9.4" /></mjloggm>