<mjloggm ver="2.3"><GO type="225" lobby="0"/><UN n0="%E5%8D%A0%E3%81%84%E5%B8%AB%E8%A3%8F%E3%81%AA%E3%81%84%E3%81%97" n1="%E3%82%AF%E3%82%A3%E3%82%A6" n2="%E5%A4%8F%E9%88%B4%E9%88%B4%E5%A4%8F" n3="%E7%AB%8B%E7%9B%B4%E5%A5%BD%E6%A3%92%40%E5%BF%98" dan="17,16,16,17" rate="2216.95,2085.79,2101.33,2152.31" sx="M,M,F,M"/><TAIKYOKU oya="0"/><INIT seed="0,0,0,5,0,24" ten="250,250,250,250" oya="0" hai0="58,17,98,81,71,85,82,55,111,59,90,3,13" hai1="31,69,112,120,102,128,5,76,47,20,91,29,21" hai2="30,134,16,46,60,7,80,79,77,133,50,118,115" hai3="56,70,26,11,33,37,49,28,135,23,8,127,35"/><T51/><D71/><U61/><E120/><V57/><F115/><W27/><G70/><T123/><D3/><U72/><E102/><V101/><F7/><W14/><G37/><T97/><D123/><U68/><E5/><V116/><F101/><W117/><G117/><N who="2" m="45161" /><F16/><N who="3" m="12647" /><G56/><T78/><D111/><U92/><E47/><V10/><F10/><N who="3" m="3627" /><G49/><T43/><D43/><U84/><E128/><V122/><F30/><N who="1" m="11273" /><E72/><N who="2" m="43047" /><F79/><W54/><G54/><T93/><D58/><U107/><E107/><V131/><F131/><W4/><G127/><T108/><D108/><U34/><E34/><V106/><F106/><W42/><G42/><T38/><D38/><U87/><E69/><V32/><F32/><N who="3" m="20511" /><G135/><T121/><D121/><U86/><E112/><V119/><N who="2" m="45169" /><V129/><DORA hai="18" /><F129/><W44/><G44/><T113/><D113/><U100/><E68/><V45/><F122/><W64/><G64/><T73/><REACH who="0" step="1"/><D82/><REACH who="0" ten="240,250,250,250" step="2"/><N who="1" m="47175" /><E61/><V109/><F134/><W104/><G104/><T130/><D130/><U83/><E100/><V15/><F133/><W89/><G89/><AGARI ba="0,1" hai="20,21,83,86,87,89,91,92" m="47175,11273" machi="89" ten="30,12000,2" yaku="8,1,52,5" doraHai="24,18" who="1" fromWho="3" sc="240,0,250,130,250,0,250,-120" /><INIT seed="1,0,0,0,0,94" ten="240,380,250,130" oya="1" hai0="117,73,20,133,122,42,9,104,96,61,100,70,56" hai1="106,10,21,65,97,23,129,60,68,76,15,85,46" hai2="27,75,118,116,25,18,105,113,41,44,78,90,111" hai3="125,91,126,95,86,130,74,112,123,77,131,64,45"/><U52/><E129/><N who="3" m="49162" /><G64/><T2/><D117/><U12/><E76/><V8/><F44/><W1/><G45/><T87/><D73/><U32/><E32/><V30/><F41/><W43/><G43/><T135/><D70/><U98/><E85/><V88/><F27/><W6/><G6/><T80/><D42/><U40/><E106/><V29/><F25/><W26/><G26/><T58/><D122/><U132/><E132/><N who="0" m="50761" /><D20/><N who="1" m="7755" /><E68/><V5/><F18/><W50/><G50/><T108/><D108/><U13/><E65/><V54/><F8/><W35/><G35/><T103/><D103/><U17/><E40/><V19/><F5/><W134/><G1/><T110/><D110/><U14/><E60/><V36/><F19/><W7/><G7/><N who="0" m="1271" /><D61/><U69/><E69/><V128/><F29/><W31/><G31/><T22/><D22/><U67/><E67/><V16/><F30/><W109/><G134/><T101/><D101/><U28/><E28/><V37/><F16/><W38/><G38/><T102/><D100/><U124/><E124/><N who="3" m="47722" /><G109/><T51/><D51/><AGARI ba="0,0" hai="10,12,13,14,15,17,46,51,52,97,98" m="7755" machi="51" ten="30,11600,0" yaku="8,1,52,2,54,1" doraHai="94" who="1" fromWho="0" sc="240,-116,380,116,250,0,130,0" /><INIT seed="1,1,0,2,0,91" ten="124,496,250,130" oya="1" hai0="73,8,117,82,56,66,9,27,130,11,74,0,33" hai1="123,100,3,71,99,129,67,21,114,108,103,132,50" hai2="48,62,119,70,122,55,98,30,112,44,120,121,31" hai3="39,36,97,47,15,76,124,38,126,87,111,14,90"/><U115/><E3/><V81/><F119/><W1/><G1/><T92/><D117/><U101/><E123/><V105/><F112/><W7/><G111/><T10/><D130/><U40/><E129/><V4/><F4/><W6/><G76/><T63/><D82/><U22/><E132/><V17/><F17/><W94/><G47/><T78/><D78/><U69/><E108/><V75/><F81/><W53/><G53/><T23/><D33/><U68/><E99/><V86/><F75/><W46/><G46/><T35/><D35/><U2/><E2/><V127/><F86/><W59/><G59/><T85/><N who="0" m="2048" /><DORA hai="102" /><T26/><D0/><U64/><E50/><V20/><F20/><N who="1" m="7785" /><E40/><V49/><F127/><N who="3" m="48683" /><G97/><T24/><REACH who="0" step="1"/><D23/><REACH who="0" ten="114,496,250,130" step="2"/><U110/><E110/><V29/><F122/><W34/><G34/><T89/><AGARI ba="1,1" hai="24,26,27,56,63,66,73,74,85,89,92" m="2048" machi="89" ten="50,8000,1" yaku="1,1,2,1,0,1,52,1,53,0" doraHai="91,102" doraHaiUra="28,19" who="0" fromWho="0" sc="114,93,496,-41,250,-21,130,-21" /><INIT seed="2,0,0,5,3,43" ten="207,455,229,109" oya="2" hai0="121,134,104,32,120,5,14,45,24,102,44,52,15" hai1="2,101,78,115,116,85,135,41,54,110,92,31,95" hai2="53,109,4,124,40,17,33,42,83,23,125,90,58" hai3="77,82,113,12,59,107,34,93,128,55,81,27,21"/><V18/><F33/><W131/><G107/><T94/><D104/><U130/><E115/><V98/><F4/><W19/><G113/><T47/><D121/><U28/><E116/><V26/><F17/><W63/><G34/><T72/><D72/><U132/><E110/><V62/><F109/><W74/><G82/><T51/><D120/><U61/><E130/><V16/><F18/><W36/><G36/><T56/><D134/><U126/><E126/><N who="2" m="48747" /><F83/><W105/><G105/><T30/><REACH who="0" step="1"/><D5/><REACH who="0" ten="197,455,229,109" step="2"/><U69/><E132/><V88/><F90/><W118/><G118/><T117/><D117/><U123/><E135/><V10/><F10/><W114/><G114/><T106/><D106/><U111/><E111/><V22/><F22/><W8/><REACH who="3" step="1"/><G93/><AGARI ba="0,1" hai="16,23,26,40,42,53,58,62,88,93,98" m="48747" machi="93" ten="30,11600,0" yaku="25,1,18,1,54,2" doraHai="43" who="2" fromWho="3" sc="197,0,455,0,229,126,109,-116" owari="197,-20.3,455,55.5,355,15.5,-7,-50.7" /></mjloggm>