<mjloggm ver="2.3"><GO type="225" lobby="0"/><UN n0="%E7%99%BD%E5%80%89%E5%AF%9B%E4%B9%8B" n1="%E6%9D%B1%E9%A2%A8%E3%81%AE%E3%81%8D%E3%82%83%E3%81%B7%E3%81%95%E3%82%93" n2="%E3%83%96%E3%83%83%E3%83%91%E3%82%AA%E3%83%96%E3%83%81%E3%82%AD%E3%83%B3" n3="%E3%82%B3%E3%83%90%E3%83%AC%E3%82%A4" dan="16,16,16,16" rate="2145.56,2188.91,2194.59,2149.91" sx="M,M,M,M"/><TAIKYOKU oya="0"/><INIT seed="0,0,0,0,2,109" ten="250,250,250,250" oya="0" hai0="2,118,0,77,113,75,54,95,60,67,117,72,126" hai1="127,64,97,121,4,85,96,123,128,13,9,110,135" hai2="5,49,61,28,122,58,38,103,111,84,90,35,37" hai3="71,62,45,6,86,101,82,102,68,99,74,108,133"/><T3/><D126/><U124/><E64/><V132/><F122/><N who="1" m="46601" /><E85/><V115/><F111/><W36/><G108/><T32/><D32/><U25/><E110/><V100/><F132/><W29/><G133/><T114/><D54/><U57/><E135/><V80/><F5/><W59/><G74/><N who="0" m="28203" /><D95/><U55/><E25/><V73/><F73/><W79/><G36/><T94/><D94/><U24/><E24/><V15/><F49/><W21/><G6/><T16/><D16/><N who="1" m="8239" /><E128/><V14/><F84/><W42/><G102/><T69/><D77/><U12/><E12/><V22/><F15/><W19/><G29/><T81/><D81/><U11/><E11/><V70/><F14/><W65/><G19/><T30/><D30/><U10/><E10/><V104/><F80/><W34/><G34/><T56/><D56/><U66/><E66/><V130/><F58/><W112/><G21/><T91/><D91/><U63/><E4/><V7/><F7/><W17/><G17/><T47/><D47/><U26/><E26/><V43/><F28/><W33/><G33/><T119/><AGARI ba="0,0" hai="0,2,3,60,67,69,113,114,117,118,119" m="28203" machi="119" ten="50,9600,0" yaku="23,1,52,2" doraHai="109" who="0" fromWho="0" sc="250,96,250,-32,250,-32,250,-32" /><INIT seed="0,1,0,3,1,115" ten="346,218,218,218" oya="0" hai0="0,129,104,93,4,24,46,68,102,71,125,11,112" hai1="64,42,105,6,98,28,92,134,76,99,38,113,40" hai2="27,73,35,23,86,61,120,9,108,5,101,66,127" hai3="32,124,111,114,39,1,117,34,60,26,89,49,122"/><T133/><D112/><U72/><E113/><V91/><F120/><W31/><G39/><T30/><D125/><U94/><E134/><V96/><F127/><W67/><G114/><T19/><D133/><U110/><E110/><V29/><F108/><W52/><G124/><T135/><D135/><U58/><E38/><V33/><F73/><W3/><G111/><T53/><D104/><U69/><E69/><V57/><F91/><W55/><G34/><T2/><D2/><U130/><E105/><V95/><REACH who="2" step="1"/><F86/><REACH who="2" ten="346,218,208,218" step="2"/><W36/><G122/><T63/><D102/><N who="1" m="60743" /><E72/><V81/><F81/><W126/><G126/><T21/><D129/><U7/><E130/><V97/><F97/><W59/><G117/><T43/><D93/><U123/><E123/><V75/><F75/><W106/><G106/><T119/><D119/><U10/><E76/><V56/><F56/><W128/><G128/><T70/><D70/><U37/><E37/><V82/><F82/><W51/><G36/><T80/><D71/><U47/><E47/><V118/><F118/><W77/><G77/><T131/><D80/><U109/><E109/><V20/><F20/><W65/><G89/><T116/><D131/><U22/><E99/><V18/><F18/><W14/><G59/><N who="0" m="35311" /><D68/><U13/><E94/><V84/><F84/><W85/><G85/><T54/><D116/><U25/><E6/><V78/><F78/><W50/><G32/><T107/><D107/><U41/><E58/><V83/><F83/><W62/><G31/><T15/><D30/><U90/><E90/><V74/><F74/><W44/><G44/><RYUUKYOKU ba="1,1" sc="346,-15,218,15,208,15,218,-15" hai1="7,10,13,22,25,28,40,41,42,64" hai2="5,9,23,27,29,33,35,57,61,66,95,96,101" /><INIT seed="1,2,1,3,0,49" ten="331,233,223,203" oya="1" hai0="71,134,26,57,23,46,135,62,120,100,70,61,91" hai1="76,11,67,19,73,75,81,85,109,94,18,82,3" hai2="83,110,86,129,95,68,114,25,15,37,72,14,107" hai3="63,9,48,124,78,5,131,125,27,47,122,56,121"/><U80/><E67/><V99/><F37/><W126/><G78/><T2/><D2/><U29/><E29/><V79/><F68/><W118/><G27/><T89/><D120/><U35/><E35/><V30/><F110/><W58/><G118/><T119/><D100/><U77/><E109/><V98/><F129/><W108/><G108/><T4/><D4/><U50/><E94/><V22/><F114/><W101/><G101/><T123/><D119/><U39/><E39/><V87/><F99/><W112/><G131/><T115/><D46/><U132/><E132/><N who="0" m="50729" /><D115/><U74/><E50/><V92/><F87/><W43/><G112/><T51/><D51/><U59/><E59/><N who="3" m="22570" /><G63/><N who="0" m="24075" /><D57/><U96/><E96/><V133/><F133/><W0/><AGARI ba="2,1" hai="0,5,9,43,47,48,121,122,124,125,126" m="22570" machi="0" ten="40,1500,0" yaku="18,1" doraHai="49" who="3" fromWho="3" sc="331,-6,233,-9,223,-6,203,31" /><INIT seed="2,0,0,4,0,63" ten="325,224,217,234" oya="2" hai0="40,130,9,55,95,123,42,70,66,105,26,84,60" hai1="28,33,11,80,114,90,79,21,75,71,65,24,47" hai2="81,111,34,12,93,67,49,124,131,2,8,113,134" hai3="102,45,100,119,103,50,89,120,86,73,68,17,62"/><V108/><F113/><W31/><G73/><T41/><D105/><U122/><E114/><V82/><F124/><W38/><G38/><T133/><D123/><U5/><E122/><V54/><F34/><W15/><G119/><T97/><D130/><U87/><E47/><V74/><F131/><W19/><G31/><T69/><D133/><U48/><E48/><V18/><F134/><W107/><G107/><T20/><D84/><U0/><E33/><V98/><F2/><W106/><G106/><T83/><D83/><U57/><E71/><V51/><F51/><W46/><G120/><T64/><D9/><U29/><E29/><V3/><F3/><W121/><G46/><T110/><D110/><N who="2" m="42026" /><F74/><W43/><G121/><T85/><D85/><U96/><E96/><V91/><F67/><W99/><G99/><T23/><D55/><U39/><E39/><V30/><F30/><W132/><G132/><T126/><D126/><U76/><REACH who="1" step="1"/><E75/><REACH who="1" ten="325,214,217,234" step="2"/><V101/><F101/><W115/><G103/><T35/><D35/><U104/><E104/><V118/><F118/><W59/><G102/><T125/><D125/><U44/><E44/><AGARI ba="0,1" hai="8,12,18,44,49,54,81,82,91,93,98" m="42026" machi="44" ten="30,2900,0" yaku="14,1,10,1" doraHai="63" who="2" fromWho="1" sc="325,0,214,-29,217,39,234,0" /><INIT seed="2,1,0,1,1,1" ten="325,185,256,234" oya="2" hai0="83,3,119,51,45,64,129,85,29,56,72,37,35" hai1="14,36,111,11,59,78,4,97,107,125,12,53,115" hai2="130,65,120,61,79,124,47,44,80,25,60,7,38" hai3="20,46,106,57,100,76,77,17,21,33,105,63,98"/><V34/><F120/><W104/><G33/><T31/><D72/><U41/><E111/><V40/><F124/><W28/><G46/><T110/><D37/><U121/><E125/><V68/><F130/><W122/><G122/><T22/><D3/><U101/><E121/><V116/><F116/><W103/><G28/><T52/><D35/><U6/><E115/><V128/><F128/><W5/><G21/><T32/><D32/><U89/><E78/><V0/><F47/><W81/><G5/><T91/><D119/><U109/><E109/><V66/><F34/><W48/><G48/><T93/><D110/><U39/><E89/><V18/><F25/><W8/><G8/><T49/><D129/><U84/><E84/><V86/><F18/><W87/><G77/><N who="0" m="46319" /><D22/><U15/><E41/><V126/><F126/><W43/><G43/><N who="0" m="24767" /><D64/><U118/><E118/><V58/><REACH who="2" step="1"/><F0/><REACH who="2" ten="325,185,246,234" step="2"/><W131/><G131/><T62/><D62/><U127/><E127/><V75/><F75/><W30/><G30/><T113/><D113/><U9/><E12/><V102/><F102/><W24/><G103/><T99/><AGARI ba="1,1" hai="29,31,51,52,56,91,93,99" m="24767,46319" machi="99" ten="30,2000,0" yaku="8,1,54,1" doraHai="1" who="0" fromWho="0" sc="325,33,185,-6,246,-11,234,-6" /><INIT seed="3,0,0,1,4,109" ten="358,179,235,228" oya="3" hai0="74,72,9,58,19,39,36,23,17,80,105,67,83" hai1="61,8,53,95,76,3,122,75,79,6,60,84,48" hai2="77,113,96,43,28,115,64,112,47,52,123,22,111" hai3="46,42,44,82,57,104,59,25,29,133,121,0,87"/><W91/><G0/><T7/><D105/><U21/><E122/><V88/><F123/><W30/><G121/><T33/><D33/><U5/><E5/><V27/><F77/><W69/><G69/><T35/><D35/><U116/><E116/><V71/><F111/><W128/><G104/><T130/><D130/><U38/><E38/><V37/><F52/><W4/><G4/><T50/><D50/><U85/><E75/><V51/><F37/><W1/><G1/><T135/><D7/><U10/><E21/><V94/><F71/><W14/><G128/><T98/><D23/><U70/><E70/><V127/><REACH who="2" step="1"/><F127/><REACH who="2" ten="358,179,225,228" step="2"/><W16/><G133/><T65/><D39/><U102/><E10/><V114/><N who="2" m="28672" /><DORA hai="118" /><V56/><F56/><W103/><G59/><T93/><D58/><U62/><E79/><V132/><F132/><W2/><G42/><T101/><D36/><U89/><E76/><V45/><F45/><W126/><G126/><T99/><D135/><U117/><E117/><V134/><F134/><W86/><G46/><T31/><D67/><AGARI ba="0,1" hai="22,27,28,43,47,51,64,67,88,94,96" m="28672" machi="67" ten="70,12000,2" yaku="1,1,52,4,54,1,53,0" doraHai="109,118" doraHaiUra="81,34" who="2" fromWho="0" sc="358,-120,179,0,225,130,228,0" owari="238,3.8,179,-32.1,355,45.5,228,-17.2" /></mjloggm>