<mjloggm ver="2.3"><GO type="225" lobby="0"/><UN n0="%65%76%69%61%6E%36%31%39" n1="%E3%83%A9%E3%82%A4%E3%83%B3%E3%81%AE%E8%99%8E" n2="%E5%91%A8%E6%9D%B1" n3="%77%72%77%72%77%72%77%72" dan="16,16,17,16" rate="2089.11,2173.38,2119.61,2180.23" sx="M,M,M,M"/><TAIKYOKU oya="0"/><INIT seed="0,0,0,2,0,129" ten="250,250,250,250" oya="0" hai0="74,121,7,26,72,122,57,113,16,31,47,90,21" hai1="29,82,36,108,51,8,43,105,5,128,100,18,130" hai2="111,120,39,93,4,119,33,79,107,12,64,15,70" hai3="46,53,68,134,48,37,99,0,115,135,73,42,117"/><T59/><D113/><U103/><E36/><V45/><F107/><W88/><G115/><T133/><D7/><U14/><E108/><V22/><F33/><W1/><G117/><T60/><D59/><U49/><E29/><V110/><F119/><W9/><G73/><T41/><D90/><U19/><E82/><V125/><F120/><W35/><G35/><T25/><D74/><U76/><E76/><V38/><F79/><W127/><G68/><T102/><D102/><N who="1" m="38955" /><E105/><V30/><F93/><N who="3" m="56743" /><G9/><T6/><D6/><U86/><E86/><V56/><F70/><W27/><G27/><T2/><D2/><U106/><E106/><V83/><F83/><W32/><G32/><T11/><D72/><U87/><E87/><V13/><F4/><W58/><G127/><T28/><D28/><U114/><E114/><V67/><F125/><W50/><G37/><T97/><D97/><U104/><E104/><V17/><F30/><W91/><G91/><T52/><D11/><U75/><E75/><V34/><F34/><W123/><G123/><T84/><D84/><U89/><E89/><V71/><F71/><W109/><G109/><N who="2" m="41481" /><F39/><W54/><G42/><T131/><D122/><U63/><E43/><N who="2" m="22775" /><F56/><W24/><G24/><AGARI ba="0,0" hai="12,13,15,17,22,24,64,67" m="22775,41481" machi="24" ten="30,1000,0" yaku="14,1" doraHai="129" who="2" fromWho="3" sc="250,0,250,0,250,10,250,-10" /><INIT seed="1,0,0,4,3,129" ten="250,250,260,240" oya="1" hai0="79,80,55,6,19,64,96,85,30,93,66,54,44" hai1="34,69,31,12,131,123,100,37,73,56,36,89,98" hai2="62,127,81,61,111,35,1,13,130,52,42,86,72" hai3="119,21,108,120,32,134,45,48,7,132,106,71,18"/><U112/><E112/><V33/><F1/><W117/><G120/><T51/><D6/><U17/><E69/><V84/><F130/><W65/><G32/><T77/><D77/><U23/><E123/><V27/><F127/><W3/><G106/><T22/><D54/><U40/><E131/><V91/><F72/><W114/><G114/><T122/><D30/><U25/><E73/><V78/><F111/><W107/><G107/><T28/><D28/><U101/><E56/><V49/><F42/><W99/><G99/><T121/><D121/><U39/><REACH who="1" step="1"/><E40/><REACH who="1" ten="250,240,260,240" step="2"/><V14/><F35/><W58/><G71/><T26/><REACH who="0" step="1"/><D122/><REACH who="0" ten="240,240,260,240" step="2"/><U57/><E57/><N who="2" m="32911" /><F33/><W46/><G58/><T43/><D43/><U4/><E4/><V8/><F61/><W10/><G65/><T87/><D87/><U29/><E29/><V94/><F62/><W95/><G7/><T59/><D59/><U68/><E68/><V110/><F110/><W15/><G46/><T124/><D124/><U97/><E97/><V9/><F86/><W20/><G45/><T67/><D67/><U2/><E2/><V90/><F84/><W103/><G3/><T116/><D116/><N who="3" m="44617" /><G108/><T82/><D82/><U135/><E135/><N who="3" m="51754" /><G48/><T92/><D92/><AGARI ba="0,2" hai="12,17,23,25,31,34,36,37,39,89,92,98,100,101" machi="92" ten="40,2000,0" yaku="1,1,53,0" doraHai="129" doraHaiUra="105" who="1" fromWho="0" sc="240,-20,240,40,260,0,240,0" /><INIT seed="1,1,0,1,4,112" ten="220,280,260,240" oya="1" hai0="54,22,51,94,106,119,74,17,90,76,1,93,73" hai1="111,64,69,81,33,99,57,20,78,117,9,113,45" hai2="71,7,24,108,127,116,58,60,63,36,62,37,126" hai3="43,101,19,4,115,28,39,95,98,50,109,124,92"/><U133/><E113/><V121/><F7/><W130/><G115/><T132/><D106/><U68/><E33/><V102/><F24/><W72/><G72/><T46/><D1/><U103/><E133/><V25/><F25/><W55/><G109/><T86/><D132/><U104/><E111/><V38/><F102/><W123/><G123/><T18/><D18/><U66/><E117/><V105/><F105/><W32/><G130/><T75/><D94/><U23/><E45/><V44/><F108/><W56/><G124/><N who="2" m="47657" /><F121/><W42/><G4/><T6/><D6/><U65/><E57/><V35/><F35/><W97/><G39/><N who="2" m="9985" /><V87/><DORA hai="59" /><F87/><W41/><G19/><T120/><D120/><U107/><E107/><V84/><F84/><W47/><G28/><T125/><D125/><U0/><E0/><V48/><F71/><W34/><REACH who="3" step="1"/><G47/><REACH who="3" ten="220,280,260,230" step="2"/><T128/><D75/><U10/><E69/><V13/><F13/><W5/><G5/><T83/><D74/><U53/><E68/><V31/><F31/><W8/><G8/><T2/><D2/><U118/><E9/><V110/><F110/><W82/><G82/><T89/><D73/><U40/><E10/><V129/><F129/><W29/><G29/><T134/><D134/><U67/><E81/><V12/><F12/><W15/><G15/><N who="0" m="9535" /><D128/><U21/><E21/><V49/><F116/><W61/><G61/><N who="2" m="23657" /><F44/><W79/><G79/><T122/><D122/><U26/><E118/><V70/><F70/><W77/><G77/><T114/><D119/><U16/><N who="1" m="16384" /><DORA hai="135" /><U100/><E23/><V3/><F3/><RYUUKYOKU ba="1,1" sc="220,-15,280,-15,260,15,230,15" hai2="48,49,58,63" hai3="32,34,41,42,43,50,55,56,92,95,97,98,101" /><INIT seed="2,2,1,1,2,119" ten="205,265,275,245" oya="2" hai0="59,9,70,37,54,66,43,18,30,5,60,0,20" hai1="112,105,56,76,124,65,135,32,13,47,81,19,84" hai2="122,94,117,69,74,130,79,1,58,95,111,26,8" hai3="42,22,50,108,78,115,101,125,131,133,116,64,100"/><V106/><F79/><W53/><G116/><T132/><D132/><U129/><E112/><V6/><F58/><W4/><G133/><T91/><D30/><U102/><E135/><V98/><F26/><W55/><G115/><T97/><D43/><U80/><E32/><V44/><F44/><W90/><G108/><T2/><D37/><U23/><E124/><V110/><F69/><W107/><G125/><T51/><D0/><U49/><E129/><V16/><F74/><W103/><G131/><T72/><D72/><U96/><E81/><V36/><F36/><W86/><G4/><T31/><D31/><U123/><E65/><V12/><F117/><W104/><G78/><T73/><D73/><U71/><E56/><V62/><F62/><W11/><G11/><T39/><D39/><U27/><E71/><V48/><F48/><W21/><G64/><T10/><D5/><U63/><E63/><V99/><F130/><W61/><G61/><T52/><D54/><N who="3" m="20489" /><G107/><T46/><D70/><U24/><REACH who="1" step="1"/><E123/><REACH who="1" ten="205,255,275,245" step="2"/><V114/><F122/><W82/><G104/><T7/><D2/><U35/><E35/><V25/><F114/><W113/><G113/><T33/><D33/><U93/><E93/><N who="2" m="35339" /><F106/><W89/><G82/><T83/><D7/><U92/><E92/><V85/><F111/><W40/><G86/><N who="0" m="50655" /><D97/><N who="2" m="36874" /><F110/><W134/><G134/><T34/><D34/><U77/><E77/><V3/><F85/><W68/><G68/><T67/><D67/><U126/><E126/><V120/><F120/><W57/><G89/><T75/><D75/><U109/><E109/><V17/><F6/><RYUUKYOKU ba="2,2" sc="205,10,255,10,275,10,245,-30" hai0="9,10,18,20,46,51,52,59,60,66" hai1="13,19,23,24,27,47,49,76,80,84,96,102,105" hai2="1,3,8,12,16,17,25" /><INIT seed="2,3,2,2,0,9" ten="215,265,285,215" oya="2" hai0="63,98,37,16,46,114,96,112,71,61,23,42,66" hai1="33,72,113,129,7,43,68,30,6,124,53,38,29" hai2="95,104,12,127,45,14,55,132,106,94,119,80,99" hai3="51,76,117,74,135,50,21,120,86,58,131,22,130"/><V69/><F69/><W126/><G117/><T52/><D63/><U85/><E72/><V91/><F119/><W133/><G120/><T67/><D67/><U59/><E113/><V27/><F132/><N who="3" m="50763" /><G74/><T78/><D78/><U36/><E68/><V110/><F127/><W24/><G126/><T111/><D52/><U87/><E129/><N who="3" m="49162" /><G58/><T44/><D44/><U40/><E124/><V19/><F110/><W107/><G107/><T8/><D111/><U105/><E59/><V34/><F106/><W73/><G73/><T1/><D114/><U97/><E105/><V92/><F104/><W13/><G13/><N who="2" m="5225" /><F34/><W109/><G109/><T60/><D60/><U5/><E53/><V3/><F3/><W82/><G21/><T100/><D112/><U18/><E33/><V48/><F80/><W108/><G108/><T122/><D122/><U89/><E38/><V56/><F56/><W41/><G41/><T77/><D71/><U47/><E40/><V83/><F83/><W70/><G70/><T31/><D37/><U116/><E116/><V32/><F32/><W11/><G11/><T57/><D8/><U81/><E36/><V79/><F79/><W15/><G15/><N who="0" m="9631" /><D77/><U88/><E43/><V75/><F75/><W115/><G115/><T84/><D1/><U2/><E2/><V28/><F28/><AGARI ba="3,2" hai="22,24,28,50,51,76,82,86" m="49162,50763" machi="28" ten="30,2000,0" yaku="20,1,19,1" doraHai="9" who="3" fromWho="2" sc="215,0,265,0,285,-29,215,49" /><INIT seed="3,0,0,4,5,46" ten="215,265,256,264" oya="3" hai0="17,3,42,120,48,50,70,25,103,132,13,88,1" hai1="118,6,129,68,131,67,2,71,135,62,82,98,76" hai2="15,9,12,92,21,11,8,0,89,114,66,18,85" hai3="16,133,56,53,51,40,119,45,43,39,47,106,121"/><W115/><G106/><T93/><D120/><U127/><E118/><V5/><F114/><W97/><G115/><T124/><D70/><U81/><E71/><V65/><REACH who="2" step="1"/><F21/><REACH who="2" ten="215,265,246,264" step="2"/><W102/><G119/><T109/><D109/><U33/><E129/><V64/><F64/><W30/><G121/><T83/><D132/><U123/><E67/><V108/><F108/><W55/><G133/><T32/><D124/><U37/><E127/><V128/><F128/><W59/><G30/><T80/><D32/><U116/><E33/><V125/><F125/><W23/><G39/><T63/><D1/><U79/><E2/><V104/><F104/><W52/><G40/><T26/><D3/><U14/><E37/><V54/><F54/><W99/><G53/><T7/><D42/><U74/><E131/><V4/><AGARI ba="0,1" hai="0,4,5,8,9,11,12,15,18,65,66,85,89,92" machi="4" ten="20,2700,0" yaku="1,1,0,1,7,1,53,0" doraHai="46" doraHaiUra="57" who="2" fromWho="2" sc="215,-7,265,-7,246,37,264,-13" /><INIT seed="4,0,0,0,4,57" ten="208,258,283,251" oya="0" hai0="115,107,88,119,83,69,75,134,10,41,87,31,59" hai1="90,39,16,7,48,99,79,27,32,116,91,50,24" hai2="36,104,64,12,112,109,0,103,23,29,117,43,73" hai3="118,86,113,124,14,95,3,61,55,18,80,68,125"/><T11/><D119/><U42/><E116/><V77/><F117/><W28/><G118/><RYUUKYOKU type="kaze4" ba="0,0" sc="208,0,258,0,283,0,251,0" /><INIT seed="4,1,0,2,3,22" ten="208,258,283,251" oya="0" hai0="36,98,69,110,132,113,112,135,106,118,87,120,29" hai1="77,134,52,84,16,80,46,24,25,44,34,127,81" hai2="14,88,26,40,70,13,130,86,61,76,39,62,32" hai3="124,117,129,109,21,43,90,92,105,128,47,6,66"/><T103/><D36/><U68/><E68/><V79/><F130/><N who="3" m="50283" /><G109/><T1/><D1/><U95/><E34/><V50/><F39/><W96/><G117/><T20/><D69/><U8/><E127/><V94/><F70/><W42/><G124/><T126/><D126/><U0/><E0/><V125/><F125/><W108/><G108/><T58/><D110/><U10/><E134/><N who="0" m="51241" /><D120/><U72/><E95/><V7/><F32/><W28/><G66/><T45/><D118/><U133/><E133/><V67/><F67/><W114/><G114/><T59/><D45/><U3/><E3/><V111/><F111/><W4/><G105/><T101/><D87/><N who="1" m="48527" /><E44/><N who="2" m="25863" /><F26/><N who="1" m="10345" /><E16/><V30/><F30/><W116/><G116/><T5/><D5/><N who="3" m="2153" /><G47/><T49/><D20/><U63/><E72/><V15/><F7/><W55/><G21/><T100/><D29/><U65/><E65/><V131/><F131/><W9/><G28/><T115/><D59/><N who="1" m="35303" /><E46/><V121/><F121/><W2/><G2/><T60/><D60/><AGARI ba="1,0" hai="13,14,15,60,61,62,76,79,86,88,94" m="25863" machi="60" ten="30,2000,0" yaku="8,1,54,1" doraHai="22" who="2" fromWho="0" sc="208,-23,258,0,283,23,251,0" owari="185,-31.5,258,5.8,306,40.6,251,-14.9" /></mjloggm>