<mjloggm ver="2.3"><GO type="225" lobby="0"/><UN n0="%E9%A6%AC%E5%BC%95%E7%81%AB%33" n1="%72%65%6E%6B%75%6E" n2="%E9%B7%B9%E5%80%89%E6%9D%8F%E9%88%B4" n3="%E6%81%A5%E6%99%92%E3%81%97" dan="16,17,16,16" rate="2133.45,2211.08,2144.96,2122.68" sx="M,M,F,M"/><TAIKYOKU oya="0"/><INIT seed="0,0,0,1,4,121" ten="250,250,250,250" oya="0" hai0="89,90,128,27,124,74,110,73,40,87,29,122,96" hai1="109,31,64,126,76,22,6,20,79,38,100,13,43" hai2="28,66,62,133,78,1,107,86,99,67,98,44,56" hai3="104,36,52,53,23,9,15,115,58,134,101,68,0"/><T41/><D122/><U123/><E123/><V42/><F1/><W47/><G115/><T30/><D124/><U59/><E126/><V108/><F133/><W33/><G68/><T113/><D113/><U70/><E70/><V118/><F118/><W131/><G134/><T61/><D128/><U69/><E69/><V84/><F67/><W35/><G131/><T80/><D61/><N who="1" m="37951" /><E38/><V7/><F7/><W94/><G104/><T132/><D132/><U12/><E43/><V85/><F107/><W14/><G0/><T77/><D77/><N who="1" m="29771" /><E100/><V119/><F119/><W91/><G101/><T120/><D120/><U117/><E117/><V71/><F71/><W49/><G36/><T105/><D105/><U18/><E109/><V92/><F78/><W34/><G23/><T63/><D63/><U50/><E50/><V106/><F106/><W4/><G15/><T135/><D135/><U48/><E48/><V45/><F108/><W3/><G3/><T57/><D57/><U11/><E31/><V130/><F28/><W102/><G102/><T82/><D27/><U37/><E37/><V97/><F130/><W114/><G114/><T75/><D75/><U127/><E127/><V10/><F10/><AGARI ba="0,0" hai="6,10,11,12,13,18,20,22" m="29771,37951" machi="10" ten="30,1000,0" yaku="8,1" doraHai="121" who="1" fromWho="2" sc="250,0,250,10,250,-10,250,0" /><INIT seed="1,0,0,5,1,60" ten="250,260,240,250" oya="1" hai0="49,21,88,14,67,26,73,92,74,106,80,5,25" hai1="9,109,51,89,47,131,18,71,111,98,133,134,125" hai2="54,123,27,50,36,41,66,76,45,107,87,30,58" hai3="85,28,63,105,1,39,43,53,72,86,97,94,101"/><U91/><E71/><V13/><F123/><W70/><G1/><T3/><D106/><U7/><E18/><V103/><F107/><W15/><G72/><T52/><D3/><U35/><E35/><V108/><F108/><N who="1" m="41545" /><E125/><V93/><F13/><W121/><G121/><T37/><D37/><U33/><E33/><V99/><F76/><W34/><G94/><T115/><D115/><U16/><E131/><V4/><F4/><W96/><G96/><T29/><D25/><U83/><E98/><V64/><REACH who="2" step="1"/><F87/><REACH who="2" ten="250,260,230,250" step="2"/><W79/><G86/><N who="0" m="52247" /><D74/><U8/><E7/><V84/><F84/><W113/><G85/><T6/><D73/><U62/><E83/><V127/><F127/><W10/><G15/><T128/><D80/><U11/><E133/><V40/><F40/><W116/><G43/><T124/><D124/><U69/><E134/><V119/><F119/><W20/><G116/><T65/><D128/><U114/><E114/><V48/><F48/><W42/><G79/><T0/><D0/><U46/><E51/><V104/><F104/><W57/><G113/><T95/><D95/><U78/><E78/><V68/><F68/><W55/><G70/><T117/><D117/><U135/><E135/><V19/><F19/><W22/><G42/><T56/><D5/><U90/><E16/><V132/><F132/><W118/><G118/><T23/><D23/><AGARI ba="0,1" hai="23,27,30,36,41,45,50,54,58,64,66,93,99,103" machi="23" ten="30,12000,2" yaku="1,1,7,1,52,2,53,2" doraHai="60" doraHaiUra="61" who="2" fromWho="0" sc="250,-120,260,0,230,130,250,0" /><INIT seed="2,0,0,2,1,55" ten="130,260,360,250" oya="2" hai0="102,27,48,72,9,26,65,28,87,135,45,74,10" hai1="16,63,43,73,93,33,124,104,77,1,131,67,41" hai2="97,58,5,20,7,44,92,126,24,78,117,53,11" hai3="56,114,129,35,76,25,40,125,121,109,19,66,132"/><V112/><F117/><W34/><G121/><T128/><D135/><U21/><E104/><V111/><F112/><W61/><G114/><T47/><D128/><U100/><E33/><V15/><F126/><W8/><G129/><T75/><D87/><U82/><E1/><V105/><F105/><W6/><G132/><T85/><D85/><U36/><E124/><V133/><F133/><W51/><G125/><T84/><D84/><U68/><E131/><V0/><F78/><W103/><G109/><T4/><D65/><U113/><E113/><V12/><F44/><W118/><G118/><T119/><D119/><U59/><E68/><V14/><F5/><W98/><G76/><T69/><D69/><U90/><E100/><N who="2" m="60455" /><F0/><W71/><G6/><T99/><D4/><U95/><E36/><V52/><F53/><W42/><G42/><T81/><D81/><U94/><REACH who="1" step="1"/><E90/><REACH who="1" ten="130,250,360,250" step="2"/><V107/><F107/><W127/><G127/><T83/><D102/><U22/><E22/><V134/><F134/><W130/><G130/><T80/><D9/><U70/><E70/><V108/><F111/><W13/><G71/><T46/><D10/><U88/><E88/><V79/><F108/><W115/><G115/><T86/><D83/><U37/><E37/><V96/><F79/><W64/><G35/><T110/><D110/><U39/><E39/><V57/><F20/><N who="3" m="13471" /><G34/><T120/><D80/><U122/><E122/><V23/><F23/><W30/><G8/><T123/><D123/><U91/><E91/><V116/><F7/><W60/><G103/><T38/><D120/><U18/><E18/><RYUUKYOKU ba="0,1" sc="130,-10,250,30,360,-10,250,-10" hai1="16,21,41,43,59,63,67,73,77,82,93,94,95" /><INIT seed="3,1,1,1,4,42" ten="120,280,350,240" oya="3" hai0="112,83,28,128,62,70,127,119,111,130,41,88,34" hai1="16,134,82,39,99,14,113,6,2,69,123,68,20" hai2="63,90,85,54,37,96,1,100,40,56,120,121,9" hai3="8,43,35,107,21,38,109,0,104,94,46,31,114"/><W131/><G114/><T135/><D34/><U133/><E113/><V50/><F37/><W48/><G131/><N who="0" m="50219" /><D28/><U32/><E32/><V81/><F40/><W122/><G35/><T101/><D112/><U60/><E123/><N who="2" m="47179" /><F9/><W106/><G122/><T5/><D5/><U36/><E82/><V79/><F1/><W129/><G129/><T125/><D101/><U55/><E99/><V93/><F63/><W110/><G94/><T97/><D119/><U102/><E102/><AGARI ba="1,1" hai="50,54,56,79,81,85,90,93,96,100,102" m="47179" machi="102" ten="30,1000,0" yaku="13,1" doraHai="42" who="2" fromWho="1" sc="120,0,280,-13,350,23,240,0" owari="120,-38.0,267,6.7,373,47.3,240,-16.0" /></mjloggm>