<mjloggm ver="2.3"><GO type="225" lobby="0"/><UN n0="%E3%83%A9%E3%83%BC%E3%83%A1%E3%83%B3%E4%BA%94%E9%83%8E" n1="%77%72%77%72%77%72%77%72" n2="%E5%91%A8%E6%9D%B1" n3="%E6%A1%9C%E8%8A%B1%E9%96%83%E3%80%85" dan="16,17,17,16" rate="2145.22,2188.92,2133.52,2139.70" sx="M,M,M,M"/><TAIKYOKU oya="0"/><INIT seed="0,0,0,5,1,77" ten="250,250,250,250" oya="0" hai0="95,105,103,129,107,131,72,20,85,112,92,75,124" hai1="104,17,114,100,54,79,121,23,18,132,37,67,62" hai2="11,33,90,59,50,30,1,126,32,57,12,53,13" hai3="64,40,108,41,80,87,133,73,135,102,24,83,36"/><T94/><D20/><U58/><E121/><V52/><F126/><W123/><G123/><T127/><D112/><U34/><E114/><V130/><F130/><N who="0" m="49674" /><D85/><U26/><E132/><N who="3" m="50762" /><G108/><T0/><D0/><U81/><E37/><V69/><F69/><W22/><G64/><T134/><D134/><U68/><E34/><V117/><F117/><W70/><G70/><T3/><D3/><U86/><E104/><N who="0" m="40009" /><D103/><U28/><REACH who="1" step="1"/><E100/><REACH who="1" ten="250,240,250,250" step="2"/><V16/><F32/><W42/><G102/><T60/><D60/><AGARI ba="0,1" hai="17,18,23,26,28,54,58,60,62,67,68,79,81,86" machi="60" ten="30,8000,1" yaku="1,1,2,1,7,1,52,1,53,1" doraHai="77" doraHaiUra="55" who="1" fromWho="0" sc="250,-80,240,90,250,0,250,0" /><INIT seed="1,0,0,2,1,19" ten="170,330,250,250" oya="1" hai0="85,37,117,119,131,106,5,103,89,13,79,101,60" hai1="29,21,44,38,33,2,73,82,35,112,107,93,105" hai2="31,98,54,102,11,18,6,49,12,92,76,118,124" hai3="90,111,23,121,9,78,96,132,97,99,43,63,68"/><U94/><E112/><V4/><F124/><W134/><G121/><T40/><D131/><U113/><E113/><V130/><F130/><W47/><G111/><T87/><D79/><U72/><E2/><V52/><F118/><W32/><G32/><T123/><D123/><U20/><E44/><V128/><F128/><W51/><G78/><T39/><D60/><U10/><E10/><V42/><F76/><W50/><G9/><T15/><D5/><U22/><E82/><V71/><F71/><W122/><G122/><T36/><D89/><U14/><E14/><V86/><F86/><W127/><G127/><T48/><D48/><U133/><E29/><V125/><F125/><W55/><G90/><T28/><D28/><U62/><E62/><V95/><F95/><N who="1" m="36361" /><E38/><V66/><F66/><N who="3" m="41055" /><G51/><T74/><D74/><N who="1" m="28779" /><E133/><N who="3" m="51306" /><G43/><T61/><D40/><U116/><E116/><V108/><F108/><W81/><G81/><T75/><D119/><U8/><E8/><V30/><F42/><W135/><N who="3" m="51314" /><W53/><DORA hai="109" /><G55/><N who="2" m="21033" /><F49/><W64/><G64/><T1/><D37/><U17/><E17/><V25/><F4/><W83/><G83/><T110/><D117/><U34/><AGARI ba="0,0" hai="20,21,22,33,34,35,105,107" m="28779,36361" machi="34" ten="40,12000,1" yaku="28,2,52,3" doraHai="19,109" who="1" fromWho="1" sc="170,-40,330,120,250,-40,250,-40" /><INIT seed="1,1,0,0,3,103" ten="130,450,210,210" oya="1" hai0="2,92,124,47,32,117,34,22,58,14,122,63,23" hai1="72,80,123,104,81,76,131,108,16,120,121,38,13" hai2="9,20,70,40,68,69,127,55,126,28,35,62,6" hai3="112,39,102,46,110,5,31,88,97,41,7,99,25"/><U33/><E33/><V85/><F35/><W3/><G112/><T100/><D124/><N who="2" m="47658" /><F40/><W52/><G110/><T109/><D2/><U19/><E38/><V78/><F28/><W15/><G3/><T84/><D117/><U42/><E108/><V87/><F20/><W12/><G12/><T77/><D109/><U11/><E42/><V10/><F78/><W95/><G15/><T61/><D122/><U37/><E37/><V45/><F10/><W50/><G25/><T90/><D34/><U94/><E76/><V51/><F62/><W30/><G30/><T21/><D32/><U17/><E72/><V116/><F116/><W53/><G31/><T56/><D77/><U36/><E36/><V135/><F135/><W86/><G97/><T0/><D0/><AGARI ba="1,0" hai="0,6,9,45,51,55,68,69,70,85,87" m="47658" machi="0" ten="40,1300,0" yaku="18,1" doraHai="103" who="2" fromWho="0" sc="130,-16,450,0,210,16,210,0" /><INIT seed="2,0,0,3,2,71" ten="114,450,226,210" oya="2" hai0="130,20,83,127,3,104,41,112,105,66,108,54,22" hai1="101,107,110,29,11,73,34,63,109,35,26,1,116" hai2="45,6,18,76,74,44,14,128,57,52,79,131,94" hai3="60,89,53,98,51,9,129,28,58,114,113,23,67"/><V90/><F6/><W123/><G123/><T37/><D112/><N who="3" m="43113" /><G129/><N who="2" m="49737" /><F74/><W0/><G28/><T72/><D130/><U132/><E116/><V46/><F14/><W118/><G23/><T8/><D108/><N who="1" m="41579" /><E132/><V43/><F18/><W117/><G9/><T4/><D127/><U19/><E73/><V97/><F43/><W125/><G0/><T134/><D134/><U16/><E34/><V135/><F135/><W100/><G89/><T70/><D54/><U38/><E38/><V122/><F122/><W30/><G30/><T81/><D20/><U49/><E49/><AGARI ba="0,0" hai="44,45,46,49,52,57,76,79,90,94,97" m="49737" machi="49" ten="30,2900,0" yaku="19,1,54,1" doraHai="71" who="2" fromWho="1" sc="114,0,450,-29,226,29,210,0" /><INIT seed="2,1,0,1,5,27" ten="114,421,255,210" oya="2" hai0="101,8,52,97,62,34,60,95,122,21,81,99,54" hai1="42,28,23,100,2,70,104,84,5,64,106,128,37" hai2="85,109,78,56,127,82,65,120,6,26,66,119,76" hai3="68,83,114,93,12,79,133,24,15,39,74,10,112"/><V16/><F120/><W59/><G68/><T4/><D122/><U91/><E128/><V67/><F119/><W90/><G39/><T30/><D34/><U47/><E2/><V9/><F127/><W77/><G133/><T58/><D81/><U117/><E5/><V102/><F109/><W63/><G79/><T55/><D99/><U116/><E23/><N who="2" m="13671" /><F102/><W41/><G41/><T130/><D130/><U87/><E106/><V110/><F110/><W53/><G24/><T18/><D30/><U103/><E28/><V45/><F45/><W89/><G15/><T121/><D121/><U94/><E103/><V113/><F113/><N who="3" m="43627" /><G93/><T48/><D62/><U73/><E73/><V92/><F92/><W7/><AGARI ba="1,0" hai="7,10,12,53,59,63,74,77,83,89,90" m="43627" machi="7" ten="30,1100,0" yaku="11,1" doraHai="27" who="3" fromWho="3" sc="114,-4,421,-4,255,-6,210,14" /><INIT seed="3,0,0,1,2,105" ten="110,417,249,224" oya="3" hai0="87,88,32,86,103,38,41,114,26,31,77,60,46" hai1="15,47,83,58,53,61,94,124,96,115,19,95,85" hai2="37,42,117,73,90,24,100,55,74,54,56,20,104" hai3="44,66,70,82,45,113,102,131,78,92,49,79,0"/><W23/><G113/><T4/><D114/><U72/><E124/><V109/><F117/><W59/><G0/><T25/><D103/><U3/><E72/><V99/><F109/><W91/><G131/><T122/><D122/><U130/><E130/><V106/><F106/><W40/><G70/><T116/><D116/><U111/><E3/><V63/><F90/><W121/><G121/><T132/><D132/><U11/><E111/><V108/><F108/><W39/><G39/><T18/><D4/><U16/><E115/><V93/><F104/><W2/><G45/><T36/><D77/><N who="1" m="46319" /><E47/><V28/><F42/><W89/><G2/><T5/><D5/><N who="1" m="3567" /><E94/><V75/><REACH who="2" step="1"/><F37/><REACH who="2" ten="110,417,239,224" step="2"/><W8/><G89/><AGARI ba="0,1" hai="16,19,53,58,61,89,95,96" m="3567,46319" machi="89" ten="30,2000,0" yaku="8,1,54,1" doraHai="105" who="1" fromWho="3" sc="110,0,417,30,239,0,224,-20" owari="110,-39.0,447,54.7,239,3.9,204,-19.6" /></mjloggm>