<mjloggm ver="2.3"><GO type="225" lobby="0"/><UN n0="%E5%B0%8F%E9%B3%A5%E9%81%8A%E7%B7%B4%E7%84%A1%32%31%E6%AD%B3" n1="%E3%81%BE%E3%81%A8%E3%81%9F" n2="%77%72%77%72%77%72%77%72" n3="%E6%9C%88%E5%A4%9C%E3%81%AB%E9%A2%A8" dan="16,16,17,16" rate="2179.95,2109.01,2136.88,2063.23" sx="F,M,M,M"/><TAIKYOKU oya="0"/><INIT seed="0,0,0,0,4,74" ten="250,250,250,250" oya="0" hai0="101,55,90,68,132,108,50,87,18,131,113,73,84" hai1="107,27,72,121,77,61,48,0,45,64,96,28,4" hai2="58,91,102,82,31,11,17,26,118,99,60,135,10" hai3="9,81,122,104,106,123,92,19,75,53,66,24,112"/><T94/><D68/><U114/><E114/><V88/><F135/><W126/><G112/><T1/><D113/><U129/><E4/><V5/><F118/><W93/><G66/><T15/><D1/><U35/><E0/><V12/><F82/><W54/><G24/><T13/><D132/><U97/><E129/><V119/><F119/><W95/><G19/><T62/><D131/><U6/><E6/><V79/><F79/><N who="3" m="44287" /><G9/><T39/><D39/><U22/><E22/><V63/><F63/><W125/><G53/><T59/><D73/><U44/><E44/><V7/><F7/><W70/><G54/><T38/><D38/><U20/><E20/><V83/><F83/><W40/><G40/><T128/><D128/><U49/><E97/><V47/><F47/><W52/><G52/><N who="0" m="34151" /><D101/><N who="1" m="62887" /><E45/><V134/><F134/><W33/><G33/><T85/><D108/><U41/><E41/><V23/><F11/><W116/><G70/><T56/><D13/><U32/><E121/><N who="3" m="46090" /><G116/><T3/><D3/><U117/><E117/><V110/><F110/><W8/><G8/><AGARI ba="0,0" hai="8,15,18,50,55,56,84,85,87,90,94" m="34151" machi="8" ten="30,2900,0" yaku="8,1,54,1" doraHai="74" who="0" fromWho="3" sc="250,29,250,0,250,0,250,-29" /><INIT seed="0,1,0,3,2,105" ten="279,250,250,221" oya="0" hai0="37,98,36,109,134,107,41,23,92,32,31,126,58" hai1="28,51,104,88,19,71,100,75,3,60,76,57,9" hai2="46,44,25,119,11,108,132,17,91,118,103,67,42" hai3="127,55,8,4,99,102,15,6,83,26,106,87,12"/><T131/><D32/><U121/><E71/><V45/><F108/><W48/><G127/><T22/><D107/><U35/><E51/><V125/><F125/><W68/><G68/><T93/><D126/><U80/><E28/><V61/><F132/><W81/><G26/><T96/><D31/><U74/><E35/><V122/><F122/><W14/><G4/><T120/><D134/><U1/><E88/><V5/><F103/><W95/><G106/><T53/><D41/><U97/><E121/><V114/><F114/><W113/><G113/><T110/><D58/><U43/><E43/><V123/><F91/><W50/><G50/><T94/><D53/><U129/><E129/><V112/><F123/><W52/><G55/><T117/><D120/><U10/><E75/><V7/><F112/><W73/><G73/><T13/><D13/><N who="3" m="5225" /><G87/><T30/><D30/><U133/><E19/><V89/><F89/><W33/><G33/><T79/><D79/><U82/><E133/><V27/><F42/><W116/><G116/><N who="2" m="44585" /><F17/><W128/><G128/><T2/><D117/><U63/><E104/><V90/><F90/><W16/><G6/><N who="2" m="2057" /><F11/><W20/><G8/><T40/><D131/><U39/><E10/><V124/><F124/><W69/><G69/><AGARI ba="1,0" hai="25,27,44,45,46,61,67,69" m="2057,44585" machi="69" ten="30,1000,0" yaku="12,1" doraHai="105" who="2" fromWho="3" sc="279,0,250,0,250,13,221,-13" /><INIT seed="1,0,0,4,4,131" ten="279,250,263,208" oya="1" hai0="123,29,20,65,86,84,22,126,11,117,38,107,5" hai1="15,73,69,2,71,119,111,135,101,110,23,96,79" hai2="95,132,9,28,17,40,24,31,103,94,32,116,91" hai3="41,43,81,36,18,121,21,14,39,62,76,44,133"/><U13/><E2/><V66/><F116/><W87/><G121/><T72/><D72/><U59/><E119/><V89/><F132/><W63/><REACH who="3" step="1"/><G133/><REACH who="3" ten="279,250,263,198" step="2"/><T78/><D123/><U93/><E135/><V12/><F103/><W80/><G80/><T48/><D117/><U58/><E71/><V53/><F66/><W56/><G56/><N who="1" m="21546" /><E69/><V102/><F102/><W120/><G120/><T82/><D65/><U61/><E61/><V99/><F40/><W129/><G129/><T25/><D126/><U85/><E73/><V109/><F109/><N who="1" m="41481" /><E23/><V115/><F115/><W37/><G37/><T64/><D38/><U16/><E16/><V51/><F32/><W33/><G33/><T83/><D20/><U46/><E46/><AGARI ba="0,1" hai="14,18,21,36,39,41,43,44,46,62,63,76,81,87" machi="46" ten="40,2600,0" yaku="1,1,9,1,53,0" doraHai="131" doraHaiUra="34" who="3" fromWho="1" sc="279,0,250,-26,263,0,198,36" /><INIT seed="2,0,0,0,5,77" ten="279,224,263,234" oya="2" hai0="58,71,9,134,33,30,41,70,103,32,59,120,45" hai1="64,89,56,127,19,37,67,72,78,124,0,95,121" hai2="38,74,13,57,8,87,104,85,4,34,116,27,109" hai3="54,69,48,112,61,15,50,130,26,118,107,92,62"/><V76/><F116/><W96/><G118/><T22/><D120/><U2/><E37/><V11/><F38/><W98/><G130/><T51/><D103/><U90/><E121/><V125/><F104/><W111/><G111/><T79/><D134/><U117/><E117/><V119/><F119/><W60/><G107/><T7/><D22/><U122/><E19/><V73/><F109/><W53/><G69/><T63/><D59/><U43/><E43/><V129/><F129/><W31/><G15/><T75/><D30/><U14/><E14/><V29/><F125/><N who="1" m="48201" /><E56/><V82/><F74/><W23/><G112/><T36/><D71/><U35/><E35/><V6/><REACH who="2" step="1"/><F57/><REACH who="2" ten="279,224,253,234" step="2"/><N who="3" m="32935" /><G92/><T91/><D36/><U21/><E95/><V100/><F100/><W28/><G28/><T12/><D70/><U42/><E122/><V39/><F39/><W47/><AGARI ba="0,1" hai="23,26,31,47,50,54,60,61,62,96,98" m="32935" machi="47" ten="30,1100,0" yaku="8,1" doraHai="77" who="3" fromWho="3" sc="279,-3,224,-3,253,-5,234,21" /><INIT seed="3,0,0,5,0,20" ten="276,221,248,255" oya="3" hai0="112,69,108,104,70,66,52,111,113,82,127,74,35" hai1="119,126,91,97,103,22,54,3,78,65,55,128,118" hai2="53,23,58,44,135,29,79,114,123,19,117,90,42" hai3="87,30,50,115,15,92,102,80,5,124,27,34,0"/><W37/><G37/><T134/><D104/><U48/><E3/><V9/><F114/><N who="0" m="44138" /><D134/><U43/><E126/><V14/><F117/><N who="1" m="44553" /><E128/><V11/><F135/><W100/><G124/><T131/><D131/><U93/><E78/><V122/><F79/><W86/><G115/><T107/><D107/><N who="1" m="63983" /><E65/><V129/><F129/><W32/><G32/><T51/><D66/><U133/><E133/><V88/><F29/><W110/><G0/><T95/><D127/><U61/><E61/><V64/><F64/><W2/><G2/><T67/><D67/><U8/><E22/><V96/><F96/><W24/><G110/><N who="0" m="42027" /><D95/><U36/><E8/><V6/><F9/><W12/><G92/><T125/><D125/><U76/><E36/><V98/><F123/><W72/><G34/><T130/><D35/><U94/><E94/><V31/><F122/><W85/><G80/><T40/><D40/><U46/><E76/><V13/><F98/><AGARI ba="0,0" hai="43,46,48,54,55,91,93,98" m="63983,44553" machi="98" ten="30,1000,0" yaku="12,1" doraHai="20" who="1" fromWho="2" sc="276,0,221,10,248,-10,255,0" /><INIT seed="4,0,0,4,1,53" ten="276,231,238,255" oya="0" hai0="80,3,20,95,7,29,67,112,88,22,17,89,118" hai1="57,23,12,30,76,41,77,28,81,51,59,85,122" hai2="48,129,27,96,6,45,50,127,55,32,90,72,61" hai3="46,56,62,74,8,26,70,1,16,2,44,58,0"/><T79/><D118/><U75/><E122/><V113/><F72/><W24/><G74/><T134/><D112/><U91/><E75/><V106/><F113/><W25/><G70/><T78/><D29/><N who="1" m="11371" /><E41/><V11/><F32/><W73/><G73/><T117/><D117/><U54/><E59/><V37/><F129/><W97/><G97/><T49/><D67/><U87/><E87/><V35/><F35/><W68/><G68/><T64/><D64/><U47/><E47/><V42/><F127/><W101/><G101/><T13/><D3/><U33/><E33/><V94/><F27/><W109/><G109/><T121/><D121/><U132/><E132/><V82/><F82/><W104/><G104/><T99/><D7/><U105/><E105/><V66/><F55/><W107/><G107/><T18/><D134/><U83/><E83/><V110/><F110/><W4/><G58/><T14/><D49/><U120/><E120/><V135/><F106/><W128/><G128/><T86/><AGARI ba="0,0" hai="13,14,17,18,20,22,78,79,80,86,88,89,95,99" machi="86" ten="30,11700,0" yaku="0,1,9,1,8,1,54,1" doraHai="53" who="0" fromWho="0" sc="276,117,231,-39,238,-39,255,-39" owari="393,49.3,192,-30.8,199,-20.1,216,1.6" /></mjloggm>