<mjloggm ver="2.3"><GO type="225" lobby="0"/><UN n0="%E3%83%A9%E3%82%B9%E7%8E%87%EF%BC%93%E5%89%B2" n1="%E4%B8%89%E8%8F%B1%E7%A4%BE%E5%93%A1" n2="%E7%89%B9%E6%9D%B1%E3%81%AF%E4%B8%96%E7%95%8C%E3%82%92%E6%95%91%E3%81%86" n3="%E3%81%90%E3%81%A1%E3%82%84%E3%81%BE" dan="16,16,16,16" rate="2220.60,2037.16,2179.70,2139.89" sx="F,M,M,M"/><TAIKYOKU oya="0"/><INIT seed="0,0,0,0,2,105" ten="250,250,250,250" oya="0" hai0="120,38,74,67,19,5,51,78,75,4,12,70,62" hai1="83,26,43,60,88,33,1,52,92,133,55,122,66" hai2="45,48,6,97,49,95,56,131,27,76,54,80,30" hai3="90,35,96,73,17,29,117,106,7,86,37,42,13"/><T89/><D120/><U114/><E122/><V68/><F131/><W65/><G117/><T98/><D38/><U93/><E1/><V0/><F68/><W15/><G65/><T40/><D78/><U101/><E133/><V124/><F124/><W47/><G35/><T20/><D89/><U87/><E43/><V103/><F0/><W81/><G29/><T24/><D98/><U18/><E114/><V59/><F6/><W132/><G132/><T84/><D84/><U2/><E2/><V94/><F94/><N who="1" m="36457" /><E33/><V22/><REACH who="2" step="1"/><F49/><REACH who="2" ten="250,250,240,250" step="2"/><W50/><G50/><T32/><D5/><U110/><E110/><V134/><F134/><W129/><G7/><T127/><D127/><U21/><E101/><V107/><F107/><W23/><G106/><T115/><D115/><U111/><E111/><V14/><F14/><W125/><G13/><T108/><D108/><U9/><E9/><V116/><F116/><W31/><G125/><T100/><D100/><U102/><E102/><V64/><F64/><W25/><G15/><T118/><D118/><U44/><E44/><V119/><F119/><W46/><G46/><T69/><D69/><U109/><E109/><V10/><F10/><W34/><G47/><T82/><D4/><U126/><E126/><V11/><F11/><W58/><G37/><T63/><D63/><U71/><E71/><V123/><F123/><W77/><G129/><T53/><D70/><U99/><E99/><V112/><F112/><W41/><G96/><T121/><D121/><U85/><E85/><AGARI ba="0,1" hai="22,27,30,45,48,54,56,59,76,80,85,95,97,103" machi="85" ten="30,3900,0" yaku="1,1,7,1,8,1,53,0" doraHai="105" doraHaiUra="113" who="2" fromWho="1" sc="250,0,250,-39,240,49,250,0" /><INIT seed="1,0,0,5,5,84" ten="250,211,289,250" oya="1" hai0="118,123,48,77,32,4,64,119,113,68,24,5,63" hai1="131,75,12,19,132,49,45,47,65,122,110,108,117" hai2="13,90,0,107,33,128,94,41,51,59,42,124,37" hai3="34,26,115,96,17,1,35,114,89,71,109,82,56"/><U85/><E122/><V73/><F0/><W112/><G71/><T25/><D77/><U16/><E117/><V9/><F107/><W125/><G1/><T92/><D113/><U20/><E75/><V74/><F33/><W83/><G109/><N who="1" m="42090" /><E132/><V97/><F37/><W21/><G125/><T121/><D119/><U3/><E3/><V7/><F124/><W133/><G133/><T61/><D118/><U14/><E131/><V129/><F59/><W53/><G83/><T39/><D39/><U101/><E101/><V135/><F135/><W55/><G55/><T86/><D32/><U38/><E38/><V58/><F58/><W62/><G82/><T127/><D127/><U69/><E49/><V88/><F90/><W2/><G2/><T95/><D48/><U30/><E30/><V22/><F22/><W29/><G29/><T130/><D130/><N who="2" m="50282" /><F51/><W103/><G103/><T98/><D123/><U76/><E76/><V104/><F104/><W120/><G120/><T60/><D121/><U67/><E85/><V44/><F44/><N who="1" m="16969" /><E69/><V54/><F54/><W72/><G72/><AGARI ba="0,0" hai="7,9,13,41,42,72,73,74,88,94,97" m="50282" machi="72" ten="30,3900,0" yaku="19,1,52,1,54,1" doraHai="84" who="2" fromWho="3" sc="250,0,211,0,289,39,250,-39" /><INIT seed="2,0,0,2,3,20" ten="250,211,328,211" oya="2" hai0="88,67,96,54,70,58,86,9,82,133,112,69,4" hai1="42,123,41,17,35,0,90,12,25,87,24,104,135" hai2="84,43,49,91,130,64,31,45,50,101,37,118,102" hai3="52,113,66,120,22,65,109,94,98,26,34,75,121"/><V55/><F118/><W132/><G75/><T83/><D133/><U85/><E0/><V76/><F130/><W36/><G36/><T40/><D112/><U128/><E128/><V46/><F64/><W33/><G132/><T72/><D40/><N who="1" m="15467" /><E104/><V3/><F3/><W10/><G109/><T100/><D67/><U16/><E35/><V111/><F37/><W7/><G113/><T29/><D29/><U15/><E123/><V79/><F111/><W95/><G10/><T114/><D83/><N who="1" m="49471" /><E87/><V60/><F60/><W32/><G7/><T13/><D72/><U92/><E92/><N who="2" m="54375" /><F31/><W1/><G1/><T116/><D116/><U122/><E122/><V110/><F110/><W106/><G120/><T30/><D30/><U11/><E135/><V61/><F61/><W19/><G121/><T124/><D114/><U68/><E68/><V77/><AGARI ba="0,0" hai="43,45,46,49,50,55,76,77,79,101,102" m="54375" machi="77" ten="30,1500,0" yaku="8,1" doraHai="20" who="2" fromWho="2" sc="250,-5,211,-5,328,15,211,-5" /><INIT seed="2,1,0,0,2,101" ten="245,206,343,206" oya="2" hai0="2,60,81,16,133,79,114,96,11,103,78,91,67" hai1="43,123,20,32,13,35,109,19,117,121,86,95,124" hai2="49,105,18,0,38,89,128,10,9,113,29,50,36" hai3="62,6,73,80,55,118,54,37,84,52,27,57,111"/><V77/><F113/><W63/><G118/><T112/><D133/><U69/><E117/><V4/><F29/><W70/><G37/><T59/><D91/><N who="1" m="53751" /><E69/><V34/><F34/><W100/><G73/><T15/><D2/><U98/><E109/><V94/><F77/><W22/><G111/><T107/><REACH who="0" step="1"/><D78/><REACH who="0" ten="235,206,343,206" step="2"/><U48/><E124/><V24/><F89/><W93/><G100/><T42/><D42/><U110/><E110/><V74/><F0/><W30/><G6/><T51/><D51/><U26/><E48/><V8/><F50/><W53/><G93/><T104/><D104/><U72/><E43/><V119/><F105/><W46/><G70/><T76/><D76/><U135/><E135/><V47/><F4/><W61/><G46/><T132/><D132/><U99/><E123/><V68/><F47/><W125/><G125/><T108/><D108/><U129/><E121/><V31/><F68/><W12/><G12/><T134/><D134/><U92/><E13/><V82/><F38/><W120/><G120/><T58/><D58/><U97/><E26/><V1/><F24/><W102/><G102/><T40/><D40/><U7/><E7/><V88/><F36/><W65/><N who="3" m="13312" /><DORA hai="64" /><W85/><G85/><AGARI ba="1,1" hai="11,15,16,59,60,67,79,81,85,96,103,107,112,114" machi="85" ten="30,7700,0" yaku="1,1,7,1,52,1,54,1,53,0" doraHai="101,64" doraHaiUra="131,106" who="0" fromWho="3" sc="235,90,206,0,343,0,206,-80" /><INIT seed="3,0,0,3,5,30" ten="325,206,343,126" oya="3" hai0="0,107,129,39,29,16,56,135,106,50,23,52,100" hai1="108,69,59,113,51,70,117,36,61,99,115,34,63" hai2="104,28,17,47,75,41,116,40,38,66,60,43,105" hai3="131,31,87,18,90,6,121,96,45,94,35,110,24"/><W123/><G131/><T26/><D0/><U42/><E99/><V9/><F75/><W92/><G110/><T126/><D39/><U49/><E34/><V120/><F116/><W44/><G6/><T130/><D135/><U132/><E132/><V19/><F28/><W122/><REACH who="3" step="1"/><G18/><REACH who="3" ten="325,206,343,116" step="2"/><T111/><D111/><U78/><E108/><V3/><F19/><W82/><G82/><T103/><D16/><U95/><E115/><V64/><F17/><W22/><G22/><T127/><D130/><U79/><E113/><V118/><F9/><W65/><G65/><T85/><D129/><U128/><E128/><V62/><F64/><W68/><G68/><T76/><D127/><U15/><E69/><V91/><F66/><W124/><G124/><T88/><D126/><U101/><E70/><V57/><F118/><W80/><G80/><N who="0" m="47239" /><D107/><U32/><E117/><V125/><F105/><W83/><G83/><T97/><D106/><U48/><E95/><AGARI ba="0,1" hai="23,26,29,50,52,56,88,95,97,100,103" m="47239" machi="95" ten="30,3900,0" yaku="8,1,54,2" doraHai="30" who="0" fromWho="1" sc="325,49,206,-39,343,0,116,0" owari="374,47.4,167,-23.3,343,14.3,116,-38.4" /></mjloggm>