<mjloggm ver="2.3"><GO type="225" lobby="0"/><UN n0="%E7%99%BD%E5%80%89%E5%AF%9B%E4%B9%8B" n1="%E3%81%8B%E3%82%8F%E3%81%A1%E3%82%83%E3%82%93%35%38" n2="%E3%83%A9%E3%83%96%E3%83%AC%E3%83%BC" n3="%E3%83%96%E3%83%83%E3%83%91%E3%82%AA%E3%83%96%E3%83%81%E3%82%AD%E3%83%B3" dan="16,16,16,16" rate="2107.29,2164.17,2139.08,2142.14" sx="M,M,M,M"/><TAIKYOKU oya="0"/><INIT seed="0,0,0,1,3,133" ten="250,250,250,250" oya="0" hai0="12,65,116,119,20,26,87,60,57,2,15,53,58" hai1="84,5,9,73,98,8,52,42,3,121,117,74,66" hai2="4,91,122,45,83,31,81,79,132,92,69,114,0" hai3="39,10,34,129,64,113,27,82,101,99,111,55,23"/><T54/><D2/><U13/><E117/><V17/><F122/><W68/><G113/><T6/><D119/><U67/><E121/><V21/><F114/><W94/><G39/><T97/><D116/><U100/><E42/><V16/><F69/><W18/><G111/><T90/><D97/><U95/><E84/><V22/><F31/><W70/><G129/><T7/><D7/><U120/><E120/><V131/><F131/><W88/><G64/><T102/><D102/><U28/><E28/><V128/><F132/><W37/><G37/><T118/><D118/><U106/><E106/><V24/><F79/><W35/><G55/><T80/><D6/><U85/><E85/><V75/><F75/><W86/><REACH who="3" step="1"/><G10/><REACH who="3" ten="250,250,250,240" step="2"/><T89/><D65/><U30/><E66/><V48/><F128/><W78/><G78/><T104/><D104/><U51/><E67/><V103/><F0/><W11/><G11/><T135/><D135/><U115/><E115/><V72/><F4/><W109/><G109/><T49/><REACH who="0" step="1"/><D90/><REACH who="0" ten="240,250,250,240" step="2"/><U107/><E3/><V126/><F91/><W76/><G76/><T41/><D41/><U71/><E5/><V19/><F103/><W1/><G1/><T105/><D105/><U50/><E107/><V36/><F36/><W127/><G127/><T29/><AGARI ba="0,2" hai="12,15,20,26,29,49,53,54,57,58,60,80,87,89" machi="29" ten="20,12000,1" yaku="1,1,0,1,7,1,8,1,53,1" doraHai="133" doraHaiUra="46" who="0" fromWho="0" sc="240,140,250,-40,250,-40,240,-40" /><INIT seed="0,1,0,4,1,15" ten="380,210,210,200" oya="0" hai0="19,107,7,125,85,123,119,10,45,26,103,99,129" hai1="71,34,40,95,114,68,124,54,60,18,36,9,81" hai2="82,102,3,51,1,90,109,4,111,28,2,49,89" hai3="35,6,87,21,32,48,50,115,110,76,74,106,8"/><T17/><D119/><U122/><E34/><V69/><F28/><W27/><G106/><T66/><D123/><U13/><E122/><V128/><F102/><W97/><G74/><T92/><D125/><U58/><E124/><V0/><F82/><W41/><G115/><T94/><D129/><U134/><E114/><V100/><F100/><W104/><G110/><N who="2" m="41993" /><F69/><W47/><G50/><N who="2" m="18953" /><F128/><W14/><G104/><T20/><D45/><U132/><E81/><V86/><F86/><W108/><G97/><T75/><D75/><U42/><E95/><V78/><F78/><W131/><G131/><T130/><D130/><U70/><REACH who="1" step="1"/><E36/><REACH who="1" ten="380,200,210,200" step="2"/><V57/><F90/><W25/><G108/><T43/><D107/><U46/><E46/><V113/><F89/><W24/><REACH who="3" step="1"/><G21/><REACH who="3" ten="380,200,210,190" step="2"/><T88/><D43/><AGARI ba="1,2" hai="9,13,18,40,42,43,54,58,60,68,70,71,132,134" machi="43" ten="50,3200,0" yaku="1,1,52,1,53,0" doraHai="15" doraHaiUra="33" who="1" fromWho="0" sc="380,-35,200,55,210,0,190,0" /><INIT seed="1,0,0,1,3,105" ten="345,255,210,190" oya="1" hai0="56,44,21,78,22,93,15,62,108,118,36,17,48" hai1="73,58,110,83,66,52,120,5,86,88,49,90,39" hai2="128,6,77,121,30,2,95,50,42,107,18,81,4" hai3="75,35,53,129,41,133,109,72,122,115,96,20,85"/><U37/><E120/><V0/><F107/><W127/><G122/><T67/><D108/><U43/><E110/><V59/><F121/><W69/><G115/><T89/><D118/><U97/><E5/><V29/><F95/><W64/><G35/><T82/><D36/><U40/><E73/><V100/><F100/><W8/><G109/><T24/><D78/><U25/><E37/><V125/><F128/><W55/><G129/><T79/><D79/><U11/><E39/><V1/><F125/><W126/><G20/><T76/><D76/><U10/><E25/><V87/><F18/><W123/><G85/><T28/><D82/><U102/><E90/><V45/><REACH who="2" step="1"/><F59/><REACH who="2" ten="345,255,200,190" step="2"/><W116/><G123/><T130/><D130/><U12/><E66/><V60/><F60/><W101/><G64/><T103/><D103/><U31/><E31/><AGARI ba="0,1" hai="0,1,2,4,6,29,30,31,42,45,50,77,81,87" machi="31" ten="40,1300,0" yaku="1,1,53,0" doraHai="105" doraHaiUra="134" who="2" fromWho="1" sc="345,0,255,-13,200,23,190,0" /><INIT seed="2,0,0,3,3,5" ten="345,242,223,190" oya="2" hai0="102,10,36,4,40,130,109,125,115,57,32,37,111" hai1="54,134,69,112,127,44,131,43,52,7,27,123,68" hai2="117,122,77,0,24,18,70,25,84,17,118,9,86" hai3="67,72,62,99,66,41,121,97,59,38,93,30,45"/><V95/><F70/><N who="1" m="27241" /><E27/><V101/><F122/><W6/><G121/><T104/><D32/><U35/><E7/><V26/><F101/><W133/><G133/><T61/><D115/><U106/><E106/><V21/><F95/><W33/><G72/><T53/><D125/><U76/><E76/><V48/><F48/><W110/><G110/><N who="0" m="41995" /><D40/><U28/><E28/><V83/><F86/><W81/><G81/><T80/><D80/><U3/><E3/><V74/><F74/><W15/><G67/><T50/><D130/><U116/><E35/><V20/><F26/><W82/><G82/><T90/><D90/><U11/><E123/><V113/><F113/><W105/><G105/><T34/><D34/><U107/><E107/><V128/><F128/><W31/><G33/><T56/><D102/><U96/><E131/><V88/><F77/><W1/><G1/><N who="0" m="271" /><D104/><U91/><E112/><V23/><F23/><W85/><G85/><T100/><D100/><U119/><E96/><V103/><F103/><W75/><G75/><T49/><D49/><N who="1" m="26783" /><E91/><V129/><F129/><W16/><G99/><T55/><AGARI ba="0,0" hai="36,37,50,53,55,56,57,61" m="271,41995" machi="55" ten="30,2000,0" yaku="14,1,52,1" doraHai="5" who="0" fromWho="0" sc="345,20,242,-5,223,-10,190,-5" /><INIT seed="3,0,0,3,2,119" ten="365,237,213,185" oya="3" hai0="18,82,6,102,16,1,59,84,61,35,104,64,5" hai1="88,80,29,25,134,9,83,72,26,42,114,56,106" hai2="97,103,73,33,3,127,124,0,115,86,81,15,41" hai3="39,45,131,68,23,36,90,108,133,120,20,74,7"/><W66/><G74/><T94/><D35/><U47/><E106/><V58/><F33/><W100/><G100/><T76/><D104/><U70/><E70/><V132/><F115/><W27/><G7/><N who="0" m="2571" /><D1/><U10/><E134/><V98/><F41/><W101/><G101/><T24/><D24/><U52/><E114/><V107/><F98/><AGARI ba="0,0" hai="16,18,59,61,64,76,82,84,94,98,102" m="2571" machi="98" ten="30,2000,0" yaku="8,1,54,1" doraHai="119" who="0" fromWho="2" sc="365,20,237,0,213,-20,185,0" owari="385,48.5,237,3.7,193,-20.7,185,-31.5" /></mjloggm>