<mjloggm ver="2.3"><GO type="225" lobby="0"/><UN n0="%E3%81%BF%E3%81%BF%E3%81%9A" n1="%E6%9C%88%E5%B3%B6%E5%9F%BA" n2="%70%68%65%6E%6F%6D%65" n3="%E3%81%8B%E3%82%8F%E3%81%A1%E3%82%83%E3%82%93%35%38" dan="17,17,16,16" rate="2195.45,2182.42,2161.21,2127.47" sx="M,M,M,M"/><TAIKYOKU oya="0"/><INIT seed="0,0,0,2,5,13" ten="250,250,250,250" oya="0" hai0="113,101,92,132,36,41,40,62,10,65,66,29,47" hai1="134,135,23,106,118,89,48,58,91,5,49,26,20" hai2="0,93,56,120,55,68,24,50,128,22,46,54,72" hai3="37,99,119,8,43,9,126,51,116,70,1,103,76"/><T33/><D113/><U87/><E118/><V127/><F120/><W61/><G37/><T86/><D132/><N who="1" m="50731" /><E106/><V45/><F127/><W59/><G70/><T110/><D110/><U122/><E122/><V94/><F128/><W63/><G76/><T96/><D40/><U129/><E129/><V14/><F0/><W90/><G90/><T53/><D10/><U18/><E5/><V107/><F107/><W108/><G8/><T52/><D66/><U35/><E35/><V7/><F68/><W74/><G74/><T85/><D29/><N who="1" m="17607" /><E58/><V38/><F72/><W111/><G9/><T115/><D33/><U75/><E75/><V19/><F38/><W131/><G131/><T88/><D115/><U30/><E30/><V98/><F46/><N who="3" m="26079" /><G1/><T105/><REACH who="0" step="1"/><D85/><REACH who="0" ten="240,250,250,250" step="2"/><U21/><E87/><V71/><F7/><W12/><G111/><T17/><D17/><U39/><E18/><V32/><F32/><W130/><G108/><T109/><D109/><U124/><E124/><V117/><F117/><W11/><G126/><T34/><D34/><U114/><E114/><V112/><F112/><W15/><G130/><T82/><D82/><U123/><E123/><V133/><F133/><W78/><G119/><T3/><D3/><U80/><E80/><V83/><F83/><W4/><G116/><T60/><D60/><U28/><E39/><V77/><F19/><W73/><G63/><T42/><D42/><U67/><E67/><V100/><F55/><N who="3" m="34047" /><G11/><T79/><D79/><U27/><E23/><V84/><F77/><W102/><G4/><T25/><D25/><U121/><E121/><RYUUKYOKU ba="0,1" sc="240,15,250,15,250,-15,250,-15" hai0="36,41,47,52,53,62,65,86,88,92,96,101,105" hai1="21,27,28,48,49,89,91" /><INIT seed="0,1,1,2,0,3" ten="255,265,235,235" oya="0" hai0="29,69,21,36,9,83,92,109,95,48,31,17,41" hai1="44,90,96,7,82,108,18,72,6,71,117,88,52" hai2="80,121,110,128,42,47,26,2,118,102,98,91,62" hai3="54,87,107,35,120,34,100,129,103,135,5,46,23"/><T66/><D36/><U104/><E117/><V33/><F118/><W73/><G73/><T70/><D66/><U81/><E71/><V75/><F121/><W40/><G120/><T60/><D60/><U4/><E108/><V45/><F110/><W76/><G54/><T25/><D109/><U106/><E72/><V10/><F128/><W61/><G61/><T134/><D134/><U38/><E38/><V53/><F33/><W85/><G23/><T19/><D83/><N who="1" m="31755" /><E106/><V50/><F26/><W74/><G74/><T78/><D78/><U13/><E104/><V99/><F62/><W67/><G107/><T127/><D127/><U123/><E96/><V122/><F122/><W132/><G67/><T49/><D41/><U15/><E123/><V65/><F65/><W20/><G40/><T105/><D105/><U115/><E115/><V130/><F130/><W51/><G76/><T59/><D59/><U8/><E15/><V86/><F75/><W89/><G129/><T24/><D9/><U16/><E18/><V119/><F102/><W94/><G103/><T68/><D68/><U79/><E79/><V0/><F119/><W12/><G100/><T114/><REACH who="0" step="1"/><D21/><REACH who="0" ten="245,265,235,235" step="2"/><U30/><E30/><V56/><F10/><N who="3" m="4175" /><G20/><T77/><D77/><U116/><E116/><V39/><F56/><W37/><G37/><T112/><AGARI ba="1,2" hai="17,19,24,25,29,31,48,49,69,70,92,95,112,114" machi="112" ten="25,9600,0" yaku="1,1,0,1,22,2,53,0" doraHai="3" doraHaiUra="43" who="0" fromWho="0" sc="245,119,265,-33,235,-33,235,-33" /><INIT seed="0,2,0,4,2,22" ten="364,232,202,202" oya="0" hai0="99,75,45,102,16,116,2,36,81,39,42,80,35" hai1="133,126,92,113,109,69,64,28,106,25,105,32,56" hai2="43,77,79,72,1,111,82,118,107,48,37,49,10" hai3="24,86,17,68,104,125,20,85,88,132,114,95,21"/><T53/><D116/><U5/><E109/><V41/><F111/><W121/><G114/><T61/><D2/><U31/><E113/><V23/><F118/><W65/><G125/><T6/><D6/><U11/><E126/><V19/><F107/><W91/><G132/><T26/><D39/><U135/><E31/><V130/><F77/><W47/><G104/><N who="1" m="40042" /><E56/><V18/><F130/><W134/><G134/><N who="1" m="51210" /><E92/><V90/><F90/><W129/><G129/><T8/><D75/><U123/><E123/><V14/><F43/><W7/><G121/><T44/><D35/><U73/><E73/><V60/><F60/><W12/><G68/><T40/><D61/><N who="1" m="40079" /><E11/><V30/><F30/><N who="3" m="17671" /><G65/><T0/><D53/><U71/><E5/><N who="2" m="1327" /><F19/><W78/><G7/><T122/><D122/><U4/><E4/><V34/><F34/><W112/><G112/><T57/><D57/><U27/><E27/><V74/><F74/><W127/><G127/><T52/><D0/><U110/><E110/><V128/><F128/><W119/><G119/><T59/><D44/><AGARI ba="2,0" hai="14,18,23,37,41,44,48,49,72,79,82" m="1327" machi="44" ten="30,1000,0" yaku="25,1" doraHai="22" who="2" fromWho="0" sc="364,-16,232,0,202,16,202,0" /><INIT seed="1,0,0,1,0,84" ten="348,232,218,202" oya="1" hai0="0,5,70,40,117,129,135,80,116,44,67,34,26" hai1="4,58,74,125,100,114,87,128,99,25,16,133,63" hai2="72,86,91,131,28,12,41,76,47,110,81,123,119" hai3="33,68,27,121,82,9,17,108,65,7,85,49,32"/><U8/><E114/><V97/><F119/><W113/><G113/><T13/><D13/><U21/><E74/><V105/><F123/><W101/><G121/><T104/><D80/><U10/><E128/><V35/><F131/><W46/><G108/><T90/><D90/><U29/><E133/><V122/><F122/><W54/><G101/><T53/><D53/><U69/><E69/><V14/><F14/><W2/><G65/><T118/><D104/><U73/><E73/><V106/><F110/><W55/><G68/><T78/><D78/><U43/><E125/><V36/><F97/><W92/><G92/><T107/><D107/><U103/><E43/><V127/><F127/><W83/><G83/><T39/><D129/><U59/><E59/><V71/><F71/><W102/><G102/><N who="1" m="38954" /><E99/><V24/><REACH who="2" step="1"/><F12/><REACH who="2" ten="348,232,208,202" step="2"/><W42/><G32/><T60/><D135/><U93/><E4/><V120/><F120/><W88/><REACH who="3" step="1"/><G33/><REACH who="3" ten="348,232,208,192" step="2"/><T134/><D134/><U79/><E93/><AGARI ba="0,2" hai="24,28,35,36,41,47,72,76,81,86,91,93,105,106" machi="93" ten="30,3900,0" yaku="1,1,7,1,52,1,53,0" doraHai="84" doraHaiUra="132" who="2" fromWho="1" sc="348,0,232,-39,208,59,192,0" /><INIT seed="2,0,0,2,0,98" ten="348,193,267,192" oya="2" hai0="52,16,99,69,118,14,67,41,33,107,45,36,25" hai1="42,51,109,125,124,83,122,127,111,30,94,65,86" hai2="101,88,106,24,0,57,2,71,20,7,129,82,50" hai3="123,43,102,53,95,100,87,37,84,27,31,4,61"/><V18/><F71/><W22/><G123/><T92/><D107/><U9/><E122/><V93/><F129/><W55/><G4/><T132/><D132/><U68/><E30/><V74/><F7/><W130/><G130/><T28/><D118/><U62/><E94/><V59/><F106/><W46/><G55/><T6/><D6/><U121/><E9/><V96/><F74/><W21/><G21/><T85/><D85/><U116/><E116/><V73/><F73/><W76/><G87/><T115/><D115/><U103/><E103/><V114/><F114/><W12/><G12/><T48/><D67/><U134/><E121/><V26/><F24/><W47/><G95/><T120/><D69/><U79/><E134/><V15/><F26/><W81/><REACH who="3" step="1"/><G61/><REACH who="3" ten="348,193,267,182" step="2"/><T8/><D120/><U40/><E40/><V104/><F93/><W29/><G29/><T119/><D119/><U11/><E11/><V23/><F20/><W128/><G128/><T89/><D52/><U35/><E35/><V39/><F23/><W91/><G91/><T49/><AGARI ba="0,1" hai="8,14,16,25,28,33,36,41,45,48,49,89,92,99" machi="49" ten="30,2000,0" yaku="0,1,54,1" doraHai="98" who="0" fromWho="0" sc="348,30,193,-5,267,-10,182,-5" /><INIT seed="3,0,0,4,1,69" ten="378,188,257,177" oya="3" hai0="56,30,77,123,121,62,55,131,72,27,6,134,94" hai1="78,116,41,26,21,100,81,46,5,73,79,16,75" hai2="25,47,93,132,53,89,38,65,9,33,80,49,74" hai3="96,43,114,44,40,3,61,112,115,91,101,20,111"/><W106/><G3/><T59/><D6/><U127/><E127/><V102/><F132/><W68/><G111/><T45/><D45/><U60/><E116/><V51/><F65/><W42/><G20/><T1/><D1/><U15/><E100/><V57/><F38/><W113/><N who="3" m="28672" /><DORA hai="128" /><W0/><G0/><T64/><D134/><U135/><E135/><V48/><F102/><W23/><G23/><T87/><D72/><U31/><E60/><V18/><F33/><W71/><G61/><T103/><D131/><U107/><E107/><V97/><F74/><W36/><REACH who="3" step="1"/><G91/><REACH who="3" ten="378,188,257,167" step="2"/><T63/><D27/><U67/><E26/><V118/><F25/><W133/><G133/><T11/><D30/><U14/><E31/><V109/><F109/><W117/><G117/><T129/><D129/><U90/><E90/><V28/><F89/><W110/><G110/><T85/><D121/><U37/><E78/><V88/><F118/><W105/><G105/><T124/><D123/><U119/><E119/><V50/><F28/><W104/><G104/><T32/><D32/><U86/><REACH who="1" step="1"/><E67/><REACH who="1" ten="378,178,257,167" step="2"/><V10/><F88/><W92/><G92/><T12/><D77/><U82/><E82/><V125/><F80/><W58/><G58/><T2/><D2/><U4/><E4/><V84/><F57/><W7/><G7/><N who="0" m="3199" /><D124/><U19/><E19/><V29/><F125/><W70/><AGARI ba="0,2" hai="36,40,42,43,44,68,70,71,96,101,106" m="28672" machi="70" ten="70,18000,2" yaku="1,1,0,1,52,1,53,3" doraHai="69,128" doraHaiUra="66,34" who="3" fromWho="3" sc="378,-60,178,-60,257,-60,167,200" owari="318,11.8,118,-38.2,197,-20.3,367,46.7" /></mjloggm>