<mjloggm ver="2.3"><GO type="225" lobby="0"/><UN n0="%77%72%77%72%77%72%77%72" n1="%E3%83%B4%E3%82%A3%E3%83%AF%E3%82%B3%E3%82%B0%E3%83%8B" n2="%E7%99%BD%E9%9B%AA%E4%B9%83%E6%84%9B" n3="%E3%82%A4%E3%83%BC%E3%82%B1%E3%83%97%E3%83%A9" dan="17,17,16,16" rate="2178.27,2212.50,2056.40,2165.31" sx="M,M,F,M"/><TAIKYOKU oya="0"/><INIT seed="0,0,0,5,4,102" ten="250,250,250,250" oya="0" hai0="75,54,112,87,46,39,99,17,57,2,1,73,0" hai1="101,115,114,134,5,113,67,119,52,30,37,25,6" hai2="92,41,8,58,65,51,59,89,127,91,27,98,22" hai3="96,84,23,122,97,111,100,128,86,69,24,82,4"/><T132/><D112/><U77/><E37/><V125/><F8/><W95/><G69/><T18/><D132/><U14/><E119/><V29/><F91/><W32/><G32/><T36/><D87/><U56/><E134/><V64/><F58/><W104/><G111/><T15/><D99/><U81/><E14/><V45/><REACH who="2" step="1"/><F59/><REACH who="2" ten="250,250,240,250" step="2"/><W116/><G116/><T90/><D90/><U105/><E114/><V126/><AGARI ba="0,1" hai="22,27,29,41,45,51,64,65,89,92,98,125,126,127" machi="126" ten="30,8000,1" yaku="1,1,2,1,0,1,18,1,53,1" doraHai="102" doraHaiUra="43" who="2" fromWho="2" sc="250,-40,250,-20,240,90,250,-20" /><INIT seed="1,0,0,5,4,2" ten="210,230,330,230" oya="1" hai0="62,59,15,37,97,11,124,27,18,7,108,91,80" hai1="102,60,121,61,126,17,58,40,106,29,89,101,99" hai2="90,24,88,85,81,39,76,47,65,95,8,84,72" hai3="55,110,87,63,109,118,129,30,36,42,19,131,3"/><U77/><E126/><V71/><F71/><W50/><G3/><T116/><D116/><U44/><E121/><V10/><F65/><W31/><G63/><T21/><D124/><U111/><E77/><V132/><F132/><W25/><G118/><T134/><D134/><U68/><E29/><V38/><F24/><W5/><G42/><T26/><D108/><N who="3" m="41577" /><G36/><T41/><D37/><U92/><E111/><V51/><F10/><W34/><G31/><T115/><D41/><U73/><E73/><V120/><F120/><W94/><G19/><T78/><D115/><U117/><E117/><V23/><F23/><W119/><G5/><T28/><D97/><U93/><E106/><V53/><REACH who="2" step="1"/><F8/><REACH who="2" ten="210,230,320,230" step="2"/><W14/><G119/><T49/><D27/><U100/><E68/><V75/><F75/><W113/><G113/><T67/><D28/><U135/><E135/><V20/><F20/><W0/><G25/><T105/><D105/><U69/><E69/><V70/><F70/><W22/><G22/><T12/><D26/><U107/><E107/><V125/><F125/><W48/><G30/><T83/><D78/><U64/><E17/><V112/><F112/><W130/><G130/><T127/><D127/><U122/><E122/><V9/><F9/><W74/><G131/><T54/><REACH who="0" step="1"/><D91/><REACH who="0" ten="200,230,320,230" step="2"/><U133/><E133/><V104/><F104/><W1/><G129/><T114/><D114/><U79/><E79/><V56/><F56/><AGARI ba="0,2" hai="7,11,12,15,18,21,49,54,56,59,62,67,80,83" machi="56" ten="30,12000,2" yaku="1,1,7,1,8,1,52,1,53,2" doraHai="2" doraHaiUra="52" who="0" fromWho="2" sc="200,140,230,0,320,-120,230,0" /><INIT seed="2,0,0,0,1,15" ten="340,230,200,230" oya="2" hai0="96,90,48,78,129,130,85,22,45,41,49,2,1" hai1="111,91,58,10,132,28,14,32,92,109,3,112,35" hai2="38,43,69,100,68,18,40,126,50,125,47,81,102" hai3="113,37,4,95,55,36,67,23,12,30,83,21,54"/><V39/><F81/><W80/><G67/><T93/><D22/><U63/><E112/><V74/><F74/><W46/><G113/><T76/><D48/><U124/><E3/><V103/><F50/><W16/><G4/><T134/><D134/><U20/><E124/><V60/><F18/><W7/><G7/><T17/><D17/><N who="1" m="10295" /><E10/><V29/><F29/><W118/><G118/><T106/><D1/><U133/><E28/><V122/><F122/><W26/><G95/><T25/><D25/><U13/><E13/><V115/><F115/><W99/><G99/><T31/><D31/><U101/><E101/><V123/><F123/><W77/><G83/><T75/><D2/><U73/><E73/><V19/><F19/><W34/><G34/><N who="1" m="12842" /><E91/><V8/><F8/><W86/><REACH who="3" step="1"/><G46/><REACH who="3" ten="340,230,200,220" step="2"/><T64/><D64/><N who="1" m="39031" /><E92/><V53/><F47/><W6/><G6/><T27/><D130/><U5/><E5/><V11/><F102/><W62/><G62/><T59/><D129/><U33/><E33/><V24/><F60/><W104/><G104/><T131/><D131/><U116/><E116/><V120/><F120/><W61/><G61/><T82/><D59/><U88/><E133/><V9/><F126/><W128/><G128/><T110/><D106/><U135/><E135/><V57/><F125/><W117/><G117/><T121/><D121/><U72/><E132/><V87/><F57/><W89/><G89/><T119/><D119/><U51/><E88/><V42/><F100/><W52/><AGARI ba="0,1" hai="12,16,21,23,26,30,36,37,52,54,55,77,80,86" machi="52" ten="30,8000,1" yaku="1,1,0,1,52,1,54,2,53,0" doraHai="15" doraHaiUra="0" who="3" fromWho="3" sc="340,-20,230,-20,200,-40,220,90" /><INIT seed="3,0,0,1,2,78" ten="320,210,160,310" oya="3" hai0="29,87,82,41,40,130,120,102,93,1,20,4,80" hai1="73,109,58,104,10,124,63,49,65,15,32,135,18" hai2="51,0,5,56,19,98,44,128,108,90,117,45,106" hai3="113,121,74,36,97,86,85,75,111,68,77,52,72"/><W6/><G113/><T30/><D120/><U54/><E109/><V55/><F117/><W115/><G115/><T50/><D130/><U2/><E104/><V13/><F108/><W64/><G121/><T8/><D82/><U125/><E73/><V118/><F118/><W48/><G36/><T57/><D40/><U38/><E38/><V94/><F128/><W26/><G111/><T116/><D116/><U107/><E107/><V11/><F106/><W33/><G6/><T34/><D34/><U59/><E135/><V39/><F39/><W16/><G97/><T60/><D50/><U88/><E32/><V17/><F17/><W43/><G43/><T100/><D41/><U25/><E2/><V131/><F131/><W83/><G85/><T81/><D81/><U133/><E133/><V62/><F62/><W122/><G122/><T37/><D37/><U134/><E134/><V42/><F42/><W7/><G7/><T89/><D20/><U9/><E25/><V71/><F71/><W53/><G48/><T92/><D92/><U61/><E88/><V12/><REACH who="2" step="1"/><F0/><REACH who="2" ten="320,210,150,310" step="2"/><W3/><G3/><T79/><D30/><U84/><E63/><V114/><F114/><W35/><G16/><T91/><D29/><U27/><E61/><V47/><F47/><W119/><G119/><T76/><D60/><U67/><E58/><V70/><F70/><W23/><G68/><T129/><D57/><U95/><E59/><V69/><F69/><W103/><G64/><T22/><D129/><U14/><E67/><V132/><F132/><W123/><G123/><T110/><D110/><RYUUKYOKU ba="0,1" sc="320,-10,210,-10,150,30,310,-10" hai2="5,11,12,13,19,44,45,51,55,56,90,94,98" owari="320,42.0,200,-20.0,180,-32.0,300,10.0" /></mjloggm>