<mjloggm ver="2.3"><GO type="225" lobby="0"/><UN n0="%E3%83%A9%E3%83%BC%E3%83%A1%E3%83%B3%E4%BA%94%E9%83%8E" n1="%70%68%65%6E%6F%6D%65" n2="%E3%82%BC%E3%83%AB%E3%83%80%E3%81%AE%E4%BC%9D%E8%AA%AC" n3="%E3%81%BF%E3%81%BF%E3%81%9A" dan="16,16,17,17" rate="2069.33,2177.37,2153.65,2177.34" sx="M,M,M,M"/><TAIKYOKU oya="0"/><INIT seed="0,0,0,4,5,19" ten="250,250,250,250" oya="0" hai0="5,83,61,131,130,36,118,71,50,116,112,46,88" hai1="20,65,77,12,80,10,108,63,75,70,104,26,92" hai2="23,122,98,21,128,24,27,120,66,22,69,129,64" hai3="28,51,59,7,25,87,78,90,8,100,48,52,57"/><T123/><D112/><U127/><E108/><V56/><F69/><W62/><G100/><T72/><D123/><N who="2" m="47146" /><F98/><W133/><G78/><T124/><D36/><U0/><E127/><V60/><F66/><W114/><G133/><T86/><D124/><U47/><E104/><V103/><F103/><W31/><G114/><T101/><D72/><U45/><E0/><V68/><F68/><W58/><G51/><T93/><D5/><U55/><E92/><V115/><F115/><W39/><G39/><T40/><D93/><U126/><E55/><V33/><F33/><W67/><G58/><T38/><D38/><U30/><REACH who="1" step="1"/><E126/><REACH who="1" ten="250,240,250,250" step="2"/><V89/><F89/><W6/><G90/><T49/><D101/><U95/><E95/><V105/><F105/><W125/><G52/><T14/><D116/><U54/><E54/><V32/><F32/><W134/><G125/><T4/><D118/><U113/><E113/><V76/><F76/><W18/><G134/><T110/><D110/><U29/><E29/><V41/><F41/><W74/><G31/><T79/><D79/><U13/><E13/><V117/><F117/><W85/><G28/><T16/><D14/><U121/><E121/><V34/><F34/><W82/><G67/><T107/><D107/><U119/><E119/><V11/><F11/><W91/><G8/><T94/><D40/><U97/><E97/><V3/><F3/><W1/><G1/><T42/><D42/><U17/><AGARI ba="0,1" hai="10,12,17,20,26,30,45,47,63,65,70,75,77,80" machi="17" ten="20,5200,0" yaku="1,1,0,1,7,1,52,1,53,0" doraHai="19" doraHaiUra="96" who="1" fromWho="1" sc="250,-26,240,62,250,-13,250,-13" /><INIT seed="1,0,0,5,4,113" ten="224,302,237,237" oya="1" hai0="114,55,123,94,110,19,11,86,108,20,22,77,131" hai1="81,32,135,65,51,128,54,102,45,49,6,99,46" hai2="75,1,0,78,56,69,67,107,25,105,16,74,31" hai3="21,112,106,50,111,97,63,40,35,91,101,116,30"/><U48/><E128/><V120/><F120/><W24/><G112/><T58/><D114/><U57/><E32/><N who="2" m="20591" /><F16/><W68/><G111/><N who="0" m="42539" /><D131/><U5/><E135/><V10/><F56/><W23/><G91/><N who="0" m="53623" /><D123/><U33/><E33/><V121/><F121/><W87/><G87/><T130/><D130/><U66/><E81/><N who="2" m="45271" /><F75/><W133/><G116/><T132/><D132/><U83/><E83/><V122/><F122/><W90/><G90/><T64/><D64/><U98/><E57/><V76/><F76/><W79/><G79/><T95/><D95/><U109/><E109/><V85/><F85/><W61/><G133/><T29/><D77/><U41/><E49/><V27/><F27/><W4/><G63/><N who="0" m="36319" /><D29/><U47/><E47/><V129/><F129/><W39/><G50/><T118/><D118/><U60/><E60/><N who="2" m="40167" /><F10/><W84/><G84/><T9/><D22/><U73/><E73/><V3/><AGARI ba="0,0" hai="0,1,3,105,107" m="40167,45271,20591" machi="3" ten="30,2000,0" yaku="33,2" doraHai="113" who="2" fromWho="2" sc="224,-5,302,-10,237,20,237,-5" /><INIT seed="2,0,0,1,2,40" ten="219,292,257,232" oya="2" hai0="15,13,66,129,125,53,48,107,133,27,57,52,106" hai1="124,102,104,90,74,110,87,70,98,95,8,120,34" hai2="68,105,117,115,45,83,69,46,20,88,58,36,71" hai3="63,97,43,103,18,32,28,4,99,91,72,49,1"/><V134/><F115/><W96/><G72/><T9/><D125/><U5/><E124/><V108/><F117/><W131/><G131/><T132/><D129/><U64/><E110/><V86/><F105/><W128/><G128/><T54/><D27/><U22/><E34/><V113/><F113/><W135/><G135/><N who="0" m="51787" /><D15/><U84/><E74/><V67/><F134/><W37/><G28/><T17/><D66/><U47/><E120/><V31/><F36/><W76/><G32/><T89/><D89/><U77/><E22/><V61/><REACH who="2" step="1"/><F108/><REACH who="2" ten="219,292,247,232" step="2"/><W130/><G37/><T81/><D81/><U23/><E104/><AGARI ba="0,1" hai="9,13,17,48,52,53,54,57,104,106,107" m="51787" machi="104" ten="30,2000,0" yaku="20,1,54,1" doraHai="40" who="0" fromWho="1" sc="219,30,292,-20,247,0,232,0" /><INIT seed="3,0,0,3,5,99" ten="249,272,247,232" oya="3" hai0="71,12,111,5,100,115,88,75,113,69,86,72,49" hai1="77,78,107,58,116,57,21,24,18,34,3,64,105" hai2="8,90,135,33,22,52,43,101,89,36,74,45,9" hai3="41,67,6,80,32,70,11,120,121,68,4,85,93"/><W37/><G93/><T19/><D111/><U124/><E3/><V25/><F33/><W114/><G4/><T96/><D49/><U50/><E34/><V28/><F74/><N who="0" m="28202" /><D5/><U47/><E124/><V117/><F117/><W56/><G56/><T16/><D88/><U87/><E116/><V66/><F135/><W102/><G85/><T109/><D86/><U48/><E87/><V51/><F66/><W30/><G80/><T97/><D109/><U130/><E130/><V65/><F65/><W17/><G17/><N who="0" m="6731" /><D12/><U23/><E18/><V61/><F61/><W35/><G102/><T112/><D97/><U59/><E64/><V20/><F20/><W95/><G95/><AGARI ba="0,0" hai="69,71,95,96,100,112,113,115" m="6731,28202" machi="95" ten="40,5200,0" yaku="11,1,52,1,54,1" doraHai="99" who="0" fromWho="3" sc="249,52,272,0,247,0,232,-52" owari="301,40.1,272,7.2,247,-15.3,180,-32.0" /></mjloggm>