<mjloggm ver="2.3"><GO type="225" lobby="0"/><UN n0="%6C%65%74%69%74%62%65" n1="%50%69%73%38" n2="%E4%BF%BA%E3%81%A8%E5%A6%96%E5%A4%A2" n3="%E4%B8%AD%E5%B9%B4%E3%81%AE%E5%8D%B1%E6%A9%9F" dan="16,16,16,16" rate="2084.38,2090.66,2245.06,2132.75" sx="M,M,F,M"/><TAIKYOKU oya="0"/><INIT seed="0,0,0,1,4,127" ten="250,250,250,250" oya="0" hai0="2,134,95,48,80,84,115,120,89,60,63,64,105" hai1="123,18,45,25,21,55,69,125,14,110,34,83,56" hai2="38,111,119,39,30,91,17,71,130,37,59,74,54" hai3="106,133,11,85,135,1,50,76,92,109,66,82,27"/><T29/><D120/><U31/><E123/><V94/><F74/><W81/><G106/><T51/><D115/><U3/><E125/><V16/><F71/><W68/><G68/><T23/><D105/><U61/><E110/><V108/><F30/><W117/><G66/><T22/><D2/><U44/><E69/><V65/><F65/><W75/><G1/><T7/><D7/><U70/><E70/><V15/><F119/><W78/><G11/><T5/><D5/><U126/><E126/><V90/><F130/><W116/><G50/><T79/><D134/><N who="3" m="51209" /><G27/><T20/><D29/><U62/><E62/><V40/><F40/><W58/><G58/><N who="0" m="36887" /><D63/><U77/><REACH who="1" step="1"/><E3/><REACH who="1" ten="250,240,250,250" step="2"/><V9/><F111/><W49/><G109/><T96/><AGARI ba="0,1" hai="20,22,23,48,51,79,80,84,89,95,96" m="36887" machi="96" ten="30,1500,0" yaku="8,1" doraHai="127" who="0" fromWho="0" sc="250,25,240,-5,250,-5,250,-5" /><INIT seed="0,1,0,2,4,89" ten="275,235,245,245" oya="0" hai0="60,42,93,81,99,8,38,92,65,75,86,132,9" hai1="63,103,102,84,128,6,100,109,123,32,98,56,64" hai2="94,20,122,66,80,79,101,57,11,26,88,97,69" hai3="110,119,113,31,70,52,125,121,12,14,117,10,73"/><T95/><D75/><U131/><E123/><V40/><F122/><W45/><G70/><T33/><D33/><U27/><E6/><V71/><F40/><W1/><G73/><T126/><D132/><U116/><E116/><V41/><F41/><W4/><G121/><T19/><D126/><U85/><E109/><V36/><F36/><W82/><G82/><T111/><D111/><U2/><E2/><V25/><F11/><W67/><G67/><T0/><D0/><U22/><E32/><V118/><F118/><N who="3" m="45067" /><G52/><T24/><D99/><U3/><E3/><V28/><F26/><W15/><G45/><T48/><D38/><U13/><E13/><V49/><F49/><W18/><G110/><T55/><D42/><U35/><E35/><V107/><F57/><W59/><G59/><N who="0" m="37023" /><D19/><U46/><E46/><V115/><F66/><W96/><G96/><T53/><D24/><U68/><E68/><V5/><F5/><W135/><G31/><T23/><D53/><U106/><E102/><V47/><F47/><W54/><G54/><T72/><D72/><U34/><E103/><V39/><F39/><W90/><G113/><T76/><D23/><U105/><E34/><V74/><F115/><W51/><G51/><T104/><D104/><U129/><REACH who="1" step="1"/><E105/><REACH who="1" ten="275,225,245,245" step="2"/><V21/><REACH who="2" step="1"/><F20/><REACH who="2" ten="275,225,235,245" step="2"/><N who="3" m="11335" /><G125/><T62/><D62/><U30/><AGARI ba="1,2" hai="22,27,30,56,63,64,84,85,98,100,106,128,129,131" machi="30" ten="30,12000,2" yaku="1,1,0,1,19,1,53,3" doraHai="89" doraHaiUra="124" who="1" fromWho="1" sc="275,-61,225,143,235,-31,245,-31" /><INIT seed="1,0,0,3,4,68" ten="214,368,204,214" oya="1" hai0="61,117,63,78,71,30,120,60,8,18,32,35,77" hai1="123,129,126,90,31,92,76,37,72,128,109,9,51" hai2="94,44,97,116,6,58,96,101,15,127,69,105,62" hai3="10,57,130,2,108,121,115,28,65,42,98,26,107"/><U22/><E123/><V133/><F116/><W122/><G57/><T110/><D117/><U111/><E9/><V84/><F69/><W54/><G54/><T89/><D71/><U79/><E126/><V93/><F127/><W100/><G65/><T21/><D110/><N who="1" m="41995" /><E51/><V102/><F133/><W38/><G108/><T17/><D120/><U81/><E76/><V3/><F3/><W103/><G103/><T74/><D89/><U82/><E81/><V66/><F44/><N who="3" m="23639" /><G115/><T114/><D114/><U23/><E37/><V59/><F59/><W75/><G75/><T14/><D74/><U55/><E55/><V0/><F0/><W50/><G50/><T91/><D91/><U99/><E31/><V36/><F36/><W131/><G122/><T13/><REACH who="0" step="1"/><D30/><REACH who="0" ten="204,368,204,214" step="2"/><U1/><E72/><V125/><F125/><W113/><G121/><T95/><D95/><U47/><E92/><V52/><F94/><W86/><G113/><T27/><D27/><U29/><E90/><V33/><F84/><W25/><G86/><T70/><D70/><U5/><E29/><V124/><F124/><W49/><G28/><T41/><D41/><U53/><E128/><N who="3" m="49194" /><G49/><T39/><D39/><U40/><E129/><V135/><F93/><W56/><G56/><T80/><D80/><U7/><E82/><V34/><F101/><W112/><G112/><T134/><D134/><U67/><E40/><V11/><F135/><W85/><G85/><T24/><D24/><U19/><E79/><AGARI ba="0,1" hai="8,13,14,17,18,21,32,35,60,61,63,77,78,79" machi="79" ten="40,1300,0" yaku="1,1,53,0" doraHai="68" doraHaiUra="118" who="0" fromWho="1" sc="204,23,368,-13,204,0,214,0" /><INIT seed="2,0,0,5,3,63" ten="227,355,204,214" oya="2" hai0="68,110,98,72,96,64,106,39,108,109,105,47,15" hai1="57,90,60,44,133,104,100,87,76,21,46,34,124" hai2="14,0,89,70,122,119,114,4,23,73,74,45,13" hai3="7,131,19,33,127,6,26,83,92,80,112,67,59"/><V54/><F114/><W86/><G112/><T117/><D72/><U30/><E34/><V29/><F119/><W75/><G127/><T132/><D132/><U120/><E120/><V82/><F122/><W48/><G131/><T91/><D117/><U116/><E116/><V107/><F107/><N who="0" m="40970" /><D15/><U61/><E124/><V40/><F0/><W52/><G75/><T3/><D3/><U118/><E118/><V78/><F73/><W56/><G33/><T41/><D91/><U36/><E36/><V20/><F54/><W16/><G92/><T49/><D49/><U31/><E76/><V88/><F70/><W53/><G67/><T42/><D42/><U85/><E100/><V10/><F29/><W134/><G134/><T101/><D101/><U55/><E104/><V22/><REACH who="2" step="1"/><F14/><REACH who="2" ten="227,355,194,214" step="2"/><W93/><G26/><T32/><D32/><U79/><E133/><V18/><F18/><N who="3" m="6699" /><G6/><T65/><D68/><U71/><E71/><V25/><F25/><W99/><G7/><T38/><D64/><U84/><E31/><V62/><F62/><N who="3" m="36111" /><G86/><T43/><D65/><U77/><E61/><V69/><F69/><W28/><G28/><T113/><D113/><U125/><E125/><V51/><AGARI ba="0,1" hai="4,10,13,20,22,23,40,45,51,74,78,82,88,89" machi="51" ten="30,6000,0" yaku="1,1,0,1,54,1,53,0" doraHai="63" doraHaiUra="50" who="2" fromWho="2" sc="227,-20,355,-20,194,70,214,-20" /><INIT seed="2,1,0,2,2,19" ten="207,335,264,194" oya="2" hai0="25,26,1,69,6,103,12,81,8,119,4,99,133" hai1="59,76,52,48,28,23,7,124,94,120,87,21,107" hai2="97,55,43,50,84,65,96,29,5,40,128,102,129" hai3="78,14,20,91,85,60,58,113,89,33,86,62,37"/><V38/><F65/><W126/><G33/><T100/><D69/><U47/><E107/><V22/><F5/><W101/><G37/><T41/><D133/><U105/><E105/><V31/><F84/><W39/><G39/><T36/><D119/><U104/><E104/><V54/><F38/><W10/><G113/><T90/><D4/><U92/><E124/><V57/><F54/><W71/><G71/><T121/><D121/><U125/><E125/><V18/><F31/><W61/><G101/><T77/><D12/><U73/><E73/><V3/><F29/><W118/><G118/><T30/><D90/><N who="3" m="34313" /><G126/><T111/><D111/><U123/><E7/><V80/><F80/><N who="3" m="47255" /><G86/><T67/><D99/><N who="2" m="37962" /><F102/><W13/><G10/><T127/><D127/><U35/><E28/><V95/><F95/><N who="1" m="36393" /><E35/><V110/><F3/><W108/><G108/><T16/><D30/><U42/><E76/><V51/><F110/><W116/><G116/><T11/><D100/><U122/><E87/><V27/><F51/><AGARI ba="1,0" hai="21,23,42,47,48,51,52,59,120,122,123" m="36393" machi="51" ten="30,7700,0" yaku="13,1,52,2,54,1" doraHai="19" who="1" fromWho="2" sc="207,0,335,80,264,-80,194,0" /><INIT seed="3,0,0,1,3,39" ten="207,415,184,194" oya="3" hai0="89,12,122,132,112,15,98,115,64,126,22,26,120" hai1="1,67,73,117,17,88,105,118,62,128,9,53,124" hai2="41,32,8,18,121,30,102,101,52,45,135,119,55" hai3="23,60,87,131,10,106,25,92,14,63,43,123,70"/><W83/><G106/><T38/><D132/><U95/><E105/><V99/><F119/><N who="1" m="45577" /><E73/><V113/><F113/><N who="0" m="43594" /><D38/><U68/><E124/><V54/><F135/><W56/><G123/><T36/><D36/><U51/><E128/><V2/><F121/><N who="0" m="46698" /><D64/><U110/><E110/><V77/><F77/><W4/><G131/><T58/><D58/><N who="1" m="33087" /><E17/><V127/><F127/><W79/><G70/><T104/><D126/><U34/><E34/><V134/><F134/><W97/><G56/><T84/><D98/><N who="1" m="57703" /><E9/><V50/><F99/><W35/><G35/><T86/><D104/><U24/><E24/><V80/><F32/><W90/><REACH who="3" step="1"/><G43/><REACH who="3" ten="207,415,184,184" step="2"/><T65/><D65/><U5/><E1/><V100/><F2/><W96/><G96/><T13/><D89/><U108/><E108/><V19/><F8/><W47/><G47/><T72/><D72/><U57/><E5/><V109/><F109/><W59/><G59/><AGARI ba="0,1" hai="57,59,62,67,68" m="57703,33087,45577" machi="59" ten="30,2000,0" yaku="12,1,54,1" doraHai="39" who="1" fromWho="3" sc="207,0,415,30,184,0,184,-20" owari="207,0.7,445,54.5,184,-21.6,164,-33.6" /></mjloggm>