<mjloggm ver="2.3"><GO type="225" lobby="0"/><UN n0="%33%73%74%72%69%6B%65%73" n1="%E5%91%A8%E6%9D%B1" n2="%E3%83%81%E3%83%A7%E3%83%99%E3%83%83%E3%82%AF" n3="%E3%83%96%E3%83%83%E3%83%91%E3%82%AA%E3%83%96%E3%83%81%E3%82%AD%E3%83%B3" dan="16,16,16,16" rate="2145.90,2148.30,2124.25,2163.69" sx="M,M,M,M"/><TAIKYOKU oya="0"/><INIT seed="0,0,0,2,1,46" ten="250,250,250,250" oya="0" hai0="77,59,32,64,44,3,47,104,58,83,110,102,33" hai1="122,8,80,1,111,81,106,135,75,16,86,82,63" hai2="29,52,91,105,99,124,30,90,92,28,93,70,78" hai3="126,62,84,120,38,65,101,132,72,130,108,34,45"/><T4/><D110/><U19/><E122/><V68/><F105/><W76/><G108/><T43/><D47/><U55/><E111/><V15/><F124/><W69/><G120/><T11/><D102/><U107/><E75/><V117/><F78/><W118/><G118/><T50/><D104/><U48/><E63/><V56/><F15/><W60/><G126/><T39/><D64/><U35/><E35/><V112/><F112/><W42/><G130/><T109/><D109/><U128/><E128/><V2/><F2/><W79/><G132/><T20/><D20/><U9/><E135/><V61/><REACH who="2" step="1"/><F117/><REACH who="2" ten="250,250,240,250" step="2"/><W96/><G76/><T73/><D58/><N who="1" m="33127" /><E1/><V25/><F25/><W49/><G79/><T40/><D40/><U31/><E107/><V5/><F5/><W12/><G42/><T100/><D100/><U129/><E106/><V131/><F131/><W74/><G101/><T0/><D0/><U125/><E125/><V66/><F66/><W22/><G65/><T94/><D94/><U87/><E129/><V37/><F37/><W133/><G38/><T119/><D119/><U26/><E26/><V134/><F134/><W123/><G123/><T114/><D114/><U115/><E115/><V6/><F6/><W103/><G103/><T116/><D116/><U88/><E88/><V113/><F113/><W89/><G89/><T36/><D36/><U97/><E82/><V54/><F54/><AGARI ba="0,1" hai="3,4,11,32,33,39,43,44,50,54,59,73,77,83" machi="54" ten="40,7700,0" yaku="25,2,52,1" doraHai="46" who="0" fromWho="2" sc="250,87,250,0,240,-77,250,0" /><INIT seed="0,1,0,1,3,33" ten="337,250,163,250" oya="0" hai0="117,44,101,98,99,46,76,62,126,129,127,30,20" hai1="77,8,23,86,50,58,69,71,95,26,84,4,110" hai2="104,105,32,123,130,83,68,131,43,3,66,108,29" hai3="13,113,72,91,14,100,34,28,88,49,125,107,73"/><T65/><D117/><U116/><E116/><V115/><F115/><W25/><G113/><T78/><D129/><N who="2" m="49162" /><F123/><W74/><G125/><N who="0" m="47627" /><D20/><U102/><E110/><V97/><F43/><W0/><G0/><T40/><D30/><U22/><E71/><V63/><F83/><W51/><G107/><N who="2" m="41033" /><F97/><N who="0" m="36874" /><D101/><U60/><E69/><V109/><F29/><W89/><REACH who="3" step="1"/><G100/><REACH who="3" ten="337,250,163,240" step="2"/><T90/><D40/><U59/><E102/><V112/><F112/><W27/><G27/><T79/><D90/><U133/><E26/><V35/><F3/><W120/><G120/><T10/><D79/><U82/><E77/><V87/><F87/><W80/><G80/><T38/><D78/><U93/><E82/><V48/><F109/><W118/><G118/><T94/><D76/><U7/><E86/><V75/><F108/><W134/><G134/><T57/><D94/><U61/><E133/><V54/><F75/><W36/><G36/><T17/><D38/><U56/><E93/><V70/><F70/><W31/><G31/><T45/><D17/><U121/><E121/><V67/><F32/><W52/><G52/><T19/><D19/><U1/><E95/><V64/><F35/><W106/><G106/><T21/><D65/><U85/><E84/><V12/><F12/><AGARI ba="1,1" hai="12,13,14,25,28,34,49,51,72,73,74,88,89,91" machi="12" ten="50,3200,0" yaku="1,1,54,1,53,0" doraHai="33" doraHaiUra="41" who="3" fromWho="2" sc="337,0,250,0,163,-35,240,45" /><INIT seed="1,0,0,0,5,111" ten="337,250,128,285" oya="1" hai0="135,112,50,10,117,81,56,39,34,134,103,89,55" hai1="84,18,106,102,124,27,70,109,88,47,3,8,11" hai2="28,45,101,119,38,113,110,120,105,7,29,53,42" hai3="24,35,75,80,104,30,83,5,46,40,60,14,73"/><U90/><E109/><V114/><F119/><W127/><G104/><T21/><D34/><U26/><E70/><V66/><F120/><W86/><G127/><T128/><D39/><U68/><E68/><V36/><F110/><W52/><G5/><T79/><D117/><U37/><E124/><V99/><F66/><W92/><G14/><T0/><D103/><U72/><E72/><V31/><F36/><W16/><G16/><T15/><D89/><U96/><E90/><V87/><F7/><W116/><G92/><T59/><D112/><N who="2" m="43114" /><F53/><W91/><G116/><T77/><D0/><U82/><E3/><V25/><F87/><W95/><G73/><T74/><D55/><U51/><E37/><V132/><F132/><W100/><G75/><T63/><D74/><U44/><E44/><V133/><F133/><W62/><G86/><T130/><D135/><U65/><E65/><V118/><F118/><W22/><G46/><T98/><D134/><U54/><E8/><V41/><F41/><W123/><G40/><T93/><D10/><U107/><E107/><V2/><F2/><W108/><G108/><T33/><D128/><U94/><E106/><V131/><F131/><W76/><G123/><T1/><D1/><U48/><E48/><V122/><F122/><W115/><G115/><T78/><D50/><U43/><E43/><V57/><F57/><W97/><G52/><T17/><D59/><U129/><E129/><V20/><AGARI ba="0,0" hai="20,25,28,29,31,38,42,45,99,101,105" m="43114" machi="20" ten="30,7900,0" yaku="11,1,52,3" doraHai="111" who="2" fromWho="2" sc="337,-20,250,-39,128,79,285,-20" /><INIT seed="2,0,0,3,2,64" ten="317,211,207,265" oya="2" hai0="82,33,40,120,99,108,16,22,10,104,47,127,31" hai1="39,28,5,36,114,34,112,84,46,52,73,94,2" hai2="107,90,93,77,97,17,32,103,106,124,69,122,81" hai3="37,56,121,14,72,118,7,86,58,53,89,111,49"/><V27/><F122/><W113/><G118/><T21/><D108/><U67/><E73/><V75/><F17/><W12/><G121/><T80/><D127/><U95/><E34/><V3/><F3/><W29/><G111/><T30/><D33/><U23/><E2/><V54/><F54/><W0/><G113/><T119/><D104/><U18/><E5/><V129/><F124/><W134/><G134/><T109/><D99/><U71/><E28/><V62/><F129/><W6/><G72/><T19/><D10/><U96/><E84/><V50/><F50/><W83/><G37/><T25/><D119/><U76/><E76/><V110/><F110/><W55/><G29/><T63/><D63/><U102/><E95/><V117/><F117/><W61/><G0/><T9/><D9/><U11/><E11/><V125/><F125/><W26/><G26/><N who="0" m="16727" /><D120/><U115/><E67/><N who="2" m="41207" /><F27/><W41/><REACH who="3" step="1"/><G41/><REACH who="3" ten="317,211,207,255" step="2"/><T132/><D132/><U45/><E39/><V4/><F32/><W68/><G68/><T38/><D109/><U87/><E71/><V48/><F75/><W128/><G128/><T98/><D38/><U35/><E36/><V8/><F107/><W79/><G79/><T20/><D31/><U51/><E35/><V1/><F106/><W57/><G57/><T24/><D40/><U92/><E46/><V13/><F77/><W15/><AGARI ba="0,1" hai="6,7,12,14,15,49,53,55,56,58,61,83,86,89" machi="15" ten="30,4000,0" yaku="1,1,0,1,8,1,53,0" doraHai="64" doraHaiUra="131" who="3" fromWho="3" sc="317,-10,211,-10,207,-20,255,50" /><INIT seed="3,0,0,3,3,14" ten="307,201,187,305" oya="3" hai0="55,113,89,109,134,10,88,47,95,54,39,48,64" hai1="25,132,22,37,4,40,65,69,129,135,108,38,32" hai2="68,120,72,31,7,60,131,105,86,122,71,46,66" hai3="23,2,56,91,43,6,11,130,52,5,67,81,126"/><W76/><G126/><T28/><D39/><U103/><E32/><V26/><F72/><W114/><G130/><T83/><D109/><U58/><E108/><V121/><F131/><W36/><G114/><T125/><D125/><U50/><E103/><V29/><F105/><W18/><G6/><T123/><D123/><U20/><E129/><V21/><F7/><W101/><G101/><T57/><D134/><N who="1" m="51243" /><E4/><V117/><F117/><W24/><G91/><T127/><D127/><U133/><E133/><V75/><F75/><W44/><G67/><T74/><D64/><U42/><E69/><V27/><F86/><W102/><G102/><T79/><D28/><N who="1" m="17447" /><E22/><V128/><F128/><W100/><G100/><T84/><D10/><U77/><E77/><V17/><F27/><W34/><G34/><T104/><D104/><U13/><E13/><V94/><F94/><W80/><G76/><T8/><D8/><U118/><E118/><V15/><F71/><W19/><G19/><T82/><D113/><U62/><E42/><V45/><F45/><AGARI ba="0,0" hai="37,38,40,45,50,58,62,65" m="17447,51243" machi="45" ten="30,1000,0" yaku="20,1" doraHai="14" who="1" fromWho="2" sc="307,0,201,10,187,-10,305,0" owari="307,40.7,211,-18.9,177,-32.3,305,10.5" /></mjloggm>