<mjloggm ver="2.3"><GO type="225" lobby="0"/><UN n0="%41%6F%54" n1="%E3%83%A9%E3%83%BC%E3%83%A1%E3%83%B3%E4%BA%94%E9%83%8E" n2="%E3%83%A9%E3%82%B9%E7%8E%87%EF%BC%93%E5%89%B2" n3="%E5%A4%8F%E9%88%B4%E9%88%B4%E5%A4%8F" dan="16,16,16,16" rate="2082.61,2114.70,2168.82,2112.63" sx="M,M,F,F"/><TAIKYOKU oya="0"/><INIT seed="0,0,0,2,2,105" ten="250,250,250,250" oya="0" hai0="4,55,47,23,82,8,63,6,9,93,98,102,26" hai1="108,44,91,30,61,123,40,94,74,28,68,35,52" hai2="41,57,43,36,11,115,58,27,116,18,21,2,33" hai3="89,86,7,13,15,42,64,85,106,121,16,114,54"/><T124/><D124/><U129/><E123/><V95/><F115/><W119/><G119/><T71/><D71/><U17/><E108/><V25/><F116/><W62/><G114/><T132/><D132/><U131/><E17/><V101/><F2/><W14/><G106/><T75/><D82/><U83/><E68/><V51/><F36/><W0/><G121/><T127/><D127/><U56/><E35/><V29/><F11/><W72/><G42/><T45/><D75/><U104/><E104/><V73/><F73/><W110/><G110/><T125/><D125/><U59/><E59/><V65/><F57/><W134/><G72/><T78/><D78/><N who="1" m="44503" /><E91/><V3/><F3/><W120/><G120/><T24/><D63/><U76/><E94/><V38/><F38/><W133/><G54/><T126/><D126/><U103/><E103/><V118/><F118/><W49/><G49/><N who="0" m="29103" /><D47/><U12/><E12/><V87/><F51/><W111/><G111/><T122/><D24/><U84/><E76/><V96/><REACH who="2" step="1"/><F87/><REACH who="2" ten="250,250,240,250" step="2"/><W31/><G86/><T79/><D122/><U92/><E84/><V107/><F107/><W81/><G134/><T66/><D9/><U88/><E56/><V80/><F80/><W109/><G133/><T10/><D10/><U135/><E135/><V50/><F50/><W1/><G109/><T32/><D8/><U5/><E5/><V69/><F69/><N who="3" m="42135" /><G7/><T128/><D4/><U117/><E117/><V100/><F100/><W46/><G0/><T34/><D6/><U112/><E112/><V113/><F113/><W97/><G1/><T99/><D102/><RYUUKYOKU ba="0,1" sc="250,-10,250,-10,240,30,250,-10" hai2="18,21,25,27,29,33,41,43,58,65,95,96,101" /><INIT seed="1,1,1,3,1,78" ten="240,240,270,240" oya="1" hai0="3,133,109,110,42,120,85,97,104,99,4,72,64" hai1="131,98,87,52,76,48,18,6,41,117,91,46,125" hai2="105,111,96,81,5,123,49,106,118,129,68,11,65" hai3="134,126,71,82,67,63,127,32,93,84,86,102,2"/><U12/><E117/><V122/><F118/><W90/><G32/><T60/><D133/><U51/><E125/><V27/><F111/><N who="0" m="42506" /><D72/><U103/><E131/><V132/><F132/><W43/><G134/><T40/><D120/><U66/><E66/><V17/><F129/><W74/><G2/><T13/><D3/><U24/><E6/><V94/><F105/><W9/><G74/><T128/><D85/><U10/><E24/><V21/><F106/><W25/><G102/><N who="0" m="62543" /><D99/><U58/><E76/><V114/><F114/><W33/><G43/><T100/><D100/><U83/><E98/><V119/><F119/><W80/><G9/><N who="0" m="4263" /><D128/><U116/><E116/><V130/><F130/><W45/><G45/><T59/><AGARI ba="1,1" hai="40,42,59,60,64" m="4263,62543,42506" machi="59" ten="30,1100,0" yaku="14,1" doraHai="78" who="0" fromWho="0" sc="240,24,240,-6,270,-4,240,-4" /><INIT seed="2,0,0,2,3,95" ten="264,234,266,236" oya="2" hai0="42,80,2,10,39,31,18,122,27,114,104,115,58" hai1="8,133,73,24,88,14,96,127,4,67,108,12,59" hai2="82,101,109,98,121,118,48,46,130,15,30,38,7" hai3="47,111,25,89,81,22,84,135,57,45,117,54,69"/><V17/><F118/><W19/><G117/><T37/><D122/><U33/><E73/><V79/><F121/><W64/><G111/><T34/><D58/><U53/><E108/><V49/><F109/><W92/><G135/><T103/><D18/><U51/><E133/><V63/><F130/><W125/><G125/><T50/><D50/><U29/><E127/><V26/><F7/><W113/><G64/><T131/><D80/><U5/><E67/><V97/><F63/><W112/><G69/><T77/><D77/><U28/><E28/><V32/><F38/><W21/><G113/><T61/><D61/><U120/><E120/><V86/><F101/><W44/><G112/><T110/><D110/><U40/><E40/><V55/><REACH who="2" step="1"/><F49/><REACH who="2" ten="264,234,256,236" step="2"/><N who="3" m="30927" /><G22/><AGARI ba="0,1" hai="15,17,22,26,30,32,46,48,55,79,82,86,97,98" machi="22" ten="30,12000,1" yaku="1,1,7,1,52,2,53,1" doraHai="95" doraHaiUra="72" who="2" fromWho="3" sc="264,0,234,0,256,130,236,-120" /><INIT seed="2,1,0,4,2,102" ten="264,234,386,116" oya="2" hai0="24,0,18,6,10,103,61,109,25,46,84,72,74" hai1="89,42,79,101,5,59,15,104,8,35,128,119,118" hai2="116,62,81,92,37,85,71,7,38,76,55,94,17" hai3="40,54,110,105,56,107,90,111,132,34,27,106,57"/><V124/><F116/><W114/><G132/><T82/><D109/><N who="3" m="41481" /><G114/><T108/><D108/><U47/><E35/><V67/><F124/><W117/><G117/><T14/><D61/><U122/><E128/><V133/><F133/><W53/><G40/><T83/><D103/><U58/><E122/><V99/><F7/><W48/><G90/><T69/><D69/><U97/><E79/><V135/><F135/><W33/><G27/><T64/><D64/><U91/><E119/><V120/><F120/><W63/><AGARI ba="1,0" hai="33,34,48,53,54,56,57,63,105,106,107" m="41481" machi="63" ten="40,8000,1" yaku="14,1,52,3" doraHai="102" who="3" fromWho="3" sc="264,-21,234,-21,386,-41,116,83" /><INIT seed="3,0,0,2,1,52" ten="243,213,345,199" oya="3" hai0="68,135,107,69,75,57,14,36,37,60,113,43,110" hai1="7,23,134,128,8,103,48,96,126,118,111,27,5" hai2="88,46,6,71,38,32,41,45,95,101,13,34,28" hai3="11,74,82,78,29,18,61,24,77,47,127,92,2"/><W115/><G115/><T15/><D107/><U120/><E120/><V67/><F101/><W117/><G127/><T105/><D105/><U79/><E126/><V94/><F28/><W64/><G117/><T17/><D75/><U21/><E118/><V84/><F95/><W58/><G78/><T112/><D17/><U83/><E111/><V98/><F98/><W59/><G92/><T131/><D110/><U76/><E134/><V100/><F100/><W116/><G47/><T66/><D135/><U10/><E128/><V125/><F125/><W129/><G129/><T35/><D35/><U124/><E124/><V104/><F104/><W51/><G116/><T50/><D14/><U121/><E121/><V119/><F119/><W26/><G29/><T53/><D15/><U130/><E130/><V90/><F90/><W49/><G18/><T63/><D131/><U39/><E39/><N who="0" m="14921" /><D43/><U9/><E48/><V89/><F89/><W19/><G19/><T22/><D22/><N who="1" m="8203" /><E27/><V62/><F45/><W70/><G49/><T1/><D1/><U54/><E54/><V42/><F42/><W31/><G51/><T91/><D91/><U123/><E123/><V72/><F72/><W86/><G74/><T87/><D87/><N who="1" m="48615" /><E79/><V114/><F114/><N who="0" m="44138" /><D50/><U40/><E40/><V106/><F106/><W55/><G31/><T3/><D3/><U16/><E16/><V65/><F32/><W109/><G109/><T80/><D80/><U12/><E5/><V85/><F34/><W0/><G0/><T20/><D20/><U25/><E25/><N who="3" m="9834" /><G55/><T99/><D99/><U93/><AGARI ba="0,0" hai="7,8,9,10,12,93,96,103" m="48615,8203" machi="93" ten="30,2000,0" yaku="5,1,8,1" doraHai="52" who="1" fromWho="1" sc="243,-5,213,20,345,-5,199,-10" owari="238,3.8,233,-16.7,340,44.0,189,-31.1" /></mjloggm>