<mjloggm ver="2.3"><GO type="225" lobby="0"/><UN n0="%E3%81%BF%E3%81%BF%E3%81%9A" n1="%E7%89%B9%E6%9D%B1%E3%81%AF%E4%B8%96%E7%95%8C%E3%82%92%E6%95%91%E3%81%86" n2="%E7%89%B9%E6%9D%B1%E5%96%B0%E8%B5%A4%E9%80%9F" n3="%E6%81%A5%E6%99%92%E3%81%97" dan="17,16,16,16" rate="2143.41,2188.79,2017.43,2119.24" sx="M,M,M,M"/><TAIKYOKU oya="0"/><INIT seed="0,0,0,4,0,64" ten="250,250,250,250" oya="0" hai0="68,130,85,118,5,43,89,38,124,73,22,60,23" hai1="12,14,3,69,102,30,77,100,97,110,86,8,48" hai2="44,96,80,54,87,39,82,72,133,127,112,122,59" hai3="32,107,50,66,98,29,126,1,104,4,108,24,35"/><T93/><D118/><U63/><E3/><V135/><F112/><W67/><G108/><T111/><D111/><U94/><E110/><V27/><F122/><W106/><G126/><T37/><D124/><U47/><E30/><V101/><F72/><W28/><G50/><T79/><D5/><U99/><E69/><V103/><F27/><W52/><G98/><T132/><D130/><U76/><E63/><V51/><F127/><W91/><G91/><T33/><D33/><U2/><E2/><V57/><F80/><W75/><G75/><T61/><D132/><N who="2" m="50762" /><F39/><W56/><G28/><T81/><D60/><U36/><E36/><V74/><F74/><W18/><G18/><T134/><D134/><U95/><E86/><V131/><F131/><W119/><G119/><T55/><D55/><U34/><E34/><V41/><F41/><W19/><G19/><T70/><D38/><U40/><REACH who="1" step="1"/><E12/><REACH who="1" ten="250,240,250,250" step="2"/><V11/><F87/><W125/><G35/><T78/><D79/><U123/><E123/><V129/><F129/><W117/><G125/><T7/><D61/><U90/><E90/><V84/><F103/><W49/><REACH who="3" step="1"/><G117/><REACH who="3" ten="250,240,250,240" step="2"/><T15/><D37/><U62/><E62/><V128/><F128/><W10/><AGARI ba="0,2" hai="1,4,10,24,29,32,49,52,56,66,67,104,106,107" machi="10" ten="40,8000,1" yaku="1,1,2,1,0,1,54,1,53,0" doraHai="64" doraHaiUra="113" who="3" fromWho="3" sc="250,-40,240,-20,250,-20,240,100" /><INIT seed="1,0,0,1,3,63" ten="210,220,230,340" oya="1" hai0="98,58,4,106,126,30,86,54,123,2,51,102,120" hai1="124,121,39,26,130,72,6,81,79,33,131,15,110" hai2="22,118,29,23,5,24,117,45,12,56,35,119,129" hai3="62,50,77,42,88,135,84,70,28,14,8,21,80"/><U96/><E121/><N who="0" m="46665" /><D126/><U128/><E124/><V67/><F45/><N who="3" m="25911" /><G70/><T27/><D86/><U13/><E39/><V38/><F38/><W9/><G135/><T19/><D19/><U134/><E134/><V91/><F91/><W83/><G77/><T68/><D68/><U100/><E6/><V40/><F40/><W108/><G108/><T11/><D27/><U112/><E112/><V92/><F92/><N who="3" m="54279" /><G62/><T49/><D30/><N who="1" m="19671" /><E110/><V44/><F117/><W7/><G8/><T16/><D16/><U66/><E66/><V127/><F127/><W115/><G115/><T105/><D49/><U111/><E111/><V32/><F118/><W57/><G57/><T60/><D51/><U61/><E61/><N who="2" m="38311" /><F35/><W31/><G21/><T113/><D113/><U18/><E18/><V1/><F32/><W82/><AGARI ba="0,0" hai="7,9,14,28,31,80,82,83" m="54279,25911" machi="82" ten="30,2000,0" yaku="8,1,54,1" doraHai="63" who="3" fromWho="3" sc="210,-5,220,-10,230,-5,340,20" /><INIT seed="2,0,0,0,2,34" ten="205,210,225,360" oya="2" hai0="35,52,74,111,69,56,122,86,116,104,15,1,2" hai1="45,46,26,53,102,114,72,60,32,44,12,85,57" hai2="80,126,98,61,93,87,119,63,97,113,128,108,89" hai3="117,107,118,130,59,91,23,16,25,3,79,49,4"/><V120/><F120/><W27/><G107/><T75/><D122/><U132/><E114/><V48/><F113/><W24/><G79/><T7/><D69/><U17/><E72/><V129/><F119/><W36/><G36/><T66/><D104/><U76/><E132/><V88/><F126/><W68/><G68/><T77/><D35/><U112/><E112/><V8/><F48/><W30/><G91/><T65/><D86/><U135/><E135/><V41/><F41/><W67/><G130/><N who="2" m="50281" /><F108/><W38/><G38/><T95/><D95/><U55/><E102/><N who="2" m="60719" /><F8/><N who="3" m="2079" /><G59/><T127/><D127/><U99/><E99/><V62/><F98/><W13/><G67/><T29/><D29/><U101/><E101/><V40/><F40/><W22/><G49/><T115/><D115/><U133/><E133/><V21/><F21/><N who="3" m="11407" /><G25/><T10/><D111/><U121/><E121/><V131/><N who="2" m="50289" /><V47/><DORA hai="73" /><F47/><W14/><G14/><T94/><D94/><U50/><E26/><V84/><F84/><W82/><G82/><T71/><D116/><U39/><E39/><V43/><F43/><W42/><G42/><T33/><D75/><U28/><E85/><V81/><F81/><W100/><G100/><T125/><D125/><U83/><E83/><V92/><F92/><W124/><G124/><T106/><D106/><U134/><E134/><V31/><F31/><AGARI ba="0,0" hai="22,23,24,27,30,31,117,118" m="11407,2079" machi="31" ten="30,7700,0" yaku="34,2,52,1,54,1" doraHai="34,73" who="3" fromWho="2" sc="205,0,210,0,225,-77,360,77" /><INIT seed="3,0,0,3,4,23" ten="205,210,148,437" oya="3" hai0="127,133,25,61,87,52,106,111,105,117,3,66,73" hai1="43,78,116,96,110,126,20,81,132,123,135,13,44" hai2="47,70,63,124,104,29,131,6,59,93,69,77,16" hai3="34,72,14,114,19,37,122,65,92,39,24,95,40"/><W91/><G95/><T53/><D73/><U62/><E123/><V33/><F104/><W28/><G65/><T103/><D3/><U32/><E32/><V71/><F131/><W79/><G40/><T56/><D117/><U31/><E116/><V22/><F6/><W80/><G114/><T102/><D111/><U60/><E110/><V7/><F7/><W129/><G129/><T35/><D127/><U64/><E96/><V0/><F0/><W99/><G122/><T50/><D133/><N who="1" m="51275" /><E64/><V2/><F2/><W9/><AGARI ba="0,0" hai="9,14,19,24,28,34,37,39,72,79,80,91,92,99" machi="9" ten="20,3900,0" yaku="0,1,7,1,52,1" doraHai="23" who="3" fromWho="3" sc="205,-13,210,-13,148,-13,437,39" owari="192,-20.8,197,-0.3,135,-36.5,476,57.6" /></mjloggm>