<mjloggm ver="2.3"><GO type="225" lobby="0"/><UN n0="%6C%65%74%69%74%62%65" n1="%43%68%65" n2="%E3%81%B2%E3%81%AA%E3%81%AE%E3%82%8A%E3%81%8F" n3="%E9%B4%A8%4E%45%47%49" dan="16,16,16,16" rate="2098.10,2209.68,2099.84,2071.13" sx="M,M,M,M"/><TAIKYOKU oya="0"/><INIT seed="0,0,0,4,0,55" ten="250,250,250,250" oya="0" hai0="97,110,76,95,131,23,71,16,133,47,91,11,15" hai1="29,92,12,52,67,32,89,56,49,61,101,122,107" hai2="62,19,51,73,7,17,53,54,13,105,69,124,83" hai3="94,111,8,106,59,48,100,57,66,112,113,3,117"/><T108/><D133/><U70/><E122/><V10/><F105/><W27/><G106/><T36/><D71/><U109/><E109/><N who="0" m="42089" /><D76/><U4/><E107/><V41/><F124/><W125/><G111/><T123/><D123/><U28/><E101/><V64/><F41/><W129/><G117/><T80/><D80/><U77/><E77/><V63/><F73/><W87/><G125/><T18/><D131/><U58/><E70/><V2/><F83/><W93/><G129/><T84/><D97/><N who="1" m="57487" /><E32/><V127/><F127/><W96/><G3/><T26/><D47/><U43/><E43/><V31/><F31/><W24/><G113/><T14/><D26/><N who="3" m="9769" /><G8/><AGARI ba="0,0" hai="4,8,12,28,29,49,52,56,58,61,67" m="57487" machi="8" ten="30,7700,0" yaku="8,1,52,2,54,1" doraHai="55" who="1" fromWho="3" sc="250,0,250,77,250,0,250,-77" /><INIT seed="1,0,0,2,5,25" ten="250,327,250,173" oya="1" hai0="16,117,107,85,5,122,35,20,6,125,79,17,14" hai1="38,87,12,84,51,80,49,60,82,111,47,64,110" hai2="62,102,86,69,13,54,104,129,94,76,77,48,90" hai3="29,118,103,124,33,30,9,95,92,135,83,75,109"/><U115/><E115/><V100/><F129/><W7/><G118/><T53/><D117/><U19/><E38/><V52/><F13/><N who="3" m="5311" /><G33/><T36/><D107/><U97/><E97/><V132/><F132/><W44/><G103/><N who="2" m="39465" /><F69/><W114/><G114/><T72/><D72/><U63/><E12/><V41/><F41/><W43/><G109/><T28/><D36/><U37/><E37/><V112/><F104/><W99/><G124/><T40/><D40/><U0/><E19/><V106/><F106/><W133/><G75/><T88/><D79/><U116/><E116/><V56/><F112/><W27/><G83/><T59/><D17/><U113/><E113/><V3/><F3/><W32/><G99/><T93/><D122/><U105/><E105/><V26/><F26/><W131/><G131/><T46/><D46/><AGARI ba="0,0" hai="46,48,52,54,56,62,76,77,86,90,94" m="39465" machi="46" ten="30,2000,0" yaku="8,1,54,1" doraHai="25" who="2" fromWho="0" sc="250,-20,327,0,250,20,173,0" /><INIT seed="2,0,0,2,1,54" ten="230,327,270,173" oya="2" hai0="120,68,83,24,48,9,47,71,23,117,130,73,87" hai1="132,119,110,66,64,96,88,84,34,44,134,93,82" hai2="76,133,53,55,131,72,21,10,11,17,102,50,38" hai3="22,40,98,14,7,105,46,114,16,135,115,2,90"/><V63/><F38/><W26/><G135/><N who="1" m="51754" /><E119/><V106/><F133/><W89/><G105/><T79/><D120/><U69/><E110/><V39/><F39/><W8/><G98/><T37/><D130/><U126/><E126/><V70/><F131/><W18/><G40/><T49/><D37/><U78/><E69/><V60/><F102/><W5/><G46/><T51/><D47/><U45/><E34/><V25/><F106/><W30/><G90/><T97/><D9/><U0/><E0/><V58/><F55/><W42/><G89/><T3/><D3/><U41/><E44/><V19/><F17/><N who="3" m="6763" /><G42/><T94/><D117/><U77/><E77/><V29/><F29/><W99/><G99/><T52/><D73/><U75/><E96/><V107/><F107/><W127/><G127/><T109/><D109/><U28/><E28/><V13/><F70/><W118/><G118/><T112/><D68/><U35/><E35/><V6/><REACH who="2" step="1"/><F11/><AGARI ba="0,0" hai="2,5,7,8,11,14,22,26,30,114,115" m="6763" machi="11" ten="30,3900,0" yaku="34,2,54,1" doraHai="54" who="3" fromWho="2" sc="230,0,327,0,270,-39,173,39" /><INIT seed="3,0,0,0,0,96" ten="230,327,231,212" oya="3" hai0="30,117,12,59,89,115,1,4,16,34,118,11,110" hai1="130,100,69,56,17,77,51,72,66,86,13,84,79" hai2="126,105,116,0,57,54,64,18,94,21,113,29,36" hai3="68,45,135,23,62,111,82,25,63,55,125,37,104"/><W44/><G104/><T73/><D73/><U97/><E130/><V75/><F105/><W5/><G125/><T98/><D110/><U60/><E72/><V61/><F0/><W27/><G111/><T3/><D115/><U133/><E133/><V48/><F75/><W95/><G135/><T88/><D1/><U8/><E69/><V101/><F113/><W52/><G5/><T80/><D59/><U41/><E86/><V10/><F116/><N who="0" m="44650" /><D80/><U22/><E84/><V20/><F36/><W33/><G82/><T134/><D98/><U32/><E32/><V6/><F126/><W87/><G68/><T67/><D67/><U112/><E112/><V131/><F29/><W121/><G33/><T128/><D128/><U108/><E8/><V78/><F78/><W76/><G76/><T132/><D134/><U70/><E108/><V92/><F131/><W24/><G23/><N who="2" m="8777" /><F6/><W26/><G121/><T14/><D14/><U49/><E70/><V120/><F120/><W47/><N who="3" m="6144" /><DORA hai="81" /><W122/><G37/><T119/><D132/><U90/><E79/><V129/><F129/><W40/><G40/><T50/><D30/><U114/><E77/><V31/><F31/><W109/><G109/><T19/><D34/><U39/><E114/><V93/><F101/><W71/><G71/><T106/><D119/><U46/><E90/><V38/><F38/><W28/><G122/><T74/><D74/><U124/><E124/><V53/><F48/><W99/><G28/><T2/><D50/><U102/><E102/><V123/><F123/><W103/><G87/><T35/><D35/><RYUUKYOKU ba="0,0" sc="230,-30,327,10,231,10,212,10" hai1="13,17,22,39,41,46,49,51,56,60,66,97,100" hai2="10,18,53,54,57,61,64,92,93,94" hai3="44,45,47,52,55,62,63,95,99,103" /><INIT seed="3,1,0,4,4,60" ten="200,337,241,222" oya="3" hai0="68,13,118,122,50,46,17,38,31,115,40,34,128" hai1="125,67,62,83,103,57,70,101,93,36,42,80,71" hai2="45,77,90,126,106,55,49,16,109,3,76,39,4" hai3="43,116,72,79,134,88,73,95,112,111,58,19,23"/><W100/><G112/><T98/><D118/><U75/><E125/><V41/><F106/><W37/><G116/><T99/><D122/><U2/><E2/><V35/><F35/><W123/><G123/><T113/><D68/><U94/><E36/><V84/><F109/><W102/><G111/><T108/><D108/><U86/><E42/><V7/><F126/><W82/><G134/><T24/><D38/><U110/><E110/><V74/><F74/><W33/><G33/><T53/><D40/><U124/><E124/><V8/><F7/><W131/><G131/><T69/><D69/><U51/><E75/><V54/><F16/><W29/><G29/><T132/><D128/><U14/><E14/><V104/><F104/><W114/><G114/><N who="0" m="43531" /><D132/><U63/><E51/><V78/><REACH who="2" step="1"/><F39/><REACH who="2" ten="200,337,231,222" step="2"/><W18/><G73/><T25/><D25/><U30/><E30/><V119/><F119/><W5/><G19/><T85/><D85/><U66/><E86/><V0/><F0/><W26/><G5/><T11/><AGARI ba="1,1" hai="11,13,17,24,31,34,46,50,53,98,99" m="43531" machi="11" ten="30,1100,0" yaku="11,1" doraHai="60" who="0" fromWho="0" sc="200,24,337,-4,231,-4,222,-6" owari="224,-17.6,333,43.3,227,2.7,216,-28.4" /></mjloggm>