<mjloggm ver="2.3"><GO type="225" lobby="0"/><UN n0="%E3%81%BF%E3%81%BF%E3%81%9A" n1="%E5%91%A8%E6%9D%B1" n2="%E5%82%8D%E8%8B%A5%E7%84%A1%E4%BA%BA%35%31" n3="%E6%98%93%E5%88%A9%E8%96%A9%E4%BC%AF" dan="18,17,16,17" rate="2195.77,2224.36,2148.71,2192.36" sx="M,M,M,F"/><TAIKYOKU oya="0"/><INIT seed="0,0,0,2,3,19" ten="250,250,250,250" oya="0" hai0="83,78,7,107,18,14,124,119,69,109,62,26,75" hai1="72,38,20,135,89,117,65,114,17,51,60,22,133" hai2="91,43,36,70,39,77,108,100,15,98,50,79,67" hai3="115,126,111,68,113,66,28,12,42,88,2,55,53"/><T81/><D119/><U104/><E38/><V64/><F108/><W52/><G2/><T92/><D107/><U59/><E117/><V37/><F91/><W131/><G111/><T118/><D109/><U128/><E104/><V27/><F15/><W132/><G131/><T4/><D118/><U30/><E72/><V95/><F27/><W103/><G103/><T23/><D124/><U120/><E120/><V73/><F73/><W49/><G132/><N who="1" m="50762" /><E128/><V127/><F127/><W48/><G28/><T101/><D83/><U35/><E114/><N who="3" m="43530" /><G88/><T105/><D105/><U86/><E17/><V134/><F134/><W6/><G12/><T84/><D69/><U47/><E30/><V130/><F70/><W44/><G6/><T54/><D75/><U9/><E9/><V10/><F10/><W80/><G80/><T90/><D101/><U57/><E57/><V46/><REACH who="2" step="1"/><F130/><REACH who="2" ten="250,250,240,250" step="2"/><W11/><G11/><T99/><D14/><U24/><E24/><V5/><F5/><W33/><G126/><T34/><D34/><U85/><E35/><V94/><F94/><W3/><G33/><T8/><D8/><U21/><E89/><V96/><F96/><W129/><G129/><T106/><D106/><U29/><E29/><V16/><F16/><W13/><G13/><T40/><D4/><U87/><E87/><V71/><F71/><W25/><G25/><T45/><D7/><U41/><AGARI ba="0,1" hai="20,21,22,41,47,51,59,60,65,85,86" m="50762" machi="41" ten="30,7900,0" yaku="20,1,52,3" doraHai="19" who="1" fromWho="1" sc="250,-39,250,89,240,-20,250,-20" /><INIT seed="1,0,0,5,4,18" ten="211,339,220,230" oya="1" hai0="86,9,114,71,132,134,50,61,65,21,79,56,101" hai1="64,116,104,8,96,117,13,29,63,33,43,40,122" hai2="62,113,69,85,81,129,83,16,37,55,95,89,121" hai3="98,35,112,45,60,108,20,124,110,106,100,4,54"/><U74/><E74/><V6/><F129/><W46/><G35/><T1/><D114/><U3/><E3/><V7/><F121/><W57/><G112/><T109/><D109/><N who="3" m="42089" /><G4/><N who="2" m="1577" /><F37/><W118/><G124/><T41/><D9/><U34/><E122/><V36/><F36/><W92/><G118/><T59/><D1/><U17/><E34/><V48/><F69/><W32/><G32/><T44/><D101/><U77/><E33/><V123/><F62/><W51/><G106/><T120/><D120/><U99/><E63/><V58/><F113/><W103/><G103/><T67/><D67/><U30/><E64/><V105/><F105/><W107/><G107/><T2/><D2/><U76/><E104/><V26/><F123/><W38/><G38/><T131/><D131/><U47/><E117/><V5/><N who="2" m="1585" /><V68/><DORA hai="93" /><F68/><W19/><G51/><T42/><D21/><AGARI ba="0,0" hai="16,21,26,48,55,58,81,83,85,89,95" m="1585" machi="21" ten="30,3900,0" yaku="8,1,52,1,54,1" doraHai="18,93" who="2" fromWho="0" sc="211,-39,339,0,220,39,230,0" /><INIT seed="2,0,0,2,3,5" ten="172,339,259,230" oya="2" hai0="55,111,54,31,101,84,44,61,49,46,68,16,110" hai1="71,83,15,131,79,22,75,45,37,18,114,80,2" hai2="28,9,52,57,126,74,76,88,58,92,73,51,42" hai3="69,23,96,7,113,125,14,94,120,100,105,130,129"/><V106/><F126/><W97/><G120/><T21/><D31/><U121/><E114/><V50/><F106/><W82/><G69/><T112/><D112/><U103/><E71/><V34/><F76/><W19/><G113/><T0/><D0/><U25/><E2/><V132/><F132/><W95/><G125/><T123/><D123/><U85/><E103/><V81/><F81/><W91/><G105/><T48/><D101/><U32/><E131/><V47/><F58/><W66/><G66/><T109/><D84/><U53/><E121/><V102/><F102/><W124/><G124/><T78/><D78/><U86/><E83/><V41/><F41/><W17/><G7/><T10/><D68/><U60/><E37/><V135/><F135/><W40/><G40/><T108/><N who="0" m="27648" /><DORA hai="90" /><T107/><D107/><U65/><E65/><V62/><F50/><W127/><G127/><T29/><D61/><U119/><E60/><V89/><F89/><W26/><REACH who="3" step="1"/><G82/><REACH who="3" ten="172,339,259,220" step="2"/><T115/><D115/><U12/><E80/><V116/><F116/><W13/><G13/><N who="0" m="7223" /><D29/><U59/><E119/><V93/><F28/><W70/><G70/><T98/><D98/><U56/><E79/><V35/><F35/><W67/><G67/><T122/><D122/><U104/><E32/><V77/><F34/><W63/><G63/><T11/><D21/><AGARI ba="0,1" hai="14,17,19,21,23,26,91,94,95,96,97,100,129,130" machi="21" ten="40,8000,1" yaku="1,1,52,2,53,1" doraHai="5,90" doraHaiUra="20,72" who="3" fromWho="0" sc="172,-80,339,0,259,0,220,90" /><INIT seed="3,0,0,0,0,43" ten="92,339,259,310" oya="3" hai0="24,129,60,57,77,63,92,40,98,18,101,83,52" hai1="125,132,8,53,76,22,64,131,69,48,105,109,29" hai2="89,100,102,88,12,3,73,79,104,41,123,119,120" hai3="67,56,124,4,115,65,37,111,84,19,23,66,38"/><W99/><G115/><T34/><D129/><U108/><E105/><V107/><F3/><W44/><G124/><T70/><D34/><U116/><E125/><V32/><F12/><W75/><G75/><T11/><D70/><U14/><E131/><V103/><F41/><W113/><G113/><T110/><D110/><N who="1" m="42603" /><E132/><V133/><F32/><W127/><G127/><T118/><D118/><U25/><E76/><V121/><F119/><W31/><G31/><T55/><D40/><U80/><E80/><N who="2" m="45167" /><F133/><W86/><G4/><T126/><D126/><U135/><E135/><V91/><AGARI ba="0,0" hai="88,89,91,100,102,103,104,107,120,121,123" m="45167" machi="91" ten="40,12000,2" yaku="29,2,13,1,34,2,54,1" doraHai="43" who="2" fromWho="2" sc="92,-30,339,-30,259,120,310,-60" owari="62,-43.8,309,10.9,379,47.9,250,-15.0" /></mjloggm>