<mjloggm ver="2.3"><GO type="225" lobby="0"/><UN n0="%E9%A6%AC%E5%BC%95%E7%81%AB%33" n1="%E3%81%8A%E3%81%AB%E3%82%83%E3%81%8A%E3%81%A1%E3%82%83" n2="%E3%83%A9%E3%83%BC%E3%83%A1%E3%83%B3%E4%BA%94%E9%83%8E" n3="%E4%B8%89%E9%80%A3%E7%99%BA" dan="16,16,16,16" rate="2104.99,2075.79,2157.23,2155.18" sx="M,M,M,M"/><TAIKYOKU oya="0"/><INIT seed="0,0,0,2,0,80" ten="250,250,250,250" oya="0" hai0="118,110,13,115,38,107,44,135,122,72,18,76,101" hai1="119,98,74,86,117,81,24,28,0,112,15,22,131" hai2="39,60,111,70,128,10,67,113,125,85,45,5,95" hai3="21,104,89,48,33,124,99,51,116,103,14,6,57"/><T61/><D115/><U31/><E112/><V105/><F113/><W56/><G33/><T55/><D118/><U83/><E0/><V114/><F114/><W134/><G134/><T82/><D122/><U68/><E68/><V121/><F121/><W46/><G124/><T88/><D135/><U126/><E126/><V130/><F105/><W91/><G116/><T41/><D110/><U58/><E131/><N who="2" m="50219" /><F111/><W129/><G129/><T53/><D61/><U100/><E28/><V65/><F65/><W96/><G51/><T71/><D71/><U120/><E120/><V7/><F125/><W36/><G36/><T108/><D108/><U62/><E15/><V49/><F39/><W3/><G3/><T35/><D35/><U37/><E37/><V59/><F10/><W75/><G75/><T9/><D101/><U30/><E81/><V78/><F70/><W133/><G133/><T29/><D29/><U42/><E31/><V52/><F78/><W2/><G2/><T23/><D107/><U16/><E30/><V66/><F66/><W25/><G104/><T50/><D38/><U77/><E42/><V1/><F1/><W12/><G103/><T43/><D43/><U32/><E74/><V54/><F67/><W94/><G6/><T90/><D9/><U11/><E11/><V69/><F69/><W20/><G48/><T92/><D90/><AGARI ba="0,0" hai="5,7,45,49,52,54,59,60,85,90,95" m="50219" machi="90" ten="30,3900,0" yaku="19,1,52,1,54,1" doraHai="80" who="2" fromWho="0" sc="250,-39,250,0,250,39,250,0" /><INIT seed="1,0,0,4,0,14" ten="211,250,289,250" oya="1" hai0="107,59,100,76,92,2,70,126,7,86,81,13,29" hai1="48,123,64,111,62,49,130,102,36,120,72,28,44" hai2="128,110,73,26,66,67,3,56,65,19,99,96,129" hai3="42,22,118,133,84,105,103,38,27,53,89,52,21"/><U88/><E72/><V43/><F73/><W95/><G133/><T23/><D70/><U106/><E130/><N who="2" m="50283" /><F3/><W58/><G118/><T51/><D126/><U46/><E28/><V47/><F56/><W6/><G6/><T54/><D2/><U113/><E113/><V5/><F5/><W122/><G122/><T97/><D29/><U87/><E111/><V78/><F78/><W32/><G32/><T39/><D39/><U12/><E36/><N who="2" m="21991" /><F110/><W104/><G42/><T134/><D134/><U116/><E116/><V77/><F77/><W101/><G38/><T121/><D121/><U41/><E102/><V9/><F9/><W117/><G117/><T35/><D35/><U115/><E12/><V108/><F108/><W82/><G104/><T30/><D30/><U93/><E106/><V17/><F26/><W94/><G105/><T16/><D107/><U71/><REACH who="1" step="1"/><E115/><REACH who="1" ten="211,240,289,250" step="2"/><V24/><F24/><W20/><G27/><T74/><D74/><U34/><E34/><V55/><F55/><AGARI ba="0,1" hai="41,44,46,48,49,55,62,64,71,87,88,93,120,123" machi="55" ten="30,5800,0" yaku="1,1,7,1,54,1,53,0" doraHai="14" doraHaiUra="10" who="1" fromWho="2" sc="211,0,240,68,289,-58,250,0" /><INIT seed="1,1,0,1,4,0" ten="211,308,231,250" oya="1" hai0="64,55,94,31,123,82,127,44,60,130,65,2,100" hai1="90,34,78,91,39,77,133,99,8,3,69,95,45" hai2="13,51,42,21,9,109,120,32,83,66,48,102,71" hai3="98,52,113,85,116,28,6,57,35,25,132,22,79"/><U70/><E34/><V124/><F120/><W125/><G113/><T72/><D123/><U23/><E133/><V88/><F32/><W33/><G132/><T54/><D2/><U50/><E39/><V61/><F124/><W40/><G125/><T87/><D127/><U121/><E121/><V5/><F109/><W117/><G40/><T106/><D106/><U67/><E70/><V112/><F112/><W126/><G98/><N who="0" m="59479" /><D72/><U47/><E69/><V81/><F102/><W43/><G43/><T73/><D73/><U29/><E67/><N who="0" m="25673" /><D130/><U58/><E3/><V18/><F42/><W129/><G129/><T86/><D44/><N who="1" m="16971" /><E8/><V16/><F18/><W53/><G126/><T17/><D31/><U19/><E29/><V74/><F74/><W110/><G33/><T7/><D17/><U26/><E91/><V27/><REACH who="2" step="1"/><F88/><REACH who="2" ten="211,308,221,250" step="2"/><W96/><G35/><T68/><D86/><U41/><E41/><V131/><F131/><W49/><G85/><T92/><D87/><U107/><E107/><V56/><F56/><W62/><G110/><T105/><D105/><U135/><E135/><V10/><F10/><W76/><G96/><T80/><D68/><U59/><E59/><V101/><F101/><W93/><G57/><T119/><D82/><AGARI ba="1,1" hai="5,9,13,16,21,27,48,51,61,66,71,81,82,83" machi="82" ten="40,8000,1" yaku="1,1,52,1,54,1,53,1" doraHai="0" doraHaiUra="12" who="2" fromWho="0" sc="211,-83,308,0,221,93,250,0" /><INIT seed="2,0,0,3,0,47" ten="128,308,314,250" oya="2" hai0="55,51,42,132,65,96,5,111,22,43,28,104,119" hai1="24,13,14,72,91,123,115,54,69,27,87,19,82" hai2="40,4,134,121,8,101,131,110,68,30,3,79,95" hai3="112,32,33,29,80,63,114,100,56,11,67,15,37"/><V12/><F121/><W73/><G37/><T46/><D111/><U6/><E115/><N who="3" m="44074" /><G29/><T98/><D132/><U128/><E69/><V70/><F134/><W106/><G100/><T36/><D119/><U26/><E123/><V97/><F110/><W38/><G38/><T62/><D5/><U89/><E72/><V60/><F131/><W103/><G103/><T88/><D104/><U102/><E128/><V59/><F40/><W18/><G106/><T117/><D117/><U50/><E102/><V45/><F45/><W122/><G122/><T23/><D98/><U64/><E64/><V130/><F130/><W53/><G67/><T31/><D42/><U107/><E107/><V61/><F61/><W129/><G129/><T20/><D43/><U48/><E91/><V10/><F30/><W118/><G118/><T44/><D44/><U120/><E120/><V7/><REACH who="2" step="1"/><F79/><AGARI ba="0,0" hai="11,15,18,32,33,53,56,63,73,79,80" m="44074" machi="79" ten="30,1000,0" yaku="11,1" doraHai="47" who="3" fromWho="2" sc="128,0,308,0,314,-10,250,10" /><INIT seed="3,0,0,3,4,89" ten="128,308,304,260" oya="3" hai0="109,134,63,59,79,19,96,55,77,31,88,23,87" hai1="29,112,36,4,28,80,57,54,118,13,135,67,115" hai2="49,75,116,126,58,94,102,38,99,82,16,24,83" hai3="122,47,48,93,51,123,52,46,30,84,100,44,97"/><W125/><G125/><T14/><D109/><U60/><E36/><V71/><F116/><W128/><G128/><T61/><D134/><U43/><E135/><V25/><F38/><W90/><G30/><N who="1" m="11882" /><E118/><V107/><F71/><W3/><G3/><T106/><D31/><U68/><E115/><V41/><F75/><W22/><G22/><T127/><D127/><U12/><E68/><V64/><F126/><W121/><REACH who="3" step="1"/><G51/><REACH who="3" ten="128,308,304,250" step="2"/><T21/><D21/><U69/><E112/><V2/><F2/><W37/><G37/><T129/><D129/><U108/><E108/><V95/><F49/><W72/><G72/><T78/><D61/><U73/><E73/><V17/><F41/><W98/><G98/><T9/><D23/><U103/><E43/><V27/><F107/><AGARI ba="0,1" hai="44,46,47,48,52,84,90,93,97,100,107,121,122,123" machi="107" ten="40,12000,1" yaku="1,1,52,1,54,1,53,1" doraHai="89" doraHaiUra="86" who="3" fromWho="2" sc="128,0,308,0,304,-120,250,130" owari="128,-37.2,308,10.8,184,-21.6,380,48.0" /></mjloggm>