<mjloggm ver="2.3"><GO type="225" lobby="0"/><UN n0="%E3%81%8B%E3%82%8F%E3%81%A1%E3%82%83%E3%82%93%35%38" n1="%E4%BF%BA%E3%81%A8%E5%A6%96%E5%A4%A2" n2="%E7%B4%94%E6%BD%94%E3%83%94%E3%83%A9%E3%83%8B%E3%82%A2" n3="%74%2E%6F%2E%6F%2E%73" dan="16,16,17,17" rate="2137.13,2228.80,2211.02,2118.15" sx="M,F,M,M"/><TAIKYOKU oya="0"/><INIT seed="0,0,0,1,1,72" ten="250,250,250,250" oya="0" hai0="43,83,112,95,61,4,21,109,75,27,73,11,17" hai1="106,114,29,49,14,82,104,2,122,33,92,117,26" hai2="39,7,131,59,134,44,62,87,46,135,80,8,110" hai3="50,15,58,18,129,107,124,91,40,115,64,101,119"/><T36/><D112/><U54/><E54/><V120/><F120/><W68/><G115/><T74/><D109/><U99/><E99/><V6/><BYE who="1" /><F131/><W77/><G119/><UN n1="%E4%BF%BA%E3%81%A8%E5%A6%96%E5%A4%A2" /><T102/><D61/><U125/><E117/><V23/><F23/><W3/><G3/><T66/><D66/><U70/><E122/><V16/><F110/><W20/><G68/><T108/><D108/><U41/><E70/><V116/><F116/><W51/><G107/><T123/><D123/><U118/><E2/><V88/><F39/><W71/><G101/><T24/><D24/><U47/><E92/><V32/><F32/><W126/><G71/><T1/><D95/><U67/><E67/><V111/><F111/><W103/><G103/><T84/><D102/><U78/><E14/><N who="2" m="7239" /><F135/><W10/><G129/><T79/><REACH who="0" step="1"/><D84/><REACH who="0" ten="240,250,250,250" step="2"/><U81/><E114/><V28/><F134/><W60/><G60/><T127/><D127/><U113/><E113/><V31/><F28/><W86/><G64/><T12/><D12/><U57/><E118/><V52/><F31/><W94/><G124/><T128/><D128/><U30/><E125/><V69/><F69/><W53/><G126/><T42/><D42/><U38/><E106/><V63/><F63/><W96/><G40/><T89/><D89/><U65/><E104/><V25/><F25/><W19/><G86/><T22/><D22/><U93/><E30/><V5/><AGARI ba="0,1" hai="5,6,7,44,46,52,59,62,80,87,88" m="7239" machi="5" ten="30,7900,0" yaku="8,1,54,3" doraHai="72" who="2" fromWho="2" sc="240,-39,250,-20,250,89,250,-20" /><INIT seed="1,0,0,2,4,106" ten="201,230,339,230" oya="1" hai0="56,20,59,116,26,73,13,34,129,125,118,47,108" hai1="66,24,48,4,12,95,97,119,88,32,103,27,50" hai2="42,134,33,35,101,117,55,65,39,6,37,110,43" hai3="122,81,30,51,25,19,126,15,135,9,14,0,99"/><U83/><E119/><V72/><F117/><W40/><G122/><T131/><D34/><U90/><E66/><V102/><F6/><W77/><G126/><T133/><D13/><U112/><E112/><V38/><F38/><W11/><G135/><T114/><D20/><U61/><E61/><V104/><F55/><W1/><G99/><T100/><D26/><N who="1" m="9771" /><E32/><V80/><F80/><W49/><G0/><T57/><D100/><U46/><E83/><V89/><F89/><N who="1" m="34409" /><E46/><V54/><F104/><W76/><G1/><T87/><D57/><U41/><E41/><V62/><F62/><W79/><G81/><T17/><D114/><U69/><E69/><V31/><F65/><W82/><G82/><T84/><D47/><U94/><E94/><V113/><F54/><W128/><G128/><T16/><D125/><U18/><E4/><V91/><F91/><W98/><G98/><T130/><D130/><U85/><E85/><V10/><F113/><W52/><G40/><T67/><D67/><U7/><E7/><V78/><F43/><W2/><G2/><T58/><D58/><U127/><E127/><V124/><F42/><W44/><G49/><T53/><D53/><U123/><E123/><V22/><F124/><W111/><G25/><T5/><D5/><U45/><E45/><V75/><F33/><W68/><G68/><T29/><D133/><U64/><E64/><V3/><F134/><W107/><G107/><T23/><D118/><U71/><E71/><V60/><F3/><W86/><G44/><T8/><D116/><U21/><AGARI ba="0,0" hai="12,18,21,48,50,95,97,103" m="34409,9771" machi="21" ten="30,3000,0" yaku="8,1,54,1" doraHai="106" who="1" fromWho="1" sc="201,-10,230,30,339,-10,230,-10" /><INIT seed="1,1,0,1,1,103" ten="191,260,329,220" oya="1" hai0="122,119,42,105,89,44,7,6,130,25,36,125,85" hai1="46,43,40,2,59,49,98,74,4,0,70,72,76" hai2="79,115,35,128,60,127,84,38,39,3,101,16,26" hai3="104,28,102,95,64,55,14,54,10,116,117,31,86"/><U56/><E70/><V15/><F3/><W90/><G64/><T52/><D119/><N who="3" m="45641" /><G102/><T77/><D130/><U1/><E4/><V118/><F128/><W88/><G104/><T27/><D125/><U78/><E98/><V66/><F127/><W121/><G121/><T69/><D122/><U100/><E100/><V99/><F115/><W71/><G71/><T92/><D69/><U24/><E24/><V134/><F134/><W132/><G90/><T73/><D105/><U113/><E113/><V51/><F51/><W33/><G132/><T21/><D27/><U57/><REACH who="1" step="1"/><E43/><REACH who="1" ten="191,250,329,220" step="2"/><V96/><F99/><W131/><G131/><T22/><D6/><U81/><E81/><V45/><F26/><N who="3" m="18583" /><G31/><T135/><D135/><U29/><E29/><V124/><F96/><W133/><G133/><T110/><D25/><U48/><E48/><V114/><F101/><W34/><G34/><T37/><D37/><U41/><E41/><V53/><F38/><W108/><G108/><T12/><D110/><U106/><E106/><V19/><F35/><W97/><G97/><T82/><REACH who="0" step="1"/><D52/><REACH who="0" ten="181,250,329,220" step="2"/><U109/><E109/><V123/><F53/><W111/><G111/><T107/><D107/><U47/><E47/><V93/><F45/><W23/><G55/><T61/><D61/><U9/><E9/><AGARI ba="1,2" hai="7,9,12,21,22,36,42,44,73,77,82,85,89,92" machi="9" ten="40,1300,0" yaku="1,1,53,0" doraHai="103" doraHaiUra="67" who="0" fromWho="1" sc="181,36,250,-16,329,0,220,0" /><INIT seed="2,0,0,5,2,99" ten="217,234,329,220" oya="2" hai0="101,20,11,40,83,63,68,74,127,92,8,105,115" hai1="13,97,129,130,30,121,126,60,94,3,36,16,22" hai2="33,128,88,91,131,6,0,133,49,109,14,25,107" hai3="120,85,100,47,38,110,64,80,89,135,18,50,42"/><V123/><F123/><W37/><G120/><T34/><D115/><U66/><E121/><V21/><F133/><W84/><G110/><T116/><D34/><U117/><E117/><V53/><F107/><W55/><G135/><T119/><D127/><U90/><E36/><V106/><F106/><W61/><G84/><T10/><D105/><U58/><E3/><V124/><F124/><W4/><G4/><T17/><D40/><U46/><E126/><V112/><F112/><W132/><G132/><T122/><D122/><U48/><REACH who="1" step="1"/><E30/><REACH who="1" ten="217,224,329,220" step="2"/><N who="2" m="19663" /><F0/><W23/><G37/><T134/><D134/><U52/><AGARI ba="0,1" hai="13,16,22,46,48,52,58,60,66,90,94,97,129,130" machi="52" ten="30,7900,0" yaku="1,1,0,1,54,2,53,0" doraHai="99" doraHaiUra="31" who="1" fromWho="1" sc="217,-20,224,89,329,-39,220,-20" /><INIT seed="3,0,0,5,1,1" ten="197,313,290,200" oya="3" hai0="120,49,4,60,111,79,84,29,109,58,67,114,18" hai1="37,61,86,33,71,100,57,130,80,92,21,64,40" hai2="46,56,54,128,55,31,99,15,126,101,23,17,50" hai3="8,131,70,122,121,76,66,39,127,5,85,116,45"/><W108/><G116/><T107/><D120/><U65/><E33/><V6/><F126/><W63/><G127/><T68/><D107/><U95/><E130/><V48/><F128/><W47/><G131/><T112/><D29/><U133/><E133/><V74/><F74/><W129/><G129/><T53/><D18/><U34/><E34/><V123/><F123/><W52/><G108/><N who="0" m="41547" /><D4/><U88/><E40/><V13/><F31/><W125/><G125/><T110/><N who="0" m="41555" /><T93/><DORA hai="90" /><D93/><U102/><E37/><V2/><F2/><W43/><G76/><T135/><D135/><U115/><E115/><N who="0" m="44073" /><D84/><U118/><E118/><V105/><F6/><W87/><G121/><T72/><D79/><U32/><E32/><V106/><F15/><W77/><G122/><T20/><D20/><U113/><E113/><V16/><F17/><W59/><G47/><N who="0" m="27839" /><D72/><U0/><E0/><V7/><F7/><W25/><G25/><T14/><D14/><U28/><E21/><V81/><F81/><W11/><G77/><T91/><D91/><U62/><E28/><V134/><F134/><W36/><G39/><T104/><D104/><AGARI ba="0,0" hai="13,16,23,46,48,50,54,55,56,99,101,104,105,106" machi="104" ten="30,2000,0" yaku="7,1,54,1" doraHai="1,90" who="2" fromWho="0" sc="197,-20,313,0,290,20,200,0" owari="177,-32.3,313,41.3,310,11.0,200,-20.0" /></mjloggm>