<mjloggm ver="2.3"><GO type="225" lobby="0"/><UN n0="%E3%83%96%E3%83%83%E3%83%91%E3%82%AA%E3%83%96%E3%83%81%E3%82%AD%E3%83%B3" n1="%E5%A4%8F%E9%88%B4%E9%88%B4%E5%A4%8F" n2="%E3%81%A4%E3%81%A3%E3%81%B1%E3%82%8A%E3%83%9D%E3%83%BC%E3%83%AB" n3="%E3%83%B4%E3%83%A0%EF%BC%99%E3%81%A6" dan="16,16,17,16" rate="2057.06,2109.12,2145.49,2158.22" sx="M,F,M,M"/><TAIKYOKU oya="0"/><INIT seed="0,0,0,0,1,74" ten="250,250,250,250" oya="0" hai0="5,89,133,62,81,78,83,70,0,68,110,15,48" hai1="4,88,126,59,3,76,112,24,32,61,135,44,87" hai2="85,31,58,113,69,37,63,109,30,64,75,21,102" hai3="43,71,134,49,86,130,11,52,16,47,84,1,108"/><T10/><D133/><U34/><E126/><V55/><F75/><W17/><G71/><T9/><D110/><U124/><E124/><V8/><F109/><W57/><G108/><T6/><D62/><U105/><E135/><V111/><F113/><W118/><G118/><T54/><D89/><U33/><E105/><V40/><F111/><W80/><G130/><T27/><D83/><U95/><E112/><V19/><F102/><W50/><G134/><T14/><D27/><U12/><E3/><V72/><F72/><W101/><G101/><T91/><D91/><U73/><E44/><N who="2" m="23567" /><F8/><W115/><G115/><T129/><D0/><U65/><E12/><N who="2" m="9447" /><F85/><W99/><G99/><T67/><D67/><U51/><E51/><AGARI ba="0,0" hai="30,31,51,55,58,63,64,69" m="9447,23567" machi="51" ten="30,1000,0" yaku="24,1" doraHai="74" who="2" fromWho="1" sc="250,0,250,-10,250,10,250,0" /><INIT seed="1,0,0,3,2,13" ten="250,240,260,250" oya="1" hai0="126,18,107,52,101,86,12,96,44,77,93,16,65" hai1="121,88,43,5,131,112,83,90,80,27,133,6,40" hai2="0,124,128,111,68,108,55,69,36,32,26,39,38" hai3="15,84,73,31,9,4,20,58,129,134,71,54,125"/><U42/><E121/><V60/><F0/><W1/><G73/><T119/><D126/><U98/><E112/><V41/><F32/><W105/><G71/><N who="2" m="27209" /><F26/><W28/><G125/><T37/><D119/><U33/><E33/><V91/><F91/><N who="1" m="34857" /><E133/><V63/><F124/><W29/><G105/><T74/><D107/><U50/><E131/><V45/><F128/><W79/><G129/><T92/><D74/><U109/><E109/><N who="2" m="42059" /><F55/><W17/><G134/><T46/><D65/><U82/><E98/><V81/><F81/><N who="1" m="20737" /><U114/><DORA hai="64" /><E27/><V48/><AGARI ba="0,0" hai="36,38,39,41,45,48,60,63" m="42059,27209" machi="48" ten="40,12000,2" yaku="14,1,34,2,52,3" doraHai="13,64" who="2" fromWho="2" sc="250,-30,240,-60,260,120,250,-30" /><INIT seed="2,0,0,3,0,7" ten="220,180,380,220" oya="2" hai0="127,22,88,66,3,92,93,29,30,5,134,39,67" hai1="95,98,123,103,20,63,48,64,104,85,94,119,130" hai2="32,105,54,53,17,82,1,108,72,122,59,96,45" hai3="49,26,107,33,0,43,97,46,27,135,78,75,51"/><V16/><F122/><W101/><G135/><T37/><D134/><U10/><E119/><V19/><F32/><W24/><G0/><T74/><D74/><U34/><E130/><V132/><F132/><W99/><G99/><N who="0" m="57735" /><D37/><U89/><E34/><V6/><F108/><W11/><G11/><T40/><D39/><U91/><E123/><V8/><F45/><W81/><REACH who="3" step="1"/><G49/><REACH who="3" ten="220,180,380,210" step="2"/><T38/><D3/><U69/><E20/><V73/><F96/><W114/><G114/><T121/><D38/><U124/><E124/><V133/><F8/><W4/><G4/><T71/><D5/><U70/><E48/><V23/><F6/><W50/><G50/><T131/><D127/><U57/><REACH who="1" step="1"/><E10/><REACH who="1" ten="220,170,380,210" step="2"/><V90/><F23/><W125/><G125/><T14/><D22/><U115/><E115/><V118/><F133/><W61/><G61/><T109/><D121/><U100/><E100/><V65/><F118/><W25/><G25/><T110/><D110/><U21/><E21/><V36/><F36/><W126/><G126/><T35/><D109/><U113/><E113/><V62/><F62/><W42/><G42/><T52/><D40/><U47/><E47/><V77/><F1/><W58/><G58/><T79/><D35/><AGARI ba="0,2" hai="24,26,27,33,35,43,46,51,75,78,81,97,101,107" machi="35" ten="40,1300,0" yaku="1,1,53,0" doraHai="7" doraHaiUra="116" who="3" fromWho="0" sc="220,-13,170,0,380,0,210,33" /><INIT seed="3,0,0,1,0,59" ten="207,170,380,243" oya="3" hai0="87,124,134,100,3,44,89,130,36,79,18,108,15" hai1="86,2,61,17,91,68,24,39,5,16,98,101,47" hai2="114,27,120,96,46,111,63,49,31,20,115,106,40" hai3="78,80,43,113,50,38,62,53,83,107,103,51,71"/><W12/><G113/><T116/><D116/><U52/><E5/><V54/><F111/><W33/><G33/><T32/><D32/><U129/><E2/><V0/><F0/><W118/><G118/><T84/><D3/><U99/><E129/><V88/><F120/><W13/><G103/><T55/><D108/><U126/><E126/><V7/><F7/><W121/><G107/><T112/><D130/><U42/><E24/><V21/><F21/><W123/><G80/><N who="0" m="47135" /><D36/><U135/><E135/><V57/><REACH who="2" step="1"/><F106/><REACH who="2" ten="207,170,370,243" step="2"/><W104/><G104/><T1/><D1/><U64/><E52/><V25/><F25/><W29/><G53/><T131/><D55/><U6/><E6/><V77/><F77/><W73/><G78/><T35/><D35/><U67/><E64/><V105/><F105/><W23/><G23/><T11/><D112/><U28/><E28/><V45/><F45/><W132/><G29/><T48/><D44/><U41/><E42/><V74/><F74/><W14/><G73/><T65/><D65/><U60/><E101/><V125/><F125/><W58/><G43/><T10/><D100/><U34/><E34/><V92/><AGARI ba="0,1" hai="20,27,31,40,46,49,54,57,63,88,92,96,114,115" machi="92" ten="30,12000,2" yaku="1,1,0,1,52,1,54,1,53,2" doraHai="59" doraHaiUra="110" who="2" fromWho="2" sc="207,-30,170,-30,370,130,243,-60" owari="177,-22.3,140,-36.0,500,60.0,183,-1.7" /></mjloggm>