<mjloggm ver="2.3"><GO type="225" lobby="0"/><UN n0="%E3%83%B4%E3%82%A3%E3%83%AF%E3%82%B3%E3%82%B0%E3%83%8B" n1="%E5%91%A8%E6%9D%B1" n2="%E6%B7%91%E5%A5%B3%E3%81%AE%E5%97%9C%E3%81%BF" n3="%E4%BF%BA%E3%81%A8%E5%A6%96%E5%A4%A2" dan="16,17,16,16" rate="2232.20,2216.63,2093.23,2140.96" sx="M,M,M,F"/><TAIKYOKU oya="0"/><INIT seed="0,0,0,1,5,106" ten="250,250,250,250" oya="0" hai0="51,13,35,128,131,67,6,38,96,113,44,31,7" hai1="78,5,20,0,60,2,112,114,63,129,85,125,81" hai2="24,91,80,23,34,77,73,48,116,15,108,69,120" hai3="111,66,95,110,16,93,82,50,70,86,30,123,71"/><T18/><D38/><U105/><E105/><V54/><F120/><W65/><G123/><T41/><D113/><N who="1" m="43627" /><E129/><N who="0" m="49737" /><D67/><N who="3" m="25609" /><G30/><T42/><D42/><U25/><E125/><V88/><F69/><N who="3" m="26123" /><G50/><T40/><D40/><U58/><E5/><V132/><F108/><N who="3" m="41515" /><G16/><T133/><D133/><U84/><E84/><V87/><F116/><W47/><G47/><T126/><D126/><U97/><E97/><V53/><F132/><W118/><G118/><T64/><D64/><N who="1" m="38935" /><E63/><V39/><F87/><W68/><N who="3" m="26131" /><W28/><DORA hai="45" /><G28/><AGARI ba="0,0" hai="0,2,20,25,28,78,81,85" m="38935,43627" machi="28" ten="30,1000,0" yaku="11,1" doraHai="106,45" who="1" fromWho="3" sc="250,0,250,10,250,0,250,-10" /><INIT seed="1,0,0,1,1,108" ten="250,260,250,240" oya="1" hai0="86,14,73,123,93,83,47,128,40,109,115,58,59" hai1="32,68,3,127,85,135,133,6,119,134,121,24,104" hai2="18,131,30,10,124,72,95,65,74,105,33,88,92" hai3="39,69,96,0,94,90,79,106,82,1,113,87,26"/><U112/><RYUUKYOKU type="yao9" ba="0,0" sc="250,0,260,0,250,0,240,0" hai1="3,6,24,32,68,85,104,112,119,121,127,133,134,135" /><INIT seed="1,1,0,0,5,132" ten="250,260,250,240" oya="1" hai0="69,49,97,10,70,20,67,127,26,64,72,75,35" hai1="113,34,92,12,78,53,104,40,15,59,73,108,4" hai2="18,126,58,85,38,98,122,103,81,120,22,80,37" hai3="48,128,17,124,82,131,86,2,0,31,71,110,25"/><U19/><E113/><V95/><F126/><W11/><G71/><T101/><D127/><U23/><E104/><V30/><F81/><W54/><G110/><T57/><D35/><U21/><E34/><V43/><F30/><W105/><G105/><T63/><D10/><U100/><E108/><V118/><F118/><W46/><G124/><T3/><D3/><U42/><E78/><V27/><F58/><W94/><G94/><N who="0" m="58551" /><D49/><U121/><E73/><N who="0" m="28233" /><D64/><U51/><E121/><V119/><F119/><W96/><G96/><T125/><D125/><U93/><E100/><V33/><F33/><W90/><G0/><T99/><D99/><U9/><E23/><V79/><REACH who="2" step="1"/><F43/><AGARI ba="1,0" hai="4,9,12,15,19,21,40,42,43,51,53,59,92,93" machi="43" ten="40,2000,0" yaku="8,1" doraHai="132" who="1" fromWho="2" sc="250,0,260,23,250,-23,240,0" /><INIT seed="1,2,0,0,4,106" ten="250,283,227,240" oya="1" hai0="115,134,74,57,45,82,93,109,104,36,23,103,58" hai1="102,51,110,24,17,86,98,7,128,64,113,129,0" hai2="130,107,60,125,25,47,80,81,90,8,135,30,10" hai3="3,41,4,2,49,16,124,122,79,37,117,67,72"/><U127/><E113/><V120/><F120/><W26/><G122/><T68/><D68/><U73/><E64/><V87/><F107/><W52/><G124/><T121/><D121/><U123/><E123/><V112/><F125/><W48/><G67/><T53/><D104/><U11/><E127/><V84/><F112/><W56/><G117/><T31/><D57/><U55/><E110/><V97/><F135/><W5/><G37/><T66/><D36/><U101/><E73/><V92/><F130/><N who="1" m="50281" /><E86/><V21/><F60/><W6/><G41/><T99/><D109/><U12/><E24/><V38/><F47/><W94/><G94/><T111/><D45/><N who="1" m="28143" /><E98/><V43/><F38/><W33/><G48/><T116/><D111/><U105/><E105/><V69/><F69/><W20/><REACH who="3" step="1"/><G33/><REACH who="3" ten="250,283,227,230" step="2"/><T96/><D116/><U27/><E27/><V91/><REACH who="2" step="1"/><F43/><REACH who="2" ten="250,283,217,230" step="2"/><W65/><G65/><T83/><D66/><U34/><E34/><V28/><F28/><W95/><G95/><T77/><D115/><U22/><AGARI ba="2,2" hai="0,7,11,12,17,22,101,102" m="28143,50281" machi="22" ten="30,1500,0" yaku="19,1" doraHai="106" who="1" fromWho="1" sc="250,-7,283,41,217,-7,230,-7" /><INIT seed="1,3,0,4,2,32" ten="243,324,210,223" oya="1" hai0="5,86,104,35,16,43,29,54,90,61,74,26,60" hai1="107,14,37,64,33,58,30,51,71,88,126,112,1" hai2="130,28,7,129,99,102,25,66,97,92,70,134,8" hai3="103,27,52,73,135,117,11,56,63,127,9,114,42"/><U41/><E112/><V105/><F134/><W68/><G114/><T49/><D74/><U82/><E107/><V106/><F106/><W131/><G73/><T18/><D104/><U47/><E1/><V119/><F119/><W23/><G135/><T72/><D72/><U40/><E126/><V67/><F70/><W120/><G120/><T38/><D38/><U110/><E110/><V12/><F25/><W76/><G76/><T21/><D5/><U121/><E121/><V10/><F28/><W77/><G77/><T113/><D43/><U80/><E40/><V133/><F10/><W17/><G127/><T39/><D39/><U55/><E14/><V50/><F50/><W87/><G117/><T79/><D79/><U75/><E75/><V4/><F4/><W36/><G103/><T115/><D115/><U44/><E44/><V6/><F6/><W31/><G87/><T57/><D113/><U122/><E122/><V109/><F109/><W13/><G131/><N who="2" m="50185" /><F133/><W81/><G81/><T46/><D35/><U62/><E30/><V111/><F111/><W69/><REACH who="3" step="1"/><G9/><REACH who="3" ten="243,324,210,213" step="2"/><T65/><REACH who="0" step="1"/><D60/><REACH who="0" ten="233,324,210,213" step="2"/><U96/><E62/><V116/><F116/><W128/><G128/><T123/><D123/><U94/><E80/><AGARI ba="3,2" hai="16,18,21,26,29,46,49,54,57,61,65,80,86,90" machi="80" ten="30,8000,1" yaku="1,1,7,1,8,1,54,1,53,1" doraHai="32" doraHaiUra="59" who="0" fromWho="1" sc="233,109,324,-89,210,0,213,0" /><INIT seed="2,0,0,4,4,31" ten="342,235,210,213" oya="2" hai0="83,28,40,52,89,57,67,70,38,75,61,103,112" hai1="15,122,16,1,43,76,84,50,69,32,107,120,23" hai2="85,24,119,87,3,94,56,96,77,5,106,63,20" hai3="81,51,22,44,6,132,80,4,116,33,126,71,34"/><V91/><F119/><W101/><G116/><T37/><D112/><U41/><E107/><V17/><F106/><W79/><G71/><T65/><D103/><U18/><E69/><V125/><F125/><W104/><G126/><T115/><D115/><U60/><E1/><V133/><F133/><W95/><G104/><T26/><D40/><U78/><E60/><V121/><F121/><N who="1" m="46697" /><E32/><V27/><F27/><W98/><G132/><T45/><D45/><N who="1" m="25903" /><E43/><V127/><F127/><W53/><G22/><T109/><D89/><U46/><E46/><V108/><F108/><W131/><G131/><T66/><D70/><U35/><E35/><V62/><F77/><W21/><G21/><T130/><D130/><U39/><E39/><V118/><F63/><W11/><G4/><T12/><D12/><N who="1" m="9607" /><E84/><V114/><F114/><W74/><REACH who="3" step="1"/><G80/><REACH who="3" ten="342,235,210,203" step="2"/><T8/><D83/><U13/><E13/><AGARI ba="0,1" hai="6,11,13,33,34,44,51,53,74,79,81,95,98,101" machi="13" ten="30,12000,2" yaku="1,1,2,1,7,1,52,2,53,1" doraHai="31" doraHaiUra="99" who="3" fromWho="1" sc="342,0,235,-120,210,0,203,130" /><INIT seed="3,0,0,2,4,50" ten="342,115,210,333" oya="3" hai0="107,118,60,108,117,49,46,123,77,21,82,129,2" hai1="70,53,65,25,126,41,22,89,80,17,83,116,100" hai2="13,45,57,73,66,95,79,97,30,114,32,11,104" hai3="7,98,111,67,5,33,128,93,102,56,84,64,6"/><W72/><G72/><T75/><D123/><U20/><E116/><V61/><F114/><W99/><G33/><T85/><D2/><U59/><E126/><V3/><F104/><W124/><G124/><T27/><D108/><U36/><E100/><V23/><F3/><W115/><G115/><T39/><D39/><U38/><E38/><V106/><F106/><W69/><G69/><T125/><D125/><U40/><E36/><V91/><F32/><W51/><G111/><T19/><D129/><U62/><E22/><V63/><F63/><W26/><G128/><T78/><D107/><U132/><E132/><V119/><F73/><W109/><G109/><T0/><D0/><U9/><E9/><V130/><F130/><W68/><G68/><T74/><D60/><U12/><E25/><N who="2" m="16703" /><F119/><W120/><G120/><T58/><D85/><U134/><E134/><V103/><F45/><W105/><G26/><T110/><D58/><U81/><E70/><V1/><F1/><W90/><G99/><T34/><D34/><U88/><REACH who="1" step="1"/><E65/><REACH who="1" ten="342,105,210,333" step="2"/><V14/><F103/><W92/><G105/><T44/><D110/><U24/><E24/><V54/><F66/><W16/><G16/><T29/><D19/><U127/><E127/><V112/><F11/><W8/><G8/><T37/><D37/><U135/><E135/><V76/><F112/><W4/><G4/><T71/><D71/><U133/><E133/><V15/><AGARI ba="0,1" hai="13,14,15,54,57,61,76,79,91,95,97" m="16703" machi="15" ten="30,2000,0" yaku="8,1,52,1" doraHai="50" who="2" fromWho="2" sc="342,-5,105,-5,210,30,333,-10" owari="337,43.7,100,-40.0,240,-16.0,323,12.3" /></mjloggm>