<mjloggm ver="2.3"><GO type="225" lobby="0"/><UN n0="%E6%81%A5%E6%99%92%E3%81%97" n1="%E5%82%8D%E8%8B%A5%E7%84%A1%E4%BA%BA%35%31" n2="%E5%B8%86%E7%AB%8B%E5%A4%8F%E8%A1%A3" n3="%70%68%65%6E%6F%6D%65" dan="17,16,17,16" rate="2163.97,2174.35,2164.97,2136.38" sx="M,M,M,M"/><TAIKYOKU oya="0"/><INIT seed="0,0,0,3,2,95" ten="250,250,250,250" oya="0" hai0="26,80,67,73,115,42,74,99,40,17,59,106,69" hai1="130,32,108,107,28,91,24,31,4,63,23,131,43" hai2="14,76,55,116,18,68,3,13,82,79,77,117,53" hai3="119,54,133,35,105,33,56,51,5,98,81,111,12"/><T9/><D115/><U90/><E108/><V124/><F3/><W48/><G119/><N who="2" m="45641" /><F124/><W8/><G111/><T38/><D69/><U114/><E114/><V6/><F68/><W113/><G113/><T83/><D74/><U10/><E43/><N who="0" m="16425" /><D38/><U128/><E107/><V102/><F102/><W110/><G110/><T47/><D106/><U94/><E63/><V96/><F96/><W84/><G133/><T66/><D73/><U61/><E61/><V15/><F6/><W132/><G132/><T135/><D47/><U1/><E94/><V58/><F82/><N who="0" m="31274" /><D135/><U0/><E0/><V104/><F104/><W64/><G64/><T7/><D7/><U57/><E57/><V134/><F134/><W70/><G51/><T118/><D118/><U103/><E103/><V36/><F36/><W109/><G70/><T123/><D123/><U20/><E32/><V92/><F92/><W88/><REACH who="3" step="1"/><G109/><REACH who="3" ten="250,250,250,240" step="2"/><T41/><D67/><U50/><E50/><N who="2" m="31031" /><F55/><W30/><G30/><T19/><D66/><U21/><E31/><V93/><F93/><W22/><G22/><AGARI ba="0,1" hai="13,14,15,18,22,76,77,79" m="31031,45641" machi="22" ten="30,1000,0" yaku="12,1" doraHai="95" who="2" fromWho="3" sc="250,0,250,0,250,20,240,-10" /><INIT seed="1,0,0,0,2,135" ten="250,250,270,230" oya="1" hai0="101,37,88,9,27,52,59,29,68,10,110,4,1" hai1="22,40,25,39,74,34,70,48,127,26,130,75,100" hai2="116,36,83,134,63,126,82,77,93,96,58,57,47" hai3="113,3,62,131,98,122,102,106,5,72,109,33,0"/><U41/><E130/><V91/><F116/><W15/><G122/><T19/><D68/><U112/><E70/><V73/><F134/><W124/><G113/><T104/><D37/><U71/><E71/><V42/><F126/><W61/><G131/><T53/><D110/><U21/><E127/><V67/><F82/><W125/><G109/><T56/><D101/><U121/><E100/><V64/><REACH who="2" step="1"/><F58/><REACH who="2" ten="250,250,260,230" step="2"/><W114/><G114/><T54/><D59/><U55/><E112/><V103/><F103/><W129/><G129/><T6/><D56/><U108/><E121/><V84/><F84/><W18/><G72/><T51/><D104/><U133/><E75/><V46/><F46/><W23/><G124/><T79/><D79/><U31/><E74/><V119/><F119/><W118/><G118/><T17/><D88/><U66/><E133/><V105/><F105/><W7/><G125/><T44/><D1/><U85/><E85/><V49/><F49/><W43/><G3/><T16/><D51/><U80/><E80/><V12/><F12/><W132/><G132/><T45/><D44/><U14/><E108/><V117/><F117/><W86/><G0/><T115/><D45/><U120/><E120/><V95/><F95/><W89/><G106/><T69/><D69/><U60/><E14/><V8/><F8/><N who="0" m="3178" /><D115/><U87/><E87/><V81/><F81/><W92/><G33/><T78/><D78/><U128/><E34/><V32/><F32/><W38/><G38/><T65/><D65/><AGARI ba="0,1" hai="36,42,47,57,63,64,65,67,73,77,83,91,93,96" machi="65" ten="30,2000,0" yaku="1,1,7,1,53,0" doraHai="135" doraHaiUra="123" who="2" fromWho="0" sc="250,-20,250,0,260,30,230,0" /><INIT seed="2,0,0,0,3,68" ten="230,250,290,230" oya="2" hai0="21,38,84,73,30,107,63,119,109,54,83,36,132" hai1="134,25,71,34,0,61,41,96,56,100,62,135,24" hai2="4,81,111,7,20,77,128,58,117,108,79,85,89" hai3="44,121,93,11,66,29,69,86,110,45,15,87,113"/><V133/><F117/><W33/><G121/><T53/><D73/><U28/><E0/><V2/><F128/><W78/><G110/><N who="2" m="42025" /><F133/><W17/><G113/><T5/><D109/><U43/><E25/><V72/><F2/><W125/><G125/><T32/><D107/><N who="1" m="63879" /><E62/><V65/><F20/><W55/><G69/><T104/><D104/><U122/><E122/><V98/><F98/><W99/><G66/><T90/><D32/><U16/><E16/><V51/><F65/><W131/><G131/><T70/><D132/><N who="1" m="50731" /><E71/><V49/><F49/><W95/><G33/><T19/><D5/><N who="2" m="2122" /><F72/><W23/><G29/><T115/><D30/><U57/><E57/><V12/><F12/><W39/><G23/><T130/><D130/><U10/><E10/><V60/><F60/><W112/><G11/><T74/><D115/><U22/><E34/><V123/><F123/><W48/><G112/><T26/><D119/><U8/><E8/><V50/><F50/><W9/><G99/><T6/><D6/><U101/><E101/><V120/><F120/><W67/><G67/><AGARI ba="0,0" hai="22,24,28,41,43,56,61,67" m="50731,63879" machi="67" ten="30,1000,0" yaku="20,1" doraHai="68" who="1" fromWho="3" sc="230,0,250,10,290,0,230,-10" /><INIT seed="3,0,0,0,2,76" ten="230,260,290,220" oya="3" hai0="101,90,74,109,75,124,123,35,135,40,50,32,115" hai1="129,60,117,34,41,68,14,69,67,83,51,23,43" hai2="66,119,15,86,16,58,9,12,65,114,73,13,54" hai3="120,42,31,127,1,48,122,105,128,39,56,93,63"/><W99/><G39/><T49/><D123/><U62/><E34/><V53/><F73/><W59/><G1/><T5/><D109/><U0/><E0/><V78/><F114/><W71/><G105/><T72/><D101/><U107/><E129/><V24/><F119/><W47/><G31/><T4/><D90/><U61/><E107/><V52/><F58/><N who="3" m="22059" /><G93/><T36/><D40/><U91/><E117/><V29/><F86/><W112/><G99/><T21/><D21/><U84/><E51/><N who="0" m="19465" /><D36/><U85/><E69/><V28/><F78/><W27/><G27/><T26/><D26/><U97/><E97/><V106/><F106/><W92/><G92/><T100/><D100/><U79/><E68/><V134/><F134/><W22/><G22/><T108/><D108/><U113/><E67/><N who="2" m="25611" /><F24/><W118/><G118/><T96/><D96/><U2/><E2/><V45/><F45/><N who="3" m="25655" /><G112/><T89/><D89/><U25/><E113/><V95/><F95/><W8/><G128/><T87/><D87/><U18/><E25/><V88/><F88/><W55/><G47/><T125/><D115/><U33/><E33/><N who="0" m="12873" /><D135/><U17/><E17/><N who="2" m="8335" /><F15/><W38/><G38/><T116/><D116/><U133/><E133/><V7/><F16/><W6/><G127/><AGARI ba="0,0" hai="4,5,72,74,75,124,125,127" m="12873,19465" machi="127" ten="40,5200,0" yaku="28,2,18,1" doraHai="76" who="0" fromWho="3" sc="230,52,260,0,290,0,220,-52" /><INIT seed="4,0,0,2,5,108" ten="282,260,290,168" oya="0" hai0="40,69,97,67,14,135,77,111,114,81,16,78,92" hai1="45,18,5,63,133,29,62,125,48,124,42,11,118" hai2="15,8,68,43,54,80,7,107,115,4,41,82,120" hai3="128,28,83,109,103,94,99,55,112,56,123,12,66"/><T64/><D111/><U88/><E118/><V126/><F115/><W104/><G109/><T21/><D114/><U10/><E133/><V86/><F126/><N who="1" m="48745" /><E29/><V85/><F107/><W134/><G134/><T60/><D135/><U36/><E36/><V20/><F68/><W100/><G128/><T95/><D95/><U91/><E18/><N who="2" m="10335" /><F120/><W27/><G123/><T17/><D67/><U79/><E79/><N who="2" m="46239" /><F54/><W47/><G112/><T102/><D40/><N who="2" m="15434" /><F8/><N who="1" m="3113" /><E5/><V122/><F122/><W6/><G83/><T57/><D69/><U1/><E1/><V93/><F93/><W121/><G121/><T46/><D81/><U26/><E26/><V117/><F117/><W22/><G12/><N who="0" m="9351" /><D46/><U35/><E35/><V65/><F65/><W51/><G6/><T131/><D131/><U2/><E2/><V58/><F58/><W96/><REACH who="3" step="1"/><G66/><REACH who="3" ten="282,260,290,158" step="2"/><T72/><D72/><U30/><E30/><V39/><F7/><W52/><G52/><T61/><D64/><U33/><E33/><V53/><F4/><W25/><G25/><T74/><D74/><U116/><E116/><V38/><F53/><W89/><G89/><AGARI ba="0,1" hai="42,45,48,62,63,88,89,91" m="3113,48745" machi="89" ten="30,2000,0" yaku="18,1,54,1" doraHai="108" who="1" fromWho="3" sc="282,0,260,30,290,0,158,-20" /><INIT seed="5,0,0,3,5,20" ten="282,290,290,138" oya="1" hai0="16,95,3,88,14,51,116,107,102,55,81,93,91" hai1="74,28,65,87,17,46,11,32,5,31,89,92,75" hai2="61,118,9,112,66,52,80,58,19,100,53,44,21" hai3="71,68,123,90,12,22,1,56,94,111,76,133,67"/><U97/><E17/><V110/><F110/><W125/><G123/><T86/><D116/><U4/><E4/><V119/><F112/><W132/><G1/><T82/><D3/><U64/><E74/><V96/><F118/><W69/><G111/><T37/><D102/><N who="1" m="60711" /><E75/><V7/><F80/><W47/><G76/><T129/><D129/><U101/><E32/><V105/><F119/><W124/><G47/><N who="0" m="28159" /><D37/><U83/><E101/><V128/><F128/><W60/><G12/><T15/><D107/><U49/><E11/><V26/><F44/><W39/><G39/><T2/><D2/><AGARI ba="0,0" hai="2,7,9,19,21,26,52,53,58,61,66,96,100,105" machi="2" ten="30,3900,0" yaku="7,1,52,1,54,1" doraHai="20" who="2" fromWho="0" sc="282,-39,290,0,290,39,138,0" owari="243,-15.7,290,9.0,329,42.9,138,-36.2" /></mjloggm>