<mjloggm ver="2.3"><GO type="225" lobby="0"/><UN n0="%4D%2E%61%72%74%65%74%61" n1="%E3%81%BF%E3%81%BF%E3%81%9A" n2="%72%69%6F%75%63%68%61%6E" n3="%E6%A3%AE%E5%B1%B1%E7%94%B0%E7%9B%B4%E5%A4%AA%E6%9C%97%E4%B9%8B%E4%BB%8B" dan="16,17,16,16" rate="2131.37,2169.88,2148.00,2214.97" sx="M,M,M,M"/><TAIKYOKU oya="0"/><INIT seed="0,0,0,2,1,116" ten="250,250,250,250" oya="0" hai0="4,65,63,120,26,68,41,43,83,55,108,132,37" hai1="11,30,118,1,31,22,28,50,93,53,80,88,96" hai2="77,52,40,46,17,27,135,66,106,71,123,107,119" hai3="114,100,90,13,2,49,125,0,87,24,94,23,20"/><T21/><D132/><U81/><E118/><V44/><F123/><W112/><G125/><T121/><D108/><U47/><REACH who="1" step="1"/><E22/><REACH who="1" ten="250,240,250,250" step="2"/><V128/><F119/><W117/><G20/><T91/><D121/><U95/><E95/><V39/><F135/><W9/><G23/><T84/><D120/><U54/><E54/><V76/><F107/><W99/><G94/><T19/><D37/><U122/><E122/><V25/><F106/><W5/><G117/><T113/><D113/><U98/><E98/><V60/><F128/><W64/><G99/><T57/><REACH who="0" step="1"/><D4/><AGARI ba="0,1" hai="1,4,11,28,30,31,47,50,53,80,81,88,93,96" machi="4" ten="40,2600,0" yaku="1,1,54,1,53,0" doraHai="116" doraHaiUra="61" who="1" fromWho="0" sc="250,-26,240,36,250,0,250,0" /><INIT seed="1,0,0,0,0,97" ten="224,276,250,250" oya="1" hai0="118,117,49,124,123,2,133,82,86,94,43,22,122" hai1="46,72,90,79,74,7,39,42,119,57,16,14,54" hai2="8,4,106,47,77,40,15,107,110,58,84,61,102" hai3="111,1,9,29,41,63,73,52,3,92,20,80,60"/><U131/><E119/><N who="0" m="45577" /><D2/><U78/><E7/><V109/><F84/><W100/><G41/><T113/><D22/><U50/><E131/><V65/><F77/><W134/><G60/><T115/><D43/><U37/><E37/><V32/><F32/><W64/><G9/><T24/><D24/><U105/><E105/><V104/><REACH who="2" step="1"/><F102/><REACH who="2" ten="224,276,240,250" step="2"/><W36/><G73/><T18/><D113/><U125/><E74/><V126/><F126/><W85/><G100/><T6/><D115/><U10/><E72/><V28/><F28/><W19/><G29/><T53/><D124/><U26/><E125/><V0/><F0/><W5/><G85/><T12/><D123/><U132/><E132/><V135/><F135/><W13/><G134/><T128/><D122/><U45/><E90/><V11/><F11/><W83/><G3/><T25/><D133/><U75/><E75/><V112/><F112/><W101/><G1/><T76/><D86/><U70/><E79/><V88/><F88/><W31/><G101/><T44/><D76/><U129/><E78/><V99/><F99/><W121/><G31/><T56/><D128/><U89/><E129/><V116/><F116/><W66/><G121/><T21/><D21/><U87/><E89/><V130/><F130/><W48/><G20/><T38/><D82/><U23/><E87/><V98/><F98/><W34/><G80/><T120/><D120/><U27/><E23/><V59/><F59/><W114/><G83/><T96/><D56/><U103/><E103/><V62/><F62/><W95/><G114/><T30/><D96/><U55/><E70/><RYUUKYOKU ba="0,1" sc="224,-15,276,15,240,15,250,-15" hai1="10,14,16,26,27,39,42,45,46,50,54,55,57" hai2="4,8,15,40,47,58,61,65,104,106,107,109,110" /><INIT seed="1,1,1,4,5,135" ten="209,291,255,235" oya="1" hai0="37,83,102,10,13,129,132,85,79,15,100,127,30" hai1="75,114,118,43,20,125,35,86,116,27,94,31,126" hai2="92,4,91,44,33,90,14,109,52,117,28,39,36" hai3="21,88,119,110,97,133,2,8,108,62,122,51,22"/><U29/><E114/><V89/><F109/><N who="3" m="42091" /><G133/><T58/><D132/><U66/><E75/><V71/><F117/><W128/><G119/><T25/><D129/><U1/><E43/><V24/><F71/><W65/><G51/><T11/><D37/><U113/><E113/><V105/><F105/><W55/><G55/><T93/><D127/><N who="1" m="48651" /><E1/><V95/><F36/><W87/><G97/><T81/><D58/><U38/><E38/><V19/><F4/><N who="3" m="1047" /><G122/><T16/><D83/><U103/><E66/><V57/><F44/><W5/><G5/><T18/><REACH who="0" step="1"/><D93/><REACH who="0" ten="199,291,255,235" step="2"/><U74/><E118/><V82/><F82/><N who="3" m="49271" /><G128/><T54/><D54/><U17/><E116/><V131/><F39/><W104/><G104/><T106/><D106/><U61/><E74/><V134/><F131/><W9/><G9/><T78/><D78/><U77/><E77/><V76/><F76/><W7/><G7/><T56/><D56/><AGARI ba="1,2" hai="21,22,56,62,65" m="49271,1047,42091" machi="56" ten="30,2000,0" yaku="14,1,54,1" doraHai="135" who="3" fromWho="0" sc="199,-23,291,0,255,0,235,43" /><INIT seed="2,0,0,3,4,133" ten="176,291,255,278" oya="2" hai0="127,97,105,74,72,44,33,60,25,11,7,111,34" hai1="78,85,57,117,31,15,90,64,12,3,128,38,76" hai2="77,122,109,92,5,131,84,56,123,39,68,69,126" hai3="40,2,49,124,54,52,65,112,4,98,61,83,30"/><V106/><F126/><W130/><G30/><T89/><D111/><U20/><E3/><V95/><F39/><W42/><G124/><T120/><D120/><U28/><E38/><V32/><F106/><W75/><G98/><T79/><D79/><N who="1" m="30251" /><E128/><V80/><F131/><W101/><G83/><T10/><D127/><U45/><E45/><V71/><F109/><W51/><G101/><T26/><D44/><U132/><E132/><V135/><F135/><W1/><G75/><T66/><D60/><N who="1" m="37903" /><E117/><V59/><F32/><W19/><G130/><T113/><D66/><U103/><E103/><V8/><F56/><W82/><G112/><T118/><D97/><U58/><E58/><V86/><F59/><W94/><G61/><T115/><D7/><U104/><E104/><V129/><F129/><W87/><G4/><T62/><D62/><U108/><E108/><V27/><F27/><W23/><G65/><T102/><D102/><U70/><E70/><V100/><F92/><W48/><G94/><T99/><D99/><U114/><E114/><V16/><F100/><W22/><G2/><T107/><REACH who="0" step="1"/><D89/><REACH who="0" ten="166,291,255,278" step="2"/><U110/><E110/><V6/><F6/><W93/><G1/><T96/><D96/><U47/><E47/><V67/><F67/><W17/><G42/><T18/><D18/><N who="1" m="10311" /><E90/><N who="2" m="53703" /><F5/><W13/><G40/><T63/><D63/><U125/><E125/><V9/><F16/><W88/><G19/><T116/><AGARI ba="0,1" hai="10,11,25,26,33,34,72,74,105,107,113,115,116,118" machi="116" ten="25,6400,0" yaku="1,1,0,1,22,2,53,0" doraHai="133" doraHaiUra="0" who="0" fromWho="0" sc="166,74,291,-16,255,-32,278,-16" /><INIT seed="3,0,0,2,1,34" ten="240,275,223,262" oya="3" hai0="115,13,57,39,10,117,16,105,82,100,65,90,22" hai1="21,102,56,87,11,93,127,14,44,120,89,94,68" hai2="31,112,25,110,92,135,73,4,123,49,130,128,70" hai3="26,7,20,103,0,8,97,113,66,106,101,71,62"/><W48/><G103/><T58/><D117/><U50/><E68/><V3/><F112/><W119/><G48/><T41/><D115/><U9/><E127/><V69/><F73/><W129/><G113/><T80/><D39/><U75/><E75/><V77/><F110/><W122/><G119/><T72/><D41/><U19/><E120/><V86/><F135/><W1/><G129/><N who="2" m="49769" /><F123/><W24/><G122/><T32/><D32/><U76/><E76/><V55/><F92/><W63/><G63/><T133/><D72/><U108/><E108/><V132/><F132/><W126/><G126/><T121/><D121/><U52/><E44/><N who="2" m="28071" /><F4/><W28/><G26/><T111/><D111/><U85/><E85/><V78/><F3/><AGARI ba="0,0" hai="0,1,3,7,8,20,24,28,62,66,71,97,101,106" machi="3" ten="30,11600,0" yaku="7,1,52,3" doraHai="34" who="3" fromWho="2" sc="240,0,275,0,223,-116,262,116" owari="240,-16.0,275,7.5,107,-39.3,378,47.8" /></mjloggm>