<mjloggm ver="2.3"><GO type="225" lobby="0"/><UN n0="%72%69%6F%75%63%68%61%6E" n1="%E4%BC%8A%E9%81%94%E6%9C%B1%E9%87%8C%E7%B4%97" n2="%E6%B8%A9%E2%98%85%E6%83%85%E2%98%85%E6%8E%AA%E2%98%85%E7%BD%AE" n3="%E7%9A%AE%E3%80%85" dan="16,16,17,16" rate="2192.19,2140.77,2194.13,2097.69" sx="M,F,M,M"/><TAIKYOKU oya="0"/><INIT seed="0,0,0,3,5,86" ten="250,250,250,250" oya="0" hai0="100,97,51,32,121,68,129,132,90,44,37,109,28" hai1="70,108,85,76,104,60,17,46,80,81,12,74,115" hai2="39,79,4,59,0,98,114,71,30,110,41,66,19" hai3="73,67,69,6,18,42,117,123,83,1,96,13,111"/><T75/><D121/><U103/><E108/><V107/><F114/><W126/><G117/><T47/><D129/><U118/><E115/><V36/><F110/><W99/><G111/><T8/><D109/><U61/><E118/><V122/><F122/><W72/><G123/><T130/><D130/><U120/><E120/><V65/><F19/><W11/><G42/><T87/><D132/><U58/><E70/><V91/><F71/><W25/><G126/><T7/><D75/><U38/><E103/><V43/><F79/><W3/><G3/><T84/><D68/><U16/><E104/><V77/><F77/><W92/><G83/><T131/><D131/><U106/><E106/><V26/><F4/><W29/><G67/><T94/><D37/><U63/><E58/><V124/><F0/><W24/><G69/><T10/><D84/><U55/><E12/><V49/><F107/><W112/><G99/><T57/><D32/><U15/><E15/><V135/><F124/><W40/><G40/><N who="2" m="15433" /><F135/><W5/><G5/><T119/><D28/><U14/><E14/><V134/><F134/><W78/><G78/><T53/><D119/><U56/><E38/><V125/><F125/><W113/><G113/><T9/><REACH who="0" step="1"/><D7/><REACH who="0" ten="240,250,250,250" step="2"/><U54/><E74/><N who="3" m="28778" /><G29/><T21/><D21/><U101/><E85/><V89/><F39/><W62/><G112/><T20/><D20/><U93/><E76/><V82/><F36/><W52/><G6/><T22/><D22/><U102/><E17/><V2/><F2/><W45/><G1/><T35/><D35/><U33/><E33/><V95/><F30/><RYUUKYOKU ba="0,1" sc="240,30,250,-10,250,-10,250,-10" hai0="8,9,10,44,47,51,53,57,87,90,94,97,100" /><INIT seed="0,1,1,4,3,125" ten="270,240,240,240" oya="0" hai0="65,45,98,33,54,50,103,108,25,69,66,46,90" hai1="120,110,87,62,57,77,9,75,60,35,10,72,20" hai2="91,104,39,92,134,113,80,38,19,17,55,37,85" hai3="32,48,101,115,109,81,3,99,83,2,118,82,70"/><T63/><D108/><U86/><E35/><V135/><F104/><W68/><G115/><T94/><D65/><U44/><E44/><V117/><F113/><W56/><G109/><T129/><D129/><U49/><E110/><V67/><F117/><W52/><G32/><T36/><D90/><U119/><E20/><V0/><F0/><W112/><G112/><T24/><REACH who="0" step="1"/><D33/><REACH who="0" ten="260,240,240,240" step="2"/><U15/><E119/><V121/><F67/><W29/><G118/><T58/><D58/><U114/><E57/><V21/><F121/><W111/><G111/><T76/><D76/><U28/><E114/><V74/><F135/><W122/><G122/><T7/><D7/><U133/><E77/><V88/><F134/><W12/><G70/><T18/><D18/><U79/><E79/><V96/><F74/><W11/><G68/><T132/><D132/><U47/><E133/><V107/><F19/><W71/><G71/><T51/><D51/><U27/><E49/><V95/><F39/><W34/><G34/><T89/><D89/><U40/><E120/><V22/><F17/><W53/><G29/><T93/><D93/><U31/><E75/><V1/><F95/><W78/><G78/><T6/><D6/><U97/><E72/><V127/><F38/><W41/><G48/><T59/><D59/><U43/><E28/><V4/><F37/><W123/><G56/><T64/><D64/><U14/><E31/><V61/><F92/><N who="3" m="58599" /><G123/><T126/><D126/><U30/><E30/><V131/><F127/><W16/><G41/><AGARI ba="1,2" hai="24,25,36,41,45,46,50,54,63,66,69,94,98,103" machi="41" ten="40,2000,0" yaku="1,1,53,0" doraHai="125" doraHaiUra="105" who="0" fromWho="3" sc="260,43,240,0,240,0,240,-23" /><INIT seed="0,2,0,5,2,94" ten="303,240,240,217" oya="0" hai0="28,95,11,102,88,128,103,59,68,122,64,130,70" hai1="80,87,99,60,86,20,58,8,43,44,105,54,74" hai2="135,37,108,34,14,93,71,47,92,97,117,134,61" hai3="39,91,40,4,126,65,5,129,12,33,124,110,63"/><T98/><D122/><U2/><E20/><V73/><F108/><W82/><G33/><T76/><D76/><U32/><E32/><V119/><F34/><W111/><G129/><N who="0" m="49771" /><D28/><U16/><E74/><V31/><F31/><W89/><G40/><T30/><D30/><U41/><E87/><V29/><F29/><W96/><G39/><T115/><D115/><U112/><E112/><V118/><F14/><W85/><G12/><T50/><D11/><U48/><E41/><N who="2" m="22959" /><F73/><W3/><G3/><T62/><D50/><U9/><E2/><V109/><F109/><N who="3" m="41483" /><G4/><T114/><D114/><U131/><E131/><V1/><F1/><W127/><G5/><T56/><D56/><U104/><E104/><V113/><F113/><W57/><G89/><T100/><AGARI ba="2,0" hai="59,62,64,68,70,88,95,98,100,102,103" m="49771" machi="100" ten="30,6000,0" yaku="19,1,52,1,54,1" doraHai="94" who="0" fromWho="0" sc="303,66,240,-22,240,-22,217,-22" /><INIT seed="0,3,0,0,5,100" ten="369,218,218,195" oya="0" hai0="113,78,42,36,119,88,60,120,81,90,14,0,12" hai1="38,85,73,11,123,21,48,22,77,75,34,106,121" hai2="31,55,51,71,96,18,3,39,114,103,104,112,53" hai3="124,82,135,108,117,132,41,110,97,44,43,19,65"/><T46/><D113/><U16/><E34/><V59/><F39/><W79/><G117/><T134/><D119/><U32/><E32/><V54/><F71/><W109/><G65/><T84/><D120/><U98/><E38/><V50/><F3/><W6/><G6/><T76/><D134/><N who="3" m="51241" /><G124/><T52/><D0/><U5/><E48/><V122/><F122/><W131/><G131/><T45/><D90/><U62/><E62/><V61/><F31/><W4/><G4/><T111/><D111/><N who="3" m="28417" /><W40/><DORA hai="126" /><G19/><T20/><D20/><U69/><E5/><V133/><F133/><W99/><G44/><N who="0" m="17003" /><D42/><N who="3" m="10753" /><W56/><DORA hai="26" /><G56/><N who="0" m="34823" /><D36/><U8/><E69/><V94/><F114/><W70/><G70/><T107/><D107/><U37/><E37/><V9/><F104/><W63/><G63/><T95/><D76/><U80/><E77/><V25/><F112/><W23/><G23/><T7/><D7/><U10/><E106/><V1/><F1/><W87/><AGARI ba="3,0" hai="79,82,87,97,99" m="10753,28417,51241" machi="87" ten="50,3200,0" yaku="20,1,14,1" doraHai="100,126,26" who="3" fromWho="3" sc="369,-19,218,-11,218,-11,195,41" /><INIT seed="1,0,0,5,2,61" ten="350,207,207,236" oya="1" hai0="133,115,82,75,102,132,125,51,122,60,106,98,6" hai1="100,116,14,21,85,16,46,111,87,62,26,31,107" hai2="124,40,120,131,54,130,49,7,23,39,33,59,92" hai3="25,66,42,123,1,36,63,44,118,95,34,79,28"/><U12/><E116/><V126/><F33/><W57/><G123/><T90/><D6/><U20/><E111/><V22/><F7/><W37/><G118/><T69/><D115/><U17/><E46/><N who="2" m="23839" /><F92/><W121/><G121/><T64/><D122/><U56/><E100/><V10/><F10/><W18/><G1/><T27/><D125/><N who="2" m="48234" /><F120/><W97/><G79/><N who="0" m="44415" /><D51/><U2/><E107/><V15/><F15/><W9/><G9/><T129/><D129/><AGARI ba="0,0" hai="22,23,49,54,59,129,130,131" m="48234,23839" machi="129" ten="30,2000,0" yaku="19,1,18,1" doraHai="61" who="2" fromWho="0" sc="350,-20,207,0,207,20,236,0" /><INIT seed="2,0,0,2,2,79" ten="330,207,227,236" oya="2" hai0="110,22,64,9,83,52,72,66,113,96,127,28,84" hai1="73,61,128,31,55,119,48,1,105,46,107,118,67" hai2="134,71,6,50,116,10,30,19,112,18,45,123,0" hai3="27,120,3,124,122,104,117,16,99,5,68,36,77"/><V129/><F123/><W13/><G68/><T33/><D113/><U54/><E73/><V69/><F112/><W11/><G117/><T95/><D33/><U4/><E31/><V43/><F116/><W89/><G36/><T56/><D110/><U60/><E128/><V87/><F129/><W2/><G124/><T106/><D127/><U23/><E23/><V109/><F109/><W82/><G27/><N who="0" m="16503" /><D106/><U86/><E86/><V44/><F134/><W29/><G29/><T62/><D72/><U41/><E41/><V8/><F87/><W24/><G24/><T97/><D9/><U35/><E35/><V98/><F30/><W59/><G59/><T12/><D12/><U75/><E75/><V135/><F135/><W80/><G2/><T34/><D34/><U78/><E78/><V32/><F32/><W25/><G25/><T53/><D53/><U115/><E115/><V85/><F71/><W90/><G120/><T26/><D26/><U108/><E108/><V121/><F69/><W74/><G122/><T92/><D92/><U114/><E114/><V93/><F121/><W15/><G3/><T21/><D21/><U58/><E119/><V17/><F10/><N who="3" m="4303" /><G82/><T132/><D132/><U70/><E118/><V47/><REACH who="2" step="1"/><F85/><REACH who="2" ten="330,207,217,236" step="2"/><W133/><G133/><T42/><D84/><U7/><E1/><V103/><AGARI ba="0,1" hai="0,6,8,17,18,19,43,44,45,47,50,93,98,103" machi="103" ten="30,6000,0" yaku="1,1,2,1,0,1,53,0" doraHai="79" doraHaiUra="130" who="2" fromWho="2" sc="330,-20,207,-20,217,70,236,-20" /><INIT seed="2,1,0,0,4,48" ten="310,187,287,216" oya="2" hai0="89,57,116,47,29,4,32,11,132,129,12,107,46" hai1="114,59,26,25,38,86,82,110,77,19,112,22,18" hai2="102,75,31,40,0,98,123,13,106,24,104,55,14" hai3="69,39,135,131,84,61,115,105,3,134,44,63,37"/><V62/><F123/><W70/><G105/><T78/><D107/><U42/><E110/><V71/><F0/><W119/><G3/><T23/><D129/><U94/><E94/><V118/><F118/><W36/><G84/><T50/><D116/><U5/><E5/><V33/><F75/><W35/><G35/><T52/><D132/><N who="3" m="50729" /><G119/><T124/><D124/><U81/><E81/><V133/><F133/><W83/><G83/><T99/><D32/><U2/><E2/><V41/><F106/><W125/><G125/><T6/><D78/><U103/><E103/><V49/><F14/><W97/><G97/><T45/><D4/><U58/><E42/><V72/><F13/><W68/><G131/><T80/><D99/><U128/><E38/><N who="3" m="14954" /><G115/><T1/><D1/><U93/><E128/><V53/><F72/><W67/><G63/><N who="0" m="36263" /><D29/><U66/><E114/><V7/><F31/><W113/><G113/><T96/><D23/><N who="1" m="13559" /><E112/><V109/><F33/><W101/><G101/><T87/><D96/><U54/><E93/><V9/><F98/><W65/><G65/><T88/><D89/><U21/><E21/><V76/><F102/><W91/><G91/><T27/><D27/><U64/><E64/><V30/><F76/><W127/><G127/><T73/><D73/><U20/><E66/><V60/><F104/><W74/><G74/><T90/><D90/><U121/><E20/><V79/><F79/><W126/><G126/><T16/><D6/><U130/><E130/><V100/><F7/><W111/><G111/><T117/><D117/><U15/><E77/><V8/><F109/><RYUUKYOKU ba="1,0" sc="310,15,187,-15,287,-15,216,15" hai0="11,12,16,45,46,47,50,80,87,88" hai3="39,44,61,67,68,69,70" /><INIT seed="3,2,0,0,3,68" ten="325,172,272,231" oya="3" hai0="0,110,52,123,38,42,89,107,65,63,84,37,92" hai1="35,49,135,79,58,10,67,51,64,126,44,99,14" hai2="29,71,21,119,87,26,19,81,75,74,48,101,122" hai3="117,39,125,73,56,7,98,53,17,91,111,66,116"/><W11/><G73/><T13/><D123/><U43/><E135/><V128/><F119/><W9/><G66/><T94/><D0/><U61/><E126/><V41/><F71/><W36/><G125/><T88/><D107/><U28/><E79/><V109/><F122/><W131/><G131/><T45/><D110/><U93/><E35/><V95/><F109/><W118/><G111/><T33/><D33/><U12/><E28/><V103/><F128/><W57/><G17/><T97/><D13/><U104/><E104/><V16/><F75/><W80/><G57/><T4/><D4/><U34/><E34/><V124/><F74/><W62/><G11/><T8/><D52/><U108/><E108/><V133/><F133/><W2/><REACH who="3" step="1"/><G98/><REACH who="3" ten="325,172,272,221" step="2"/><T46/><D8/><U3/><E67/><V90/><F124/><W59/><G59/><T100/><D100/><U20/><E3/><V6/><F103/><W121/><G121/><T76/><D97/><U82/><E10/><V114/><F101/><W129/><G129/><T134/><D134/><U96/><E96/><V18/><F18/><W27/><G27/><T32/><D65/><U127/><E127/><V113/><F19/><W69/><G69/><T5/><D5/><U112/><E99/><N who="2" m="57847" /><F16/><W70/><G70/><T60/><D60/><U54/><E61/><V50/><F6/><W55/><G55/><T132/><D63/><U86/><E64/><V120/><F120/><W115/><G115/><T130/><D130/><U22/><E112/><V31/><F114/><W102/><G102/><T106/><D132/><U105/><E54/><RYUUKYOKU ba="2,1" sc="325,-10,172,-10,272,-10,221,30" hai3="2,7,9,36,39,53,56,62,80,91,116,117,118" /><INIT seed="3,3,1,4,2,65" ten="315,162,262,251" oya="3" hai0="118,134,41,125,2,57,44,50,117,31,34,116,13" hai1="98,86,76,59,67,46,32,110,119,5,53,83,105" hai2="25,132,89,63,38,43,15,3,37,7,30,87,101" hai3="71,75,64,93,60,90,52,8,124,128,4,79,120"/><W28/><G120/><T55/><D2/><U94/><E32/><V10/><F132/><W77/><G28/><T96/><D134/><U135/><E135/><V47/><F38/><W24/><G24/><T113/><D125/><U23/><E110/><V42/><F42/><W0/><G124/><T18/><D113/><U121/><E121/><V114/><F114/><W68/><G68/><T88/><D88/><U82/><E119/><V26/><F101/><W111/><G111/><T99/><D31/><U36/><E5/><V40/><F40/><W56/><G75/><T14/><D34/><U123/><E123/><V81/><F63/><W85/><G128/><T9/><REACH who="0" step="1"/><D14/><REACH who="0" ten="305,162,262,251" step="2"/><U70/><E23/><V62/><F3/><W112/><G112/><T100/><D100/><U29/><E29/><V91/><F30/><W19/><G19/><T33/><D33/><U73/><E36/><AGARI ba="3,2" hai="9,13,18,36,41,44,50,55,57,96,99,116,117,118" machi="36" ten="40,1300,0" yaku="1,1,53,0" doraHai="65" doraHaiUra="61" who="0" fromWho="1" sc="305,42,162,-22,262,0,251,0" owari="347,44.7,140,-36.0,262,6.2,251,-14.9" /></mjloggm>