<mjloggm ver="2.3"><GO type="225" lobby="0"/><UN n0="%E3%81%8B%E3%82%8F%E3%81%A1%E3%82%83%E3%82%93%35%38" n1="%E3%82%B3%E3%83%90%E3%83%AC%E3%82%A4" n2="%E6%A1%9C%E8%8A%B1%E9%96%83%E3%80%85" n3="%E3%81%A0%E3%81%8A" dan="16,16,16,17" rate="2136.21,2167.21,2138.91,2075.42" sx="M,M,M,M"/><TAIKYOKU oya="0"/><INIT seed="0,0,0,3,2,127" ten="250,250,250,250" oya="0" hai0="135,31,52,2,57,39,89,60,34,1,94,80,78" hai1="5,123,104,132,62,32,113,121,33,9,79,124,59" hai2="125,100,13,106,10,134,70,93,71,8,105,15,103" hai3="54,27,0,23,4,48,58,92,29,131,83,116,68"/><T95/><D39/><U119/><E104/><V45/><F93/><W11/><G116/><T40/><D40/><U75/><E119/><V26/><F26/><W109/><G68/><T66/><D135/><U49/><E132/><V38/><F134/><W67/><G109/><T126/><D126/><U77/><E124/><V25/><F125/><W65/><G131/><T6/><D95/><U88/><E113/><V122/><F25/><W133/><G133/><T72/><D6/><U112/><E112/><V101/><F45/><W50/><G83/><T74/><D74/><U129/><E49/><V85/><F85/><W19/><G50/><T102/><D31/><U87/><E75/><V44/><F44/><W21/><REACH who="3" step="1"/><G92/><REACH who="3" ten="250,250,250,240" step="2"/><T111/><D111/><U84/><E129/><V76/><F38/><W41/><G41/><T55/><D102/><U118/><E118/><V17/><F101/><W73/><G73/><T18/><D72/><U97/><E123/><V37/><F37/><W43/><G43/><T14/><D80/><U99/><E121/><V20/><F122/><W36/><G36/><T115/><D115/><U30/><E33/><V91/><F103/><W61/><G61/><T12/><D34/><U35/><E32/><V53/><F100/><W90/><G90/><T7/><D78/><U22/><E35/><V117/><F76/><W3/><G3/><N who="0" m="1035" /><D94/><U56/><E88/><V98/><F91/><W42/><G42/><T82/><D89/><U47/><E79/><V108/><F117/><W120/><G120/><T51/><D82/><U16/><E77/><V46/><F108/><RYUUKYOKU ba="0,1" sc="250,-10,250,-10,250,-10,240,30" hai3="0,4,11,19,21,23,27,29,48,54,58,65,67" /><INIT seed="1,1,1,2,5,25" ten="240,240,240,270" oya="1" hai0="11,7,122,30,42,131,67,48,12,39,96,22,118" hai1="0,125,73,29,70,50,112,119,18,108,53,101,59" hai2="31,80,10,34,132,26,8,77,99,38,95,41,51" hai3="36,71,32,100,107,44,21,56,24,135,94,127,57"/><U134/><E0/><V115/><F132/><W97/><G71/><T46/><D118/><U113/><E73/><V126/><F126/><W68/><G68/><T124/><D124/><U93/><E125/><V89/><F38/><W49/><G36/><T103/><D131/><U69/><E119/><V110/><F110/><W75/><G75/><T98/><D122/><U23/><E108/><V111/><F111/><W58/><G32/><T61/><D39/><U15/><E134/><V92/><F92/><W116/><G135/><T65/><D61/><U5/><E5/><V1/><F1/><W19/><G116/><T87/><D87/><U43/><E69/><V14/><F115/><W52/><REACH who="3" step="1"/><G127/><REACH who="3" ten="240,240,240,260" step="2"/><T54/><D42/><U3/><E70/><V13/><F41/><W84/><G84/><T62/><D98/><U129/><E129/><V130/><F130/><W35/><G35/><T105/><D96/><N who="1" m="59535" /><E113/><V133/><F133/><W83/><G83/><T60/><D105/><AGARI ba="1,2" hai="19,21,24,44,49,52,56,57,58,94,97,100,105,107" machi="105" ten="40,2600,0" yaku="1,1,54,1,53,0" doraHai="25" doraHaiUra="120" who="3" fromWho="0" sc="240,-29,240,0,240,0,260,49" /><INIT seed="2,0,0,5,2,79" ten="211,240,240,309" oya="2" hai0="50,83,84,125,90,101,128,3,117,131,105,104,95" hai1="41,129,1,120,87,20,91,9,111,29,18,31,97" hai2="52,67,81,59,113,53,45,69,119,49,63,127,27" hai3="60,76,85,36,103,135,68,88,54,132,26,42,10"/><V100/><F113/><W110/><G110/><T4/><D4/><U14/><E111/><V19/><F119/><W106/><G76/><N who="0" m="46183" /><D3/><U30/><E120/><V40/><F127/><W15/><G26/><T7/><D50/><U24/><E129/><N who="0" m="49737" /><D7/><U73/><E73/><V99/><F81/><W86/><G42/><T123/><D123/><U124/><E124/><V93/><REACH who="2" step="1"/><F69/><REACH who="2" ten="211,240,230,309" step="2"/><W16/><G68/><T74/><D125/><U70/><E70/><V43/><F43/><W22/><G132/><T116/><D74/><U32/><E41/><V109/><F109/><W134/><G135/><T21/><D21/><AGARI ba="0,1" hai="19,21,27,40,45,49,52,53,59,63,67,93,99,100" machi="21" ten="40,7700,0" yaku="1,1,8,1,54,1,53,0" doraHai="79" doraHaiUra="66" who="2" fromWho="0" sc="211,-77,240,0,230,87,309,0" /><INIT seed="2,1,0,4,4,106" ten="134,240,317,309" oya="2" hai0="1,30,60,66,14,49,123,45,124,59,125,10,18" hai1="5,120,118,20,112,24,82,31,85,80,34,111,51" hai2="7,78,38,54,19,93,134,79,119,72,83,132,46" hai3="121,115,15,57,71,103,0,92,33,41,58,25,2"/><V36/><F119/><W129/><G71/><T37/><D123/><U63/><E120/><V67/><F67/><W126/><G41/><T116/><D116/><U61/><E118/><V56/><F7/><W27/><G15/><T47/><D1/><U64/><E112/><V107/><F107/><W48/><G48/><T128/><D128/><U104/><E104/><V81/><F93/><W22/><G33/><T70/><D30/><U4/><E111/><V26/><F19/><W74/><G22/><T91/><D91/><U12/><E82/><V50/><F26/><W9/><G27/><T55/><REACH who="0" step="1"/><D47/><REACH who="0" ten="124,240,317,309" step="2"/><U113/><E113/><V39/><F46/><W84/><G0/><T99/><D99/><U68/><E34/><V69/><F69/><W131/><G2/><T97/><D97/><U3/><E3/><V122/><F122/><W8/><G115/><T73/><D73/><AGARI ba="1,1" hai="36,38,39,50,54,56,72,73,78,79,81,83,132,134" machi="73" ten="40,7700,0" yaku="9,1,52,2" doraHai="106" who="2" fromWho="0" sc="124,-80,240,0,317,90,309,0" /><INIT seed="2,2,0,2,2,19" ten="44,240,407,309" oya="2" hai0="69,82,6,73,37,96,74,88,104,30,4,103,105" hai1="87,10,134,25,80,95,101,0,98,128,38,31,16" hai2="133,132,119,9,34,46,108,66,63,1,112,60,93" hai3="115,71,13,62,28,44,114,90,5,43,131,107,36"/><V23/><F112/><W53/><G107/><N who="0" m="41035" /><D30/><U11/><E38/><V50/><F119/><W64/><G28/><T125/><D6/><U21/><E0/><V56/><F34/><W86/><G131/><T135/><D4/><U126/><E128/><V122/><F93/><W68/><G53/><T47/><D47/><U111/><E134/><N who="2" m="51819" /><F9/><W77/><G5/><T118/><D69/><U91/><E126/><V65/><F1/><W100/><G71/><T40/><D40/><U124/><E124/><V120/><F23/><W12/><G68/><T102/><D37/><U32/><E111/><V76/><F76/><W3/><G77/><T18/><D18/><U106/><E106/><V89/><F89/><W83/><G3/><T29/><D29/><U58/><REACH who="1" step="1"/><E58/><REACH who="1" ten="44,230,407,309" step="2"/><N who="2" m="37015" /><F108/><W2/><G2/><T75/><D135/><U116/><E116/><V129/><F129/><W72/><G114/><T54/><D125/><U81/><E81/><V24/><F24/><AGARI ba="2,1" hai="10,11,16,21,24,25,31,32,80,87,91,95,98,101" machi="24" ten="30,7700,0" yaku="1,1,7,1,52,1,54,1,53,0" doraHai="19" doraHaiUra="67" who="1" fromWho="2" sc="44,0,230,93,407,-83,309,0" /><INIT seed="3,0,0,1,0,78" ten="44,323,324,309" oya="3" hai0="63,65,98,45,97,99,79,13,33,9,123,100,72" hai1="74,21,121,53,35,90,27,31,42,58,85,6,37" hai2="76,113,57,10,112,132,71,128,17,61,56,69,8" hai3="94,116,89,43,83,84,80,126,102,38,108,36,75"/><W81/><G43/><T30/><D123/><U109/><E121/><V125/><F76/><N who="3" m="44063" /><G36/><T134/><D134/><U105/><E105/><V46/><F132/><W5/><G5/><T41/><D33/><U24/><E74/><V22/><F125/><W93/><G38/><T23/><D23/><U28/><E6/><V48/><F128/><W34/><G34/><T19/><D30/><U0/><E0/><V129/><F129/><W18/><G18/><T104/><D65/><U1/><E1/><V120/><F120/><W59/><G59/><T73/><D63/><U133/><E133/><V64/><F57/><W106/><G126/><T107/><D19/><U115/><E115/><V12/><F112/><W131/><G131/><T130/><D130/><U40/><E37/><V3/><F113/><W26/><G26/><T88/><D13/><U95/><E109/><V11/><REACH who="2" step="1"/><F3/><REACH who="2" ten="44,323,314,309" step="2"/><W118/><G108/><T119/><D119/><N who="3" m="45609" /><G94/><N who="0" m="56519" /><D45/><U44/><E44/><V86/><F86/><W32/><G32/><T67/><D67/><U92/><E92/><V103/><F103/><W16/><G16/><T135/><D135/><U77/><E77/><V54/><AGARI ba="0,1" hai="8,10,11,12,17,22,46,48,54,56,61,64,69,71" machi="54" ten="30,2000,0" yaku="1,1,0,1,53,0" doraHai="78" doraHaiUra="20" who="2" fromWho="2" sc="44,-5,323,-5,314,30,309,-10" owari="39,-46.1,318,11.8,344,44.4,299,-10.1" /></mjloggm>