<mjloggm ver="2.3"><GO type="225" lobby="0"/><UN n0="%E8%91%B1%E9%96%93%E8%91%B1%E6%8A%9C" n1="%E7%B4%94%E6%BD%94%E3%83%94%E3%83%A9%E3%83%8B%E3%82%A2" n2="%E3%83%B4%E3%83%A0%EF%BC%99%E3%81%A6" n3="%E3%82%A4%E3%83%BC%E3%82%B1%E3%83%97%E3%83%A9" dan="16,17,17,16" rate="2092.55,2181.87,2151.30,2113.56" sx="F,M,M,M"/><TAIKYOKU oya="0"/><INIT seed="0,0,0,4,5,62" ten="250,250,250,250" oya="0" hai0="60,42,7,121,38,39,61,83,52,93,88,59,79" hai1="133,78,113,96,76,102,99,84,131,14,44,123,95" hai2="21,4,37,6,122,33,134,28,41,115,19,15,48" hai3="112,66,46,20,12,18,80,119,30,128,110,5,107"/><T103/><D121/><U34/><E34/><V58/><F122/><W1/><G112/><T126/><D126/><U90/><E123/><V108/><F115/><W23/><G119/><T63/><D103/><N who="1" m="60831" /><E14/><V32/><F108/><W127/><G107/><T25/><D7/><U120/><E44/><V111/><F111/><W71/><G110/><T29/><D42/><U74/><E113/><V2/><F134/><W17/><G127/><T97/><D39/><U91/><E133/><V69/><F69/><W94/><G128/><T89/><D89/><N who="1" m="33803" /><E131/><V65/><F37/><W105/><G105/><T75/><REACH who="0" step="1"/><D38/><REACH who="0" ten="240,250,250,250" step="2"/><U51/><E120/><V125/><F125/><W24/><G5/><T50/><D50/><U73/><E51/><V130/><F130/><W31/><G1/><T9/><D9/><U8/><E8/><V47/><F4/><W43/><G43/><T87/><D87/><U49/><E49/><V135/><F135/><W56/><G94/><T72/><D72/><N who="1" m="27755" /><E84/><V118/><F2/><W86/><G86/><T114/><D114/><U109/><E109/><V0/><F0/><W85/><G85/><T104/><D104/><AGARI ba="0,1" hai="76,78,99,102,104" m="27755,33803,60831" machi="104" ten="30,8000,1" yaku="35,5" doraHai="62" who="1" fromWho="0" sc="240,-80,250,90,250,0,250,0" /><INIT seed="1,0,0,2,2,107" ten="160,340,250,250" oya="1" hai0="74,7,43,133,63,91,49,16,32,33,65,9,75" hai1="125,115,29,70,8,71,126,27,117,83,60,116,134" hai2="61,84,88,28,56,82,6,130,37,113,1,92,10" hai3="105,94,54,38,112,4,103,17,23,96,120,68,77"/><U132/><E8/><V26/><F37/><W73/><G112/><T108/><D91/><U36/><E83/><V69/><F113/><W18/><G120/><T121/><D16/><U78/><E78/><V85/><F130/><W90/><G38/><T22/><D22/><U41/><E27/><V67/><F69/><N who="1" m="26121" /><E60/><V42/><F42/><W118/><G68/><N who="0" m="42047" /><D49/><U98/><E98/><V30/><REACH who="2" step="1"/><F26/><REACH who="2" ten="160,340,240,250" step="2"/><W97/><G118/><N who="1" m="45674" /><E115/><V72/><F72/><N who="0" m="27690" /><D43/><U79/><E41/><V58/><F58/><W106/><G73/><T0/><D121/><U31/><E36/><V44/><F44/><W52/><G77/><AGARI ba="0,1" hai="1,6,10,28,30,56,61,67,77,82,84,85,88,92" machi="77" ten="30,3900,0" yaku="1,1,7,1,54,1,53,0" doraHai="107" doraHaiUra="39" who="2" fromWho="3" sc="160,0,340,0,240,49,250,-39" /><INIT seed="2,0,0,0,1,95" ten="160,340,289,211" oya="2" hai0="96,16,71,115,79,66,43,10,75,116,53,58,78" hai1="120,52,6,42,44,124,55,103,9,129,45,21,131" hai2="130,2,41,122,99,92,91,105,134,61,107,76,65" hai3="98,118,39,33,60,82,15,93,47,87,51,135,62"/><V48/><F122/><W37/><G135/><T54/><D115/><U108/><E120/><V8/><F134/><W70/><G118/><T90/><D116/><U20/><E108/><V18/><F130/><N who="1" m="49673" /><E103/><V106/><F76/><N who="0" m="29226" /><D75/><U24/><E124/><V56/><F18/><W31/><G39/><T114/><D71/><U97/><E97/><V36/><F36/><W73/><G73/><T40/><D114/><U68/><E68/><V14/><F14/><W19/><G37/><T89/><D66/><U17/><E21/><V29/><F29/><W11/><G31/><T113/><D113/><U84/><E84/><V69/><F8/><W0/><G70/><T34/><D34/><U126/><E126/><V64/><F64/><W28/><G28/><T23/><D10/><U63/><E63/><V49/><F2/><W4/><G33/><T81/><D81/><U109/><E109/><V94/><F69/><W1/><G1/><T104/><D104/><U121/><E121/><V74/><F74/><W119/><G119/><T80/><D80/><U27/><E24/><V133/><F133/><W117/><G117/><T128/><D128/><U46/><E42/><N who="0" m="15913" /><D96/><U50/><E55/><N who="0" m="21001" /><D58/><U22/><E22/><V13/><F41/><N who="3" m="25071" /><G4/><T83/><D83/><U72/><E72/><V35/><F35/><W102/><G0/><AGARI ba="0,0" hai="0,6,9,17,20,27,44,45,46,50,52" m="49673" machi="0" ten="30,2000,0" yaku="19,1,54,1" doraHai="95" who="1" fromWho="3" sc="160,0,340,20,289,0,211,-20" /><INIT seed="3,0,0,1,4,0" ten="160,360,289,191" oya="3" hai0="14,84,25,80,42,103,81,124,91,61,65,131,49" hai1="30,88,85,118,54,15,127,52,28,31,112,108,82" hai2="11,48,57,115,10,78,120,73,2,75,90,26,40" hai3="70,96,104,94,128,43,56,113,98,5,8,93,123"/><W22/><G113/><T102/><D124/><U21/><E112/><V23/><F115/><W29/><G123/><T79/><D131/><U122/><E122/><V36/><F120/><W117/><G70/><T20/><D14/><U51/><E127/><V95/><F36/><W9/><G117/><T76/><D42/><U101/><E118/><V72/><F78/><W4/><G128/><T50/><D102/><U116/><E116/><V47/><F57/><W114/><G114/><T119/><D103/><U6/><E108/><V62/><F62/><W129/><G104/><T34/><D34/><U41/><E101/><V7/><F11/><N who="3" m="4171" /><G43/><T126/><D126/><U135/><E6/><N who="3" m="2666" /><G129/><T55/><D119/><U68/><E68/><V86/><F72/><W67/><G67/><T87/><D91/><U60/><E60/><V59/><F59/><W45/><G45/><T32/><D32/><U107/><E107/><V69/><F69/><W64/><G64/><T66/><D61/><U99/><E41/><V105/><F105/><W92/><G56/><T130/><D130/><U12/><E54/><V110/><F110/><W121/><G121/><T58/><D50/><U24/><E135/><V111/><F111/><W63/><G63/><T27/><D27/><AGARI ba="0,0" hai="22,27,29,92,93,94,96,98" m="2666,4171" machi="27" ten="30,11600,0" yaku="8,1,52,3" doraHai="0" who="3" fromWho="0" sc="160,-116,360,0,289,0,191,116" /><INIT seed="3,1,0,3,2,42" ten="44,360,289,307" oya="3" hai0="23,46,11,100,90,39,33,96,86,106,57,32,60" hai1="132,118,55,114,102,54,26,122,13,110,129,72,93" hai2="16,51,44,18,115,111,61,50,40,15,22,14,91" hai3="6,135,37,134,27,62,109,4,19,128,7,70,17"/><W67/><G128/><T21/><D11/><U59/><E72/><V31/><F115/><W76/><G37/><T107/><D39/><U133/><E114/><V79/><F111/><W130/><G130/><T125/><D57/><U28/><E129/><V41/><F31/><W97/><G109/><T126/><D60/><U71/><E71/><V117/><F117/><W98/><G76/><T73/><D86/><U0/><E0/><V24/><F79/><W74/><G74/><T12/><D90/><U81/><E81/><V65/><F91/><W113/><G113/><T43/><D43/><U58/><E110/><V75/><F75/><W1/><G1/><T119/><D73/><U105/><E105/><V121/><F121/><W92/><G98/><T10/><D119/><U34/><E13/><V35/><F35/><W88/><REACH who="3" step="1"/><G27/><REACH who="3" ten="44,360,289,297" step="2"/><T120/><D120/><U112/><E122/><V30/><F30/><W123/><G123/><T101/><D96/><N who="1" m="59663" /><E112/><V77/><F77/><W108/><G108/><T82/><D12/><U64/><E118/><V56/><F18/><AGARI ba="1,1" hai="4,6,7,17,18,19,62,67,70,88,92,97,134,135" machi="18" ten="40,3900,0" yaku="1,1,54,1,53,0" doraHai="42" doraHaiUra="8" who="3" fromWho="2" sc="44,0,360,0,289,-42,297,52" /><INIT seed="3,2,0,3,5,132" ten="44,360,247,349" oya="3" hai0="126,113,131,74,20,6,15,123,42,62,118,64,8" hai1="49,70,111,65,83,13,52,3,41,44,92,50,58" hai2="90,51,22,18,88,121,68,57,122,129,107,39,95" hai3="103,98,43,55,2,48,28,112,75,91,23,11,45"/><W115/><G75/><T96/><D113/><U25/><E3/><V59/><F107/><W7/><G91/><T56/><D118/><U46/><E111/><V77/><F68/><W29/><G43/><T27/><D131/><U104/><E104/><V130/><F39/><W134/><G134/><T110/><D110/><U47/><E83/><V82/><F51/><W19/><G115/><T35/><D123/><N who="2" m="47114" /><F22/><W85/><G85/><T128/><D128/><N who="2" m="49258" /><F18/><W9/><G9/><T36/><D74/><U12/><E25/><V127/><F57/><W33/><G33/><T135/><D135/><U117/><E117/><V101/><F59/><W120/><G112/><T102/><D35/><U124/><E70/><V105/><F127/><W109/><G109/><T80/><D80/><U89/><E124/><V31/><F31/><W76/><G76/><T69/><D69/><U114/><E114/><V133/><F105/><W100/><G120/><T24/><D36/><U99/><E47/><V1/><F1/><W81/><G81/><T14/><D126/><U38/><E38/><V106/><F106/><W125/><G125/><T63/><D42/><U94/><E94/><V97/><F133/><W71/><G71/><T32/><D32/><U78/><E78/><V5/><F5/><W21/><G21/><T79/><D79/><U17/><E17/><V16/><F16/><W67/><G67/><T108/><D108/><U10/><E10/><V37/><F37/><W60/><G60/><AGARI ba="2,0" hai="12,13,41,44,46,49,50,52,58,60,65,89,92,99" machi="60" ten="40,2600,0" yaku="8,1,54,1" doraHai="132" who="1" fromWho="3" sc="44,0,360,32,247,0,349,-32" owari="44,-45.6,392,49.2,247,-15.3,317,11.7" /></mjloggm>