<mjloggm ver="2.3"><GO type="225" lobby="0"/><UN n0="%E9%A6%AC%E5%BC%95%E7%81%AB%33" n1="%72%61%6B%33" n2="%68%75%69%68%75%69" n3="%45%6C%79%73%69%75%6D" dan="17,16,16,16" rate="2179.65,2077.45,2108.27,2121.08" sx="M,M,F,M"/><TAIKYOKU oya="0"/><INIT seed="0,0,0,2,1,68" ten="250,250,250,250" oya="0" hai0="131,27,108,97,109,31,87,25,23,37,12,82,16" hai1="112,77,13,75,32,24,1,56,118,120,81,11,43" hai2="117,54,36,50,105,73,60,18,79,17,127,26,45" hai3="2,125,89,35,19,48,91,33,133,28,124,86,20"/><T111/><D131/><U29/><E118/><V110/><F105/><W132/><G2/><T74/><D74/><U40/><E120/><V106/><F106/><W93/><G48/><T115/><D115/><U67/><E112/><V4/><F117/><W49/><G49/><T128/><D128/><U55/><E67/><V119/><F119/><W61/><G61/><T126/><D126/><N who="3" m="48745" /><G89/><T80/><D37/><U21/><E32/><N who="3" m="12362" /><G28/><T5/><D5/><U103/><E103/><V95/><F4/><W76/><G76/><T6/><D6/><U122/><E1/><V85/><F127/><W130/><G130/><T15/><D97/><U129/><E122/><V107/><F107/><W96/><G96/><T66/><D66/><U46/><E129/><V53/><F73/><W84/><G84/><T7/><D82/><U113/><E113/><V100/><F79/><W134/><G134/><T99/><D99/><U101/><E101/><V70/><F85/><W44/><G44/><T41/><D41/><U104/><E104/><V71/><F110/><W57/><G57/><T98/><D98/><U135/><E135/><V58/><F71/><W114/><G114/><T94/><D94/><U83/><E83/><V9/><F70/><W10/><G10/><N who="0" m="4191" /><D31/><U123/><E123/><V90/><F90/><AGARI ba="0,0" hai="15,16,23,25,27,80,87,90,108,109,111" m="4191" machi="90" ten="30,5800,0" yaku="14,1,10,1,54,1" doraHai="68" who="0" fromWho="2" sc="250,58,250,0,250,-58,250,0" /><INIT seed="0,1,0,0,5,112" ten="308,250,192,250" oya="0" hai0="111,102,106,79,34,63,73,86,62,85,17,94,101" hai1="105,21,3,10,125,58,113,104,13,8,9,92,107" hai2="76,119,6,114,90,0,60,15,22,55,24,23,128" hai3="48,42,41,38,57,19,121,31,98,5,77,39,69"/><T14/><D34/><U84/><E113/><V40/><F114/><W118/><G31/><T64/><D73/><U50/><E3/><V126/><F76/><W131/><G5/><T124/><D106/><U122/><E125/><V129/><F40/><W27/><G27/><T61/><D124/><U100/><E122/><V127/><F0/><W72/><G98/><N who="0" m="59607" /><D111/><U93/><E100/><V59/><F90/><W68/><G19/><T123/><D123/><U91/><E93/><V78/><F78/><W88/><G77/><T46/><D102/><U47/><E58/><V45/><F45/><W51/><G72/><T109/><D109/><U18/><REACH who="1" step="1"/><E107/><REACH who="1" ten="308,240,192,250" step="2"/><V82/><F126/><W12/><G121/><T4/><D64/><U1/><E1/><V66/><F127/><W11/><G57/><T87/><D79/><U70/><E70/><V89/><F66/><W37/><G68/><T120/><D120/><U44/><E44/><V97/><F128/><W49/><G69/><T83/><D46/><U2/><E2/><V20/><F129/><W7/><G131/><T80/><D80/><U130/><E130/><V65/><F65/><W133/><G133/><T116/><D83/><U52/><AGARI ba="1,1" hai="8,9,10,13,18,21,47,50,52,84,91,92,104,105" machi="52" ten="30,4000,0" yaku="1,1,0,1,54,1,53,0" doraHai="112" doraHaiUra="99" who="1" fromWho="1" sc="308,-21,240,53,192,-11,250,-11" /><INIT seed="1,0,0,1,2,11" ten="287,293,181,239" oya="1" hai0="1,38,64,3,121,123,94,4,43,78,34,54,52" hai1="18,40,75,44,115,7,116,129,106,16,41,128,96" hai2="84,132,67,23,126,36,66,72,30,56,135,113,58" hai3="28,105,49,131,12,83,2,95,65,13,109,118,87"/><U103/><E115/><V107/><F72/><W32/><G105/><T81/><D34/><U24/><E116/><V119/><F107/><W15/><G2/><N who="0" m="523" /><D64/><U46/><E75/><V125/><F84/><W9/><G118/><T51/><D4/><U104/><E7/><V70/><F119/><W100/><G109/><T63/><D63/><U120/><E120/><N who="0" m="46153" /><D38/><U10/><E24/><V88/><F30/><W77/><G131/><T57/><D94/><U85/><E85/><V6/><F6/><W31/><G65/><N who="2" m="24585" /><F23/><W73/><G49/><T50/><D43/><U37/><E104/><V60/><F113/><W39/><G39/><T55/><D50/><N who="1" m="26887" /><E10/><V45/><F70/><W8/><G32/><T61/><D51/><U108/><E108/><V14/><F60/><W112/><G112/><T0/><N who="0" m="531" /><T82/><DORA hai="90" /><D82/><U17/><E37/><V69/><F69/><W21/><G8/><T99/><D99/><U74/><E41/><V124/><F36/><W91/><G9/><T25/><D25/><U133/><E129/><V102/><F102/><W80/><G21/><T62/><D62/><U86/><E128/><V22/><F135/><W92/><G80/><T122/><N who="0" m="46161" /><T130/><DORA hai="71" /><D130/><U29/><E133/><V89/><F132/><W19/><G83/><T53/><D53/><U47/><E106/><V134/><F134/><W5/><G5/><T35/><D35/><U117/><E117/><V27/><F45/><W42/><G42/><T97/><D97/><U33/><E47/><V111/><F111/><W110/><G110/><T68/><D68/><RYUUKYOKU ba="0,0" sc="287,30,293,-10,181,-10,239,-10" hai0="52,54,55,57,61,78,81" /><INIT seed="2,1,0,0,2,81" ten="317,283,171,229" oya="2" hai0="120,52,10,106,91,22,79,90,31,26,101,92,115" hai1="87,135,0,57,4,103,97,99,16,74,128,111,40" hai2="110,113,33,64,29,80,42,54,124,44,24,134,61" hai3="84,13,121,65,70,89,109,30,129,55,25,67,60"/><V6/><F113/><W28/><G121/><T11/><D115/><U108/><E74/><V12/><F124/><W58/><G109/><T98/><D120/><U72/><E72/><V59/><F110/><W37/><G37/><T127/><D127/><U102/><E40/><V17/><F134/><W77/><G129/><T133/><D79/><U75/><E75/><V47/><F6/><W3/><G3/><T88/><D133/><U86/><E135/><V39/><F47/><W49/><G77/><T112/><D112/><U132/><E132/><V62/><F80/><W104/><G104/><T95/><D106/><U21/><E128/><V94/><F94/><W18/><G67/><T122/><D122/><U114/><E114/><V36/><F36/><W71/><G25/><T68/><D68/><U78/><E78/><V83/><F83/><W15/><G70/><T46/><D95/><U107/><E57/><V34/><F34/><W48/><G48/><AGARI ba="1,0" hai="10,11,22,26,31,46,48,52,88,90,91,92,98,101" machi="48" ten="40,5200,0" yaku="8,1,54,2" doraHai="81" who="0" fromWho="3" sc="317,55,283,0,171,0,229,-55" /><INIT seed="3,0,0,3,5,117" ten="372,283,171,174" oya="3" hai0="29,116,102,127,87,115,76,90,66,10,1,44,69" hai1="98,131,12,23,17,40,55,31,30,65,68,57,20" hai2="6,27,126,37,83,122,100,124,97,93,112,33,95" hai3="42,15,105,72,63,133,101,67,49,119,34,48,110"/><W25/><G119/><T58/><D116/><U129/><E40/><V47/><F112/><W71/><G72/><T64/><D69/><U41/><E41/><N who="2" m="22959" /><F6/><W26/><G133/><T130/><D76/><U5/><E68/><V28/><F122/><W79/><G79/><T4/><D127/><N who="2" m="48682" /><F83/><W43/><G15/><T74/><D29/><U84/><E65/><V88/><F88/><W85/><G85/><T113/><D58/><U14/><E98/><V22/><F95/><W77/><G77/><T19/><D44/><U128/><E84/><V111/><F111/><W134/><G134/><T91/><D102/><U54/><E54/><V45/><F45/><W99/><G110/><T53/><D19/><N who="1" m="10343" /><E5/><V135/><F135/><W81/><G81/><T61/><D91/><U52/><E55/><V103/><F103/><W89/><G89/><T108/><D53/><U60/><AGARI ba="0,0" hai="14,17,23,30,31,52,57,60,128,129,131" m="10343" machi="60" ten="30,2000,0" yaku="19,1,54,1" doraHai="117" who="1" fromWho="1" sc="372,-5,283,20,171,-5,174,-10" owari="367,46.7,303,10.3,166,-23.4,164,-33.6" /></mjloggm>