<mjloggm ver="2.3"><GO type="225" lobby="0"/><UN n0="%E3%81%94%E3%83%BC%E3%81%A9%E3%82%93" n1="%E3%81%95%E3%81%8D%E3%81%9F%E3%81%BE%E6%9E%97%E6%AA%8E" n2="%E3%81%AF%E3%82%88%E3%81%8A%E3%81%98%E3%81%95%E3%82%93" n3="%41%72%69%61" dan="16,16,17,16" rate="2094.26,2143.47,2187.98,2157.33" sx="M,M,M,F"/><TAIKYOKU oya="0"/><INIT seed="0,0,0,3,5,63" ten="250,250,250,250" oya="0" hai0="87,27,20,127,18,90,124,2,8,42,91,44,69" hai1="88,72,13,73,16,97,57,78,68,132,14,131,92" hai2="135,71,84,15,22,48,113,45,125,79,129,112,37" hai3="81,109,106,54,122,65,107,126,103,102,123,10,128"/><T117/><D117/><U35/><E68/><V116/><F71/><W17/><G10/><T130/><D69/><U66/><E35/><V31/><F37/><W11/><G11/><T58/><D130/><U101/><E14/><V75/><F75/><W120/><G17/><T12/><D2/><U100/><E131/><V24/><F129/><W95/><G128/><T114/><D114/><U53/><E132/><V60/><F135/><W0/><G0/><T121/><D121/><U29/><E29/><V86/><F116/><W21/><G21/><T89/><D58/><U19/><E19/><V94/><F125/><W34/><G34/><T46/><D46/><U99/><E66/><V26/><F60/><W93/><G54/><T105/><D105/><N who="3" m="39945" /><G65/><T74/><D74/><U70/><E70/><V67/><F67/><W4/><G4/><T56/><D56/><U28/><E28/><V115/><F15/><W47/><G47/><T5/><REACH who="0" step="1"/><D87/><REACH who="0" ten="240,250,250,250" step="2"/><U1/><E1/><V3/><F84/><W25/><G123/><T64/><D64/><U51/><E73/><V134/><F3/><W40/><G122/><T49/><AGARI ba="0,1" hai="5,8,12,18,20,27,42,44,49,89,90,91,124,127" machi="49" ten="30,3000,0" yaku="1,1,0,1,53,0" doraHai="63" doraHaiUra="32" who="0" fromWho="0" sc="240,40,250,-10,250,-10,250,-10" /><INIT seed="0,1,0,3,3,102" ten="280,240,240,240" oya="0" hai0="75,67,128,103,54,124,129,53,98,106,74,28,42" hai1="40,58,32,133,116,29,111,12,72,94,19,3,36" hai2="61,130,97,18,84,89,112,119,16,123,118,10,37" hai3="43,14,52,93,20,126,59,96,56,79,33,2,30"/><T88/><D124/><U31/><E116/><N who="2" m="44587" /><F123/><W65/><G126/><T64/><D28/><U50/><E36/><V22/><F112/><W114/><G114/><T68/><D42/><U100/><E3/><V11/><F37/><W66/><G2/><T107/><D88/><U101/><E133/><V92/><F130/><N who="0" m="50282" /><D103/><U117/><E117/><V0/><F0/><W57/><G79/><T4/><D98/><U73/><E111/><V122/><F122/><W23/><G43/><T15/><D68/><U63/><E32/><V70/><F18/><N who="3" m="10327" /><G33/><T5/><D15/><U62/><E73/><N who="0" m="27657" /><D64/><N who="3" m="24681" /><G30/><N who="1" m="11274" /><E72/><V17/><F61/><N who="1" m="23049" /><E94/><N who="2" m="54567" /><F17/><W41/><G41/><T99/><D67/><U104/><E104/><N who="0" m="39977" /><D99/><U131/><E131/><V60/><F70/><W1/><G1/><T125/><D125/><U45/><E58/><V51/><F97/><W85/><G96/><T120/><D120/><U127/><E127/><V44/><F92/><W24/><G93/><T26/><D26/><U25/><E25/><V34/><F34/><W135/><G85/><T113/><D113/><U7/><E7/><AGARI ba="1,0" hai="4,5,7,53,54" m="39977,27657,50282" machi="7" ten="40,18000,2" yaku="28,2,19,1,52,3" doraHai="102" who="0" fromWho="1" sc="280,183,240,-183,240,0,240,0" /><INIT seed="0,2,0,2,5,25" ten="463,57,240,240" oya="0" hai0="69,24,129,48,128,61,31,45,84,21,97,112,26" hai1="58,63,20,102,92,35,40,87,133,11,17,125,85" hai2="118,105,73,76,12,10,8,117,119,65,39,22,120" hai3="107,27,59,29,99,38,52,28,100,51,57,126,114"/><T2/><D2/><U30/><E133/><V95/><F105/><W74/><G114/><T42/><D112/><U108/><E108/><V101/><F39/><W34/><G74/><T123/><D123/><U82/><E125/><V54/><F120/><W132/><G132/><T90/><D97/><U116/><E116/><V7/><F65/><W113/><G113/><T62/><D24/><U37/><E37/><V78/><F73/><W70/><G38/><T19/><D19/><U67/><E35/><V134/><F134/><W56/><G126/><T49/><D49/><U127/><E127/><V104/><F104/><W111/><G111/><T64/><REACH who="0" step="1"/><D62/><REACH who="0" ten="453,57,240,240" step="2"/><U115/><E115/><V110/><F110/><W18/><G18/><T81/><AGARI ba="2,1" hai="21,26,31,42,45,48,61,64,69,81,84,90,128,129" machi="81" ten="30,11700,0" yaku="1,1,2,1,0,1,52,1,53,0" doraHai="25" doraHaiUra="5" who="0" fromWho="0" sc="453,133,57,-41,240,-41,240,-41" /><INIT seed="0,3,0,2,4,86" ten="586,16,199,199" oya="0" hai0="95,52,93,54,125,9,76,103,121,44,42,78,127" hai1="6,79,30,111,0,120,98,57,69,113,80,129,2" hai2="102,84,20,101,7,71,13,97,46,90,41,134,94" hai3="35,58,104,133,19,56,89,59,16,47,23,96,107"/><T36/><D121/><U82/><E120/><V119/><F71/><W73/><G73/><T8/><D103/><U26/><E69/><V25/><F134/><W61/><G35/><T11/><D93/><U43/><E43/><V99/><F119/><W27/><G133/><T126/><D95/><U53/><E111/><V70/><F70/><W49/><G107/><T40/><D40/><U67/><E67/><V4/><F13/><W63/><G19/><T115/><D115/><U64/><E64/><V37/><F101/><W91/><G104/><T33/><D33/><U74/><E129/><V135/><F135/><W18/><G18/><T55/><AGARI ba="3,0" hai="8,9,11,36,42,44,52,54,55,76,78,125,126,127" machi="55" ten="40,12000,1" yaku="0,1,29,2,18,1,54,1" doraHai="86" who="0" fromWho="0" sc="586,129,16,-43,199,-43,199,-43" owari="715,81.5,-27,-52.7,156,-4.4,156,-24.4" /></mjloggm>