<mjloggm ver="2.3"><GO type="225" lobby="0"/><UN n0="%E3%81%A9%E3%82%93%E3%82%88%E3%81%8F%4D%6B%2E%32" n1="%E6%A1%9C%E8%8A%B1%E9%96%83%E3%80%85" n2="%E3%81%93%E3%81%9F%E3%82%8D%E3%81%86%E3%81%8F%E3%82%93" n3="%E3%81%9F%E3%81%8C%E3%82%84%E3%81%99" dan="16,17,16,16" rate="2131.03,2195.77,2064.09,2145.42" sx="M,M,M,M"/><TAIKYOKU oya="0"/><INIT seed="0,0,0,1,3,36" ten="250,250,250,250" oya="0" hai0="12,101,34,75,35,22,65,119,105,113,114,120,61" hai1="87,108,131,16,54,52,14,112,86,63,106,78,48" hai2="99,130,13,39,47,80,110,127,40,58,79,25,26" hai3="118,77,85,57,98,42,27,94,33,115,46,53,97"/><T126/><D119/><U73/><E106/><V15/><F110/><W45/><G33/><T107/><D120/><U122/><E122/><V38/><F127/><W69/><G69/><T20/><D75/><U43/><E108/><V37/><F130/><W90/><G115/><T59/><D126/><U96/><E112/><V132/><F132/><W82/><G118/><T67/><D12/><U111/><E111/><V30/><F99/><W10/><G27/><T116/><D116/><U102/><E73/><V103/><F103/><W74/><G10/><T44/><D44/><N who="1" m="25631" /><E63/><V29/><F58/><W9/><G9/><T121/><D121/><U70/><E70/><V62/><F62/><W84/><G46/><T60/><D59/><U81/><E87/><V91/><F29/><W109/><G74/><T24/><REACH who="0" step="1"/><D101/><REACH who="0" ten="240,250,250,250" step="2"/><U28/><E131/><V4/><F13/><W117/><G117/><T51/><D51/><U128/><E128/><V18/><F38/><W134/><G109/><T6/><D6/><U66/><E66/><V55/><F4/><W1/><G134/><T83/><D83/><U93/><E28/><V56/><F30/><W17/><G1/><T2/><D2/><U21/><AGARI ba="0,1" hai="14,16,21,52,54,78,81,86,93,96,102" m="25631" machi="21" ten="30,7900,0" yaku="8,1,52,1,54,2" doraHai="36" who="1" fromWho="1" sc="240,-39,250,89,250,-20,250,-20" /><INIT seed="1,0,0,5,2,56" ten="201,339,230,230" oya="1" hai0="58,76,105,127,35,26,117,100,31,16,68,135,96" hai1="109,24,52,85,37,92,94,108,57,10,91,118,63" hai2="124,115,55,97,5,48,132,11,130,134,106,90,126" hai3="46,45,49,17,60,42,125,88,34,22,129,107,13"/><U40/><E118/><V69/><F69/><W93/><G107/><T67/><D117/><U19/><E37/><V8/><F115/><W111/><G34/><T84/><D127/><N who="2" m="48682" /><F130/><W9/><G125/><T32/><D135/><N who="2" m="51754" /><F5/><W43/><G111/><N who="1" m="42570" /><E40/><V29/><F29/><W3/><G129/><T44/><D44/><U71/><E71/><V72/><F72/><W20/><G60/><N who="0" m="40039" /><D35/><U53/><E94/><N who="2" m="56535" /><F106/><W99/><REACH who="3" step="1"/><G3/><REACH who="3" ten="201,339,230,220" step="2"/><T128/><D128/><U15/><E24/><V59/><AGARI ba="0,1" hai="8,11,48,55,59" m="56535,51754,48682" machi="59" ten="30,2000,0" yaku="18,1,20,1" doraHai="56" who="2" fromWho="2" sc="201,-5,339,-10,230,30,220,-5" /><INIT seed="2,0,0,5,2,1" ten="196,329,260,215" oya="2" hai0="14,28,18,51,118,130,64,55,20,52,8,44,129" hai1="49,12,37,59,121,25,124,109,98,11,27,60,132" hai2="7,57,122,63,101,24,93,4,9,23,78,113,34" hai3="103,120,32,77,40,39,30,104,115,5,0,108,19"/><V74/><F113/><W125/><G77/><T10/><D118/><U90/><E37/><V92/><F122/><W85/><G85/><T128/><D28/><U46/><E109/><V102/><F34/><W67/><G19/><T95/><D64/><N who="1" m="38943" /><E132/><V71/><F71/><W81/><G81/><T94/><D55/><N who="1" m="30135" /><E124/><V47/><F47/><W79/><G5/><N who="2" m="2121" /><F9/><AGARI ba="0,0" hai="8,9,10,14,18,20,44,51,52,94,95,128,129,130" machi="9" ten="40,2600,0" yaku="19,1,54,1" doraHai="1" who="0" fromWho="2" sc="196,26,329,0,260,-26,215,0" /><INIT seed="3,0,0,0,5,52" ten="222,329,234,215" oya="3" hai0="106,70,11,62,78,107,99,110,113,26,48,2,38" hai1="28,39,18,49,37,94,108,4,31,17,76,41,36" hai2="127,40,27,89,20,130,1,29,116,95,7,124,24" hai3="134,50,65,115,75,69,34,14,83,10,6,100,32"/><W123/><G100/><T60/><D38/><U125/><E4/><V84/><F116/><W92/><G115/><T102/><D78/><U91/><E76/><V88/><F40/><W117/><G117/><T53/><D113/><U3/><E3/><V15/><F130/><W72/><G123/><T114/><D114/><U122/><E108/><V118/><F118/><W19/><G134/><T59/><D110/><U57/><E57/><V42/><F42/><W23/><G92/><T128/><D128/><U79/><E79/><V101/><F101/><W131/><G131/><T97/><D97/><U80/><E80/><V30/><F1/><W126/><G126/><N who="2" m="48169" /><F89/><W51/><G83/><T112/><D112/><U16/><E122/><V54/><F54/><W13/><G69/><T21/><D106/><U86/><E125/><V82/><F82/><W104/><G104/><T85/><D70/><U12/><E12/><V77/><F77/><W111/><G111/><T74/><D74/><U9/><E9/><N who="2" m="4543" /><F27/><W64/><G75/><T8/><D85/><U103/><E103/><V45/><F45/><W44/><G72/><T105/><D105/><U133/><E133/><V98/><F98/><W68/><G44/><T46/><D2/><U35/><E35/><N who="3" m="13354" /><G68/><T90/><D90/><U5/><E5/><V132/><F132/><W66/><G6/><T121/><D121/><U87/><E87/><V81/><F81/><W96/><G96/><T61/><D46/><N who="1" m="25807" /><E37/><V119/><F119/><W73/><G73/><T58/><D58/><U67/><E67/><N who="3" m="17154" /><W33/><N who="3" m="13362" /><DORA hai="25" /><W43/><DORA hai="93" /><G43/><RYUUKYOKU ba="0,0" sc="222,0,329,0,234,0,215,0" hai0="8,11,21,26,48,53,59,60,61,62,99,102,107" hai1="16,17,18,28,31,36,39,86,91,94" hai2="20,24,29,30,84,88,95" hai3="10,13,14,19,23,50,51" /><INIT seed="3,1,0,5,4,61" ten="222,329,234,215" oya="3" hai0="38,69,78,127,25,121,0,72,29,45,119,15,16" hai1="27,33,67,26,86,97,34,131,32,134,53,82,30" hai2="91,35,100,120,94,99,125,13,122,31,98,110,44" hai3="36,80,64,113,58,59,112,93,95,133,62,132,20"/><W4/><G36/><T135/><D119/><U43/><E67/><V85/><F110/><W40/><G40/><T41/><D121/><N who="2" m="46698" /><F125/><W103/><G4/><T70/><D0/><U117/><E43/><V124/><F124/><W106/><G106/><T65/><D127/><U18/><E117/><V14/><F44/><W39/><G39/><T60/><D135/><N who="3" m="51785" /><G80/><T123/><D123/><U37/><E82/><N who="2" m="49591" /><F99/><N who="3" m="59887" /><G95/><T77/><D70/><U56/><E37/><V68/><F68/><N who="3" m="42007" /><G20/><T21/><D72/><U54/><E33/><AGARI ba="1,0" hai="15,16,21,25,29,33,38,41,45,60,65,69,77,78" machi="33" ten="30,3900,0" yaku="7,1,52,1,54,1" doraHai="61" who="0" fromWho="1" sc="222,42,329,-42,234,0,215,0" /><INIT seed="4,0,0,1,1,2" ten="264,287,234,215" oya="0" hai0="122,58,71,69,115,119,39,24,95,129,73,44,118" hai1="133,111,70,116,5,59,51,15,92,68,29,89,96" hai2="14,64,108,19,0,34,134,97,12,77,66,54,4" hai3="36,114,135,104,131,13,21,103,3,126,99,113,101"/><T46/><D73/><U109/><E116/><N who="0" m="44585" /><D95/><U87/><E133/><V43/><F134/><W61/><G135/><T106/><D24/><U110/><E29/><V18/><F108/><W45/><G3/><T26/><D26/><U56/><E51/><V31/><F43/><N who="3" m="22759" /><G103/><T83/><D83/><U1/><E1/><V88/><F77/><W76/><G76/><T123/><D106/><U42/><E42/><V91/><F97/><W50/><G50/><T80/><D80/><U90/><E68/><N who="0" m="26185" /><D39/><U25/><E25/><V117/><F31/><W28/><G28/><T40/><D40/><U60/><E90/><V125/><F34/><W78/><G78/><T75/><D75/><U98/><E98/><V23/><F117/><W93/><G104/><T84/><D84/><U65/><E87/><V8/><F0/><W53/><G13/><T35/><D35/><U62/><E89/><V16/><F91/><W27/><G27/><T130/><D58/><U11/><E59/><V121/><F88/><W37/><G37/><T55/><D55/><U72/><E72/><V102/><F54/><W30/><G30/><T32/><D32/><U124/><E92/><V6/><F102/><W17/><G101/><T48/><D115/><N who="3" m="44041" /><G53/><N who="0" m="29831" /><D46/><U100/><E100/><V9/><F19/><W49/><G17/><T112/><D112/><U41/><E41/><V94/><F94/><W120/><G93/><T79/><D79/><U7/><E96/><V85/><F85/><W128/><G99/><T33/><D33/><U52/><E5/><V127/><F23/><W105/><G21/><T107/><D107/><RYUUKYOKU ba="0,0" sc="264,10,287,10,234,10,215,-30" hai0="122,123,129,130" hai1="7,11,15,52,56,60,62,65,70,109,110,111,124" hai2="4,6,8,9,12,14,16,18,64,66,121,125,127" /><INIT seed="4,1,0,0,3,129" ten="274,297,244,185" oya="0" hai0="84,59,33,134,37,1,30,63,58,128,20,135,116" hai1="108,132,75,27,70,101,19,34,2,57,119,55,39" hai2="111,118,9,66,0,97,68,71,113,15,41,86,32" hai3="62,114,122,109,44,6,16,21,60,82,106,127,80"/><T42/><D1/><U14/><E132/><N who="0" m="50729" /><D116/><U67/><E55/><V85/><F111/><W100/><G6/><T96/><D128/><U10/><E57/><V43/><F118/><W87/><G109/><T36/><D33/><U76/><E19/><V131/><F32/><W69/><G127/><T11/><D11/><U72/><E101/><V23/><F131/><W91/><G114/><T38/><D84/><U31/><E72/><V94/><F113/><W83/><G122/><T4/><D4/><U52/><E75/><V88/><F0/><W25/><G69/><T89/><D42/><U81/><E10/><V29/><F68/><W110/><G110/><T26/><D63/><U3/><E34/><V24/><F43/><W98/><REACH who="3" step="1"/><G44/><REACH who="3" ten="274,297,244,175" step="2"/><T17/><D30/><U46/><E31/><V22/><F29/><W7/><G7/><T40/><D40/><U90/><E108/><V117/><F41/><W99/><G99/><T93/><AGARI ba="1,1" hai="17,20,26,36,37,38,58,59,89,93,96" m="50729" machi="93" ten="40,12000,1" yaku="20,1,52,3" doraHai="129" who="0" fromWho="0" sc="274,133,297,-41,244,-41,175,-41" owari="407,50.7,256,5.6,203,-19.7,134,-36.6" /></mjloggm>