<mjloggm ver="2.3"><GO type="225" lobby="0"/><UN n0="%E3%81%BF%E3%81%BF%E3%81%9A" n1="%E3%81%90%E3%81%A1%E3%82%84%E3%81%BE" n2="%E3%83%A9%E3%82%A4%E3%83%B3%E3%81%AE%E8%99%8E" n3="%41%6F%54" dan="18,16,16,16" rate="2213.02,2116.27,2158.35,2074.81" sx="M,M,M,M"/><TAIKYOKU oya="0"/><INIT seed="0,0,0,4,0,49" ten="250,250,250,250" oya="0" hai0="114,4,76,121,133,72,70,125,80,22,69,2,101" hai1="8,73,26,14,68,134,96,62,54,55,83,84,19" hai2="112,99,51,7,60,10,56,128,1,120,11,78,57" hai3="58,94,90,32,23,42,95,52,132,92,87,100,17"/><T130/><D114/><U6/><E73/><V116/><F120/><W63/><G132/><T0/><D121/><U35/><E134/><V50/><F112/><W37/><G32/><T12/><D133/><U44/><E35/><V86/><F128/><W30/><G30/><T81/><D130/><U122/><E122/><V107/><F116/><W110/><G110/><T118/><D118/><U126/><E126/><V91/><F11/><W109/><G109/><T27/><D101/><U20/><E44/><V97/><F78/><W13/><G37/><T71/><D81/><U64/><REACH who="1" step="1"/><E96/><REACH who="1" ten="250,240,250,250" step="2"/><V106/><F99/><N who="3" m="59495" /><G42/><T39/><D125/><U103/><E103/><V38/><F97/><W98/><G98/><T127/><D127/><U21/><E21/><V117/><F117/><W111/><G111/><T123/><D123/><U129/><E129/><V115/><F115/><W3/><G3/><T45/><D0/><U113/><E113/><V48/><F1/><W40/><G40/><T135/><D2/><U93/><E93/><AGARI ba="0,1" hai="13,17,23,52,58,63,87,90,93,94,95" m="59495" machi="93" ten="30,3900,0" yaku="8,1,52,1,54,1" doraHai="49" who="3" fromWho="1" sc="250,0,240,-39,250,0,250,49" /><INIT seed="1,0,0,5,1,67" ten="250,201,250,299" oya="1" hai0="6,63,101,75,74,54,12,68,33,30,126,97,0" hai1="2,14,133,98,72,39,3,94,103,90,22,130,46" hai2="127,38,26,123,120,91,84,19,70,117,47,27,8" hai3="119,36,34,41,61,45,50,102,73,23,58,81,80"/><U116/><E116/><V15/><F117/><W48/><G119/><T96/><D126/><U71/><E72/><V131/><F127/><W11/><G34/><T85/><D0/><U125/><E125/><V105/><F105/><W28/><G102/><T111/><D111/><U9/><E130/><V134/><F131/><W121/><G121/><T53/><D85/><U109/><E109/><V32/><F134/><W59/><G73/><T51/><D97/><U88/><E133/><V62/><F38/><W35/><G35/><T1/><D1/><U106/><E71/><V108/><F47/><W77/><G11/><N who="0" m="4215" /><D54/><U124/><E124/><V37/><F37/><W132/><G132/><T76/><D53/><U21/><E2/><V83/><F108/><W31/><G58/><T13/><D13/><U100/><E3/><V135/><F135/><W56/><G56/><T115/><D51/><U79/><E79/><V25/><REACH who="2" step="1"/><F32/><REACH who="2" ten="250,201,240,299" step="2"/><W7/><G45/><T55/><D33/><U49/><E39/><V122/><F122/><W113/><G36/><T129/><D129/><U42/><E106/><V93/><F93/><W89/><G113/><T5/><D115/><U18/><REACH who="1" step="1"/><E100/><REACH who="1" ten="250,191,240,299" step="2"/><V104/><F104/><W82/><G77/><T16/><D101/><U20/><AGARI ba="0,2" hai="9,14,18,20,21,22,42,46,49,88,90,94,98,103" machi="20" ten="30,24000,3" yaku="1,1,2,1,0,1,8,1,54,1,53,3" doraHai="67" doraHaiUra="17" who="1" fromWho="1" sc="250,-80,191,260,240,-80,299,-80" /><INIT seed="1,1,0,3,3,13" ten="170,451,160,219" oya="1" hai0="94,39,76,58,30,44,59,6,55,53,99,7,113" hai1="16,114,127,65,70,41,100,1,117,131,72,78,26" hai2="42,87,10,75,48,88,64,36,19,61,77,110,132" hai3="2,119,57,111,93,81,102,35,74,120,49,71,17"/><U11/><E114/><V29/><F36/><W85/><G71/><T52/><D113/><U135/><E117/><V9/><F110/><W18/><G120/><T47/><D76/><U115/><E115/><V34/><F132/><W122/><G122/><T123/><D30/><U98/><E41/><V101/><F101/><W54/><G2/><T23/><D23/><U121/><E121/><V96/><F34/><W0/><G0/><T124/><D124/><U33/><E131/><V37/><F37/><W63/><G35/><T24/><D24/><U27/><E135/><V20/><F29/><W104/><G104/><T86/><D86/><U79/><E72/><V95/><F75/><W73/><G111/><T3/><D123/><U50/><E50/><V134/><F134/><W62/><G74/><T92/><D3/><U130/><E130/><V83/><F48/><W8/><G8/><T25/><D25/><U31/><E1/><V105/><F42/><W14/><G14/><T69/><D39/><U103/><E103/><V68/><REACH who="2" step="1"/><F105/><REACH who="2" ten="170,451,150,219" step="2"/><W46/><G73/><T60/><D69/><U21/><E127/><V129/><F129/><W82/><G119/><T118/><D118/><U32/><E32/><V66/><F66/><N who="3" m="39247" /><G102/><N who="0" m="60775" /><D94/><U97/><E100/><V38/><F38/><W40/><G93/><T22/><D55/><U107/><E107/><V4/><F4/><N who="0" m="1578" /><D22/><N who="1" m="13639" /><E65/><V90/><F90/><N who="3" m="51503" /><G82/><T80/><D80/><U15/><E33/><V84/><F84/><W28/><G28/><T91/><D91/><U12/><E21/><V128/><F128/><W106/><G106/><T45/><D53/><RYUUKYOKU ba="1,1" sc="170,10,451,-30,150,10,219,10" hai0="44,45,47,52,58,59,60" hai2="9,10,19,20,61,64,68,77,83,87,88,95,96" hai3="17,18,40,46,49,54,63" /><INIT seed="2,2,1,5,0,21" ten="180,421,160,229" oya="2" hai0="15,36,34,48,122,83,135,19,91,24,29,60,107" hai1="127,14,87,114,37,133,84,125,65,124,129,121,68" hai2="66,80,123,118,94,81,99,49,113,88,27,115,73" hai3="23,38,3,78,11,13,103,59,86,131,109,106,4"/><V97/><F118/><W111/><G38/><T57/><D36/><U79/><E114/><V126/><F123/><W61/><G131/><T16/><D122/><U95/><E121/><V120/><F120/><W77/><G103/><T42/><D107/><U92/><E129/><V62/><F126/><W100/><G100/><T117/><D117/><U35/><E133/><V102/><F49/><W105/><G23/><T30/><D30/><U2/><E2/><V82/><F73/><W116/><G3/><T8/><D135/><U112/><E112/><V0/><F0/><W98/><G98/><T6/><D83/><N who="1" m="47231" /><E35/><V17/><F17/><W39/><G39/><T33/><D33/><U22/><E87/><V75/><F75/><W104/><G86/><T108/><D91/><U96/><E37/><V134/><F27/><W31/><G31/><T53/><REACH who="0" step="1"/><D108/><REACH who="0" ten="170,421,160,229" step="2"/><N who="3" m="41545" /><G116/><T54/><D54/><AGARI ba="2,2" hai="4,11,13,54,59,61,77,78,104,105,106" m="41545" machi="54" ten="40,1300,0" yaku="14,1" doraHai="21" who="3" fromWho="0" sc="170,-19,421,0,160,0,229,39" /><INIT seed="3,0,0,2,0,31" ten="151,421,160,268" oya="3" hai0="40,91,92,64,75,5,32,38,14,62,114,25,66" hai1="93,17,79,36,0,16,125,90,102,20,105,132,100" hai2="63,126,72,42,87,108,101,127,49,12,128,121,97" hai3="74,57,82,23,109,53,51,22,68,122,46,129,58"/><W54/><G122/><T69/><D75/><U67/><E0/><V15/><F72/><W50/><G68/><T133/><D133/><U48/><E36/><V73/><F73/><W44/><G129/><T3/><D3/><U99/><E132/><V61/><F128/><W28/><G109/><T41/><D114/><U130/><E130/><V134/><F87/><W55/><G28/><T29/><D38/><U77/><E125/><N who="2" m="47627" /><F108/><W89/><G74/><T6/><D66/><U76/><E105/><N who="2" m="63663" /><F121/><W84/><REACH who="3" step="1"/><G54/><REACH who="3" ten="151,421,160,258" step="2"/><T65/><D65/><U37/><E37/><V123/><F123/><W10/><G10/><T59/><D69/><U80/><E67/><V45/><F134/><W70/><G70/><T124/><D124/><U47/><E17/><V112/><F112/><W34/><G34/><T30/><D30/><U110/><E110/><V19/><F19/><W94/><G94/><T60/><D60/><AGARI ba="0,1" hai="12,15,42,45,49,60,61,63" m="63663,47627" machi="60" ten="30,1000,0" yaku="18,1" doraHai="31" who="2" fromWho="0" sc="151,-10,421,0,160,20,258,0" owari="141,-35.9,421,52.1,180,-22.0,258,5.8" /></mjloggm>