<mjloggm ver="2.3"><GO type="225" lobby="0"/><UN n0="%E5%91%A8%E6%9D%B1" n1="%77%72%77%72%77%72%77%72" n2="%E5%A4%8F%E9%88%B4%E9%88%B4%E5%A4%8F" n3="%E6%81%A5%E6%99%92%E3%81%97" dan="16,17,16,16" rate="2163.78,2148.92,2101.21,2091.72" sx="M,M,M,M"/><TAIKYOKU oya="0"/><INIT seed="0,0,0,1,0,99" ten="250,250,250,250" oya="0" hai0="78,42,92,70,80,22,61,126,77,57,27,87,13" hai1="69,18,65,50,93,114,26,107,66,115,134,25,52" hai2="85,89,82,68,55,73,6,47,24,128,103,132,108" hai3="48,124,79,88,30,39,14,131,123,96,21,67,11"/><T15/><D126/><U59/><E107/><V127/><F127/><W3/><G124/><T36/><D70/><U98/><E134/><V56/><F132/><W116/><G116/><T113/><D113/><N who="1" m="43019" /><E69/><V40/><F108/><W53/><G39/><T45/><D78/><U19/><E25/><V105/><F128/><W71/><G131/><T28/><REACH who="0" step="1"/><D92/><REACH who="0" ten="240,250,250,250" step="2"/><U60/><E26/><V0/><F68/><W90/><G71/><T4/><D4/><U12/><E12/><V91/><F24/><W44/><G14/><T64/><AGARI ba="0,1" hai="13,15,22,27,28,36,42,45,57,61,64,77,80,87" machi="64" ten="20,3900,0" yaku="1,1,0,1,7,1,53,0" doraHai="99" doraHaiUra="35" who="0" fromWho="0" sc="240,49,250,-13,250,-13,250,-13" /><INIT seed="0,1,0,5,5,65" ten="289,237,237,237" oya="0" hai0="51,0,78,56,134,8,95,33,32,50,2,119,27" hai1="41,16,12,63,93,28,40,47,97,107,20,82,11" hai2="30,83,7,106,114,62,61,74,72,18,130,19,25" hai3="57,75,45,79,43,110,120,99,92,117,26,4,49"/><T71/><D119/><U98/><E107/><V116/><F114/><W80/><G117/><T69/><D78/><U13/><E63/><V21/><F116/><W135/><G110/><T29/><D134/><U100/><E82/><V132/><F106/><W48/><G135/><T133/><D133/><U113/><E113/><V68/><F132/><W76/><G120/><T87/><D33/><U34/><E98/><V31/><F130/><W15/><G26/><T37/><D37/><U126/><E126/><V3/><F83/><W67/><G80/><T103/><D8/><U111/><E111/><V35/><F7/><W123/><G75/><T122/><D122/><U128/><E128/><V115/><F3/><W46/><G57/><T44/><D2/><U24/><REACH who="1" step="1"/><E47/><REACH who="1" ten="289,227,237,237" step="2"/><V101/><F62/><W9/><G123/><T121/><D121/><U60/><E60/><V129/><F115/><W58/><G58/><T127/><D127/><U36/><E36/><V14/><F129/><W53/><REACH who="3" step="1"/><G67/><REACH who="3" ten="289,227,237,227" step="2"/><T89/><D56/><U118/><E118/><V5/><F74/><W124/><G124/><T125/><D125/><U38/><E38/><V109/><F72/><W94/><G94/><T77/><D95/><U90/><E90/><AGARI ba="1,2" hai="4,9,15,43,45,46,48,49,53,76,79,90,92,99" machi="90" ten="30,3900,0" yaku="1,1,7,1,8,1,53,0" doraHai="65" doraHaiUra="105" who="3" fromWho="1" sc="289,0,227,-42,237,0,227,62" /><INIT seed="1,0,0,2,1,31" ten="289,185,237,289" oya="1" hai0="103,5,111,38,0,10,23,66,99,51,50,14,121" hai1="22,79,89,75,64,6,78,135,100,26,83,120,61" hai2="118,11,28,33,27,116,114,123,107,21,94,59,130" hai3="4,81,97,91,68,29,122,104,17,95,63,41,36"/><U2/><E120/><V73/><F107/><W7/><G122/><T57/><D121/><U128/><E128/><V49/><F73/><W47/><G104/><T8/><D111/><U86/><E135/><V60/><F123/><W12/><G29/><T46/><D23/><U96/><E6/><V105/><F105/><W77/><G63/><T125/><D125/><U43/><E43/><V129/><F94/><W132/><G68/><T67/><D38/><U70/><E2/><V34/><F49/><W80/><G80/><T16/><D57/><U39/><E39/><V53/><F114/><W126/><G132/><T72/><D51/><U109/><E109/><V54/><F54/><W87/><REACH who="3" step="1"/><G126/><REACH who="3" ten="289,185,237,279" step="2"/><T40/><D72/><U15/><E75/><V112/><F112/><W93/><G93/><AGARI ba="0,1" hai="0,5,8,10,14,16,40,46,50,66,67,93,99,103" machi="93" ten="30,2000,0" yaku="7,1,54,1" doraHai="31" who="0" fromWho="3" sc="289,30,185,0,237,0,279,-20" /><INIT seed="2,0,0,4,4,95" ten="319,185,237,259" oya="2" hai0="11,15,16,82,38,21,124,84,90,46,49,132,44" hai1="87,34,73,114,94,104,85,36,5,118,133,52,126" hai2="37,74,106,19,72,71,64,22,42,14,30,66,65" hai3="134,86,63,32,135,92,59,13,99,96,123,80,127"/><V58/><F71/><W0/><G0/><T45/><D132/><N who="3" m="50729" /><G123/><T1/><D124/><U78/><E133/><V7/><F106/><W113/><G127/><T47/><D38/><U108/><E126/><V131/><F131/><W89/><G113/><T48/><D1/><U79/><E114/><V83/><F7/><W125/><G125/><T23/><D49/><U35/><E118/><V121/><F121/><W51/><G32/><T128/><D128/><U40/><E104/><V24/><F58/><W75/><G51/><T9/><D9/><U27/><E108/><V57/><F57/><W122/><G122/><T88/><D90/><U69/><E69/><V17/><F17/><W26/><G26/><T100/><D100/><U41/><E5/><V101/><F101/><W77/><G13/><T103/><D103/><U129/><E129/><V18/><F18/><W28/><G28/><T6/><D6/><U31/><E73/><V70/><F83/><W12/><G12/><T120/><D120/><U53/><E94/><V43/><F70/><W68/><G68/><T81/><D81/><U105/><E105/><V130/><F130/><W8/><G8/><T61/><D61/><U117/><E27/><V76/><F76/><W67/><AGARI ba="0,0" hai="59,63,67,75,77,80,86,89,92,96,99" m="50729" machi="67" ten="30,4000,0" yaku="20,1,52,2" doraHai="95" who="3" fromWho="3" sc="319,-10,185,-10,237,-20,259,40" /><INIT seed="3,0,0,1,0,50" ten="309,175,217,299" oya="3" hai0="49,33,97,42,63,20,124,26,133,100,67,46,40" hai1="47,0,108,96,129,8,109,57,22,126,79,1,66" hai2="72,56,12,106,134,14,135,122,132,99,131,78,101" hai3="48,61,38,93,55,123,3,64,37,75,119,74,45"/><W86/><G119/><T71/><D124/><U32/><E32/><V76/><F12/><W43/><G123/><T130/><D133/><N who="2" m="34050" /><V27/><DORA hai="30" /><F14/><W11/><G37/><T111/><D111/><U98/><E126/><V104/><F27/><W13/><G3/><T85/><D85/><U60/><E129/><V118/><F118/><W70/><G93/><T90/><D90/><U51/><E79/><N who="2" m="30251" /><F122/><W23/><G86/><T9/><D9/><U24/><E109/><V113/><F113/><W77/><G77/><T16/><D130/><U28/><E108/><V82/><F131/><W2/><G23/><T21/><D21/><U73/><E73/><V52/><F82/><W95/><G95/><T68/><D33/><U65/><E65/><V53/><F72/><W91/><G91/><T87/><D87/><U44/><E44/><V117/><F56/><N who="3" m="32871" /><G2/><T35/><D35/><U34/><E22/><V59/><F59/><W83/><G83/><T107/><D71/><U114/><E114/><V6/><F117/><W94/><G94/><T29/><D29/><U69/><E69/><V41/><F6/><AGARI ba="0,0" hai="6,11,13,38,43,45,61,64,70,74,75" m="32871" machi="6" ten="30,2900,0" yaku="24,1,52,1" doraHai="50,30" who="3" fromWho="2" sc="309,0,175,0,217,-29,299,29" owari="309,10.9,175,-32.5,188,-21.2,328,42.8" /></mjloggm>