<mjloggm ver="2.3"><GO type="225" lobby="0"/><UN n0="%E4%B8%89%E5%88%86%E5%B0%8F%E5%83%A7" n1="%E6%A5%93%E4%BB%8B" n2="%E6%81%A5%E6%99%92%E3%81%97" n3="%E5%91%A8%E6%9D%B1" dan="16,16,17,17" rate="2058.76,2084.35,2125.65,2206.26" sx="M,M,M,M"/><TAIKYOKU oya="0"/><INIT seed="0,0,0,5,1,92" ten="250,250,250,250" oya="0" hai0="47,133,106,125,45,86,101,37,83,117,114,42,90" hai1="91,96,88,116,21,100,62,70,75,7,127,123,111" hai2="102,12,120,44,99,58,33,108,64,60,9,53,105" hai3="5,69,78,57,73,48,51,31,18,115,54,28,41"/><T32/><D114/><U129/><E116/><V118/><F118/><W30/><G69/><T71/><D117/><U22/><E123/><V134/><F108/><W95/><G115/><T128/><D32/><U122/><E111/><V81/><F134/><W26/><G73/><T25/><D133/><U66/><E122/><V109/><F109/><W77/><G5/><T97/><D71/><U23/><E127/><V43/><F120/><W98/><G18/><T29/><D125/><U113/><E113/><V65/><F81/><W24/><G41/><T84/><D47/><U19/><E75/><V82/><F82/><W20/><G51/><T40/><D40/><U46/><E7/><V15/><F33/><W126/><G126/><T4/><D4/><U35/><E129/><V93/><F105/><W135/><G135/><T131/><REACH who="0" step="1"/><D86/><REACH who="0" ten="240,250,250,250" step="2"/><U36/><E35/><V34/><F34/><W10/><G10/><T17/><D17/><U14/><E46/><V104/><F9/><W13/><G20/><T38/><D38/><U74/><E36/><V89/><F43/><W72/><G72/><T107/><D107/><U87/><E74/><V85/><F44/><W79/><REACH who="3" step="1"/><G13/><REACH who="3" ten="240,250,250,240" step="2"/><T103/><D103/><AGARI ba="0,2" hai="24,26,28,30,31,48,54,57,77,78,79,95,98,103" machi="103" ten="40,8000,1" yaku="1,1,2,1,8,1,52,1,53,0" doraHai="92" doraHaiUra="68" who="3" fromWho="0" sc="240,-80,250,0,250,0,240,100" /><INIT seed="1,0,0,3,2,117" ten="160,250,250,340" oya="1" hai0="3,42,134,110,87,80,94,135,98,18,25,83,109" hai1="104,60,57,85,89,7,100,96,69,119,99,112,32" hai2="76,59,5,49,132,41,92,53,68,129,8,17,106" hai3="74,21,63,35,2,62,82,9,64,31,124,123,40"/><U23/><E119/><V128/><F106/><W118/><G21/><N who="0" m="13495" /><D42/><U125/><E112/><V120/><F132/><N who="0" m="50730" /><D3/><U73/><E32/><V34/><F34/><W47/><G35/><T131/><D131/><U78/><E7/><V0/><F68/><W50/><G118/><T39/><D39/><U67/><E99/><V114/><F76/><W16/><G2/><T97/><D87/><U45/><E45/><V71/><F71/><W22/><G74/><T72/><D72/><U133/><E23/><V116/><F114/><W130/><G130/><T37/><D37/><U66/><E133/><V105/><F116/><W111/><G40/><T122/><D98/><U108/><E78/><V95/><F41/><W20/><G20/><T79/><D79/><U58/><E73/><V38/><F38/><W36/><G36/><T70/><D70/><U115/><E115/><V107/><F128/><W26/><G22/><T15/><D15/><U65/><E125/><V51/><F129/><W88/><G124/><T77/><D77/><U30/><E69/><V91/><F0/><W93/><G31/><T28/><D28/><U11/><E30/><V127/><F127/><W48/><G26/><T10/><D10/><U113/><E11/><V56/><F8/><W43/><G43/><T13/><D13/><U121/><E113/><V84/><F84/><W75/><G75/><T4/><D4/><U46/><E85/><V81/><F5/><W101/><G9/><T14/><D14/><U1/><E1/><V52/><F17/><W126/><G16/><T86/><D86/><U55/><E96/><RYUUKYOKU ba="0,0" sc="160,0,250,0,250,0,340,0" /><INIT seed="2,1,0,5,4,91" ten="160,250,250,340" oya="2" hai0="52,76,10,3,40,121,67,48,41,60,21,69,37" hai1="116,77,4,103,2,44,134,23,42,82,62,92,113" hai2="57,96,27,36,122,87,124,72,85,131,127,5,68" hai3="13,59,89,129,53,55,51,14,119,30,17,66,111"/><V64/><F122/><W20/><G119/><T25/><D121/><U104/><E113/><V130/><F68/><W109/><G129/><N who="2" m="49161" /><F36/><W79/><G79/><T50/><D76/><U8/><E134/><V61/><F72/><W88/><G66/><T78/><D50/><U9/><E116/><V83/><F5/><W112/><G30/><T95/><D78/><U65/><E104/><V117/><F117/><W35/><G35/><T6/><D37/><N who="1" m="21583" /><E23/><V93/><F27/><W81/><G81/><T47/><REACH who="0" step="1"/><D95/><REACH who="0" ten="150,250,250,340" step="2"/><U74/><E77/><V18/><F83/><W58/><G51/><T135/><D135/><U31/><E82/><V32/><F124/><W75/><G112/><T56/><D56/><U39/><E39/><V107/><F127/><W26/><G59/><T132/><D132/><U120/><E120/><V49/><F49/><W133/><G58/><T102/><D102/><U43/><E103/><N who="2" m="60815" /><F107/><W12/><G133/><T97/><D97/><U33/><E74/><V100/><F100/><W28/><G75/><T46/><D46/><U110/><E92/><V80/><F80/><W125/><G125/><T105/><D105/><U63/><E43/><V70/><F57/><W34/><G89/><T29/><AGARI ba="1,1" hai="3,6,10,21,25,29,40,41,47,48,52,60,67,69" machi="29" ten="20,8000,1" yaku="1,1,0,1,7,1,54,1,53,1" doraHai="91" doraHaiUra="1" who="0" fromWho="0" sc="150,93,250,-21,250,-41,340,-21" /><INIT seed="3,0,0,1,5,77" ten="243,229,209,319" oya="3" hai0="46,42,95,4,47,88,29,16,8,109,33,89,81" hai1="57,32,43,111,99,24,121,2,103,38,61,49,65" hai2="51,80,12,94,131,26,48,50,64,59,55,119,123" hai3="6,74,85,44,93,11,96,120,3,21,18,79,62"/><W19/><G120/><T76/><D109/><U20/><E111/><V98/><F119/><W34/><G74/><T66/><D66/><U104/><E121/><V35/><F123/><W14/><G34/><T30/><D47/><U71/><E2/><V22/><F131/><W107/><G107/><T9/><D9/><U37/><E32/><V97/><F35/><W68/><G44/><T58/><D58/><U134/><E134/><V113/><F64/><W13/><G62/><T86/><D89/><U84/><E43/><V36/><F36/><W25/><G68/><T67/><D67/><U31/><E84/><V127/><F127/><W90/><G19/><T56/><D56/><U15/><E15/><V7/><F113/><W106/><G106/><T124/><D16/><U5/><E5/><V63/><F94/><W72/><G72/><T133/><D133/><U83/><E83/><V39/><F39/><W41/><G41/><T129/><D129/><U108/><E108/><V110/><F110/><W101/><G79/><T125/><D125/><U132/><E132/><V23/><F80/><N who="3" m="49447" /><G3/><N who="0" m="31" /><D124/><U112/><E112/><V70/><F70/><W115/><G115/><T135/><D135/><U52/><AGARI ba="0,0" hai="20,24,31,37,38,49,52,57,61,65,71,99,103,104" machi="52" ten="30,2000,0" yaku="0,1,54,1" doraHai="77" who="1" fromWho="1" sc="243,-5,229,20,209,-5,319,-10" owari="238,-16.2,249,4.9,204,-29.6,309,40.9" /></mjloggm>