<mjloggm ver="2.3"><GO type="225" lobby="0"/><UN n0="%E4%BF%BA%E3%81%A8%E5%A6%96%E5%A4%A2" n1="%E4%BC%8A%E9%81%94%E6%9C%B1%E9%87%8C%E7%B4%97" n2="%E3%81%8B%E3%82%8F%E3%81%A1%E3%82%83%E3%82%93%35%38" n3="%E6%A0%B9%E5%85%83%E3%81%8B%E3%82%89%E5%90%B9%E3%81%A3%E9%A3%9B%E3%81%B6" dan="16,16,16,16" rate="2230.94,2135.26,2169.50,2107.74" sx="F,F,M,F"/><TAIKYOKU oya="0"/><INIT seed="0,0,0,5,4,91" ten="250,250,250,250" oya="0" hai0="2,105,49,7,79,37,22,135,27,30,58,130,66" hai1="26,36,19,14,110,117,81,35,1,45,134,40,78" hai2="77,3,68,121,59,4,54,116,76,107,123,28,86" hai3="132,70,129,125,46,126,111,102,18,97,82,83,96"/><T87/><D37/><U39/><E110/><V5/><F68/><W119/><G70/><T115/><D115/><U84/><E117/><V104/><F28/><W53/><G119/><T6/><D105/><U106/><E1/><V100/><F116/><W17/><G111/><T13/><D2/><U118/><E118/><V31/><F31/><W71/><G71/><T122/><D122/><U29/><E106/><V24/><F3/><W67/><G67/><T90/><D130/><U10/><E134/><V12/><F12/><W72/><G129/><T60/><D135/><U131/><E131/><V113/><F59/><W128/><G128/><T93/><D79/><U69/><E69/><V120/><F120/><W48/><G132/><T62/><D62/><U23/><REACH who="1" step="1"/><E36/><REACH who="1" ten="250,240,250,250" step="2"/><V50/><F107/><W32/><G126/><T63/><D63/><U124/><E124/><V0/><F104/><W38/><G38/><T20/><D49/><U42/><E42/><V52/><F0/><W64/><G48/><T21/><REACH who="0" step="1"/><D13/><REACH who="0" ten="240,240,250,250" step="2"/><U55/><E55/><V51/><F50/><W80/><G53/><T74/><D74/><U9/><AGARI ba="0,2" hai="9,10,14,19,23,26,29,35,39,40,45,78,81,84" machi="9" ten="30,2000,0" yaku="1,1,0,1,53,0" doraHai="91" doraHaiUra="65" who="1" fromWho="1" sc="240,-10,240,40,250,-5,250,-5" /><INIT seed="1,0,0,4,0,100" ten="230,280,245,245" oya="1" hai0="127,41,67,80,60,89,43,35,3,101,13,82,61" hai1="42,31,108,94,51,55,69,107,8,65,121,22,59" hai2="72,104,20,86,56,84,33,102,109,103,50,74,14" hai3="132,125,48,12,93,1,106,30,129,88,37,83,54"/><U10/><E107/><V4/><F33/><W120/><G120/><T130/><D3/><U99/><E108/><V6/><F109/><W0/><G37/><T9/><D130/><U29/><E121/><V124/><F124/><W134/><G129/><T70/><D35/><U119/><E119/><V110/><F110/><W92/><G30/><T71/><D127/><U52/><E42/><V78/><F78/><W63/><G63/><T68/><D101/><U133/><E133/><N who="3" m="51306" /><G12/><T85/><D80/><U96/><E69/><V39/><F14/><W79/><G93/><T45/><D61/><U81/><E65/><V131/><F131/><W111/><G106/><T118/><D118/><U7/><E81/><V15/><F15/><W90/><G90/><T114/><D114/><U117/><E117/><V17/><F50/><W57/><G125/><T18/><REACH who="0" step="1"/><D41/><REACH who="0" ten="220,280,245,245" step="2"/><U126/><E126/><V58/><F103/><W23/><G111/><T116/><D116/><U34/><E34/><V98/><F102/><W77/><G83/><T76/><D76/><N who="3" m="29257" /><G23/><T53/><D53/><U112/><E22/><V95/><F104/><W62/><G62/><T46/><D46/><U115/><E94/><V27/><F95/><W49/><G0/><T135/><D135/><U123/><E123/><V24/><F20/><W11/><G1/><T5/><D5/><U26/><E7/><V113/><F113/><W25/><G92/><T21/><D21/><U87/><E115/><V38/><F17/><W73/><G54/><T128/><D128/><U44/><E112/><V91/><F91/><W105/><G88/><RYUUKYOKU ba="0,1" sc="220,15,280,-15,245,15,245,-15" hai0="9,13,18,43,45,60,67,68,70,71,82,85,89" hai2="4,6,24,27,38,39,56,58,72,74,84,86,98" /><INIT seed="2,1,1,3,3,13" ten="235,265,260,230" oya="2" hai0="119,106,128,122,41,132,18,79,49,96,116,57,86" hai1="103,4,38,71,64,94,10,126,0,23,42,95,52" hai2="131,7,108,59,130,117,68,58,73,89,46,54,77" hai3="44,118,110,20,65,88,92,101,43,62,100,56,48"/><V75/><F117/><N who="0" m="45130" /><D122/><U83/><E126/><V60/><F68/><W134/><G110/><T29/><D132/><U112/><E112/><V16/><F7/><W70/><G134/><T36/><D128/><N who="2" m="49194" /><F77/><W33/><G33/><T102/><D29/><U133/><E133/><V22/><F108/><W114/><G114/><T50/><D57/><U66/><E103/><V6/><F6/><W80/><G118/><T123/><D123/><U51/><E42/><V76/><F76/><W109/><G109/><T1/><D1/><U107/><E107/><V8/><F8/><W28/><G80/><N who="0" m="47391" /><D18/><U82/><E38/><V5/><F5/><W47/><G47/><AGARI ba="1,1" hai="36,41,47,49,50,96,102,106" m="47391,45130" machi="47" ten="30,1000,0" yaku="12,1" doraHai="13" who="0" fromWho="3" sc="235,23,265,0,260,0,230,-13" /><INIT seed="3,0,0,2,4,31" ten="258,265,260,217" oya="3" hai0="109,60,15,66,115,108,123,92,99,121,51,96,3" hai1="23,117,20,131,122,58,49,43,107,27,72,87,21" hai2="48,56,77,67,41,128,110,82,85,125,91,104,34" hai3="83,112,0,133,114,127,118,38,120,26,101,98,28"/><W12/><G118/><T36/><D36/><U134/><E72/><V65/><F104/><W100/><G120/><T86/><D3/><U116/><E107/><V10/><F34/><N who="3" m="20759" /><G101/><T1/><D1/><U90/><E122/><V132/><F110/><N who="0" m="42602" /><D115/><N who="3" m="44073" /><G12/><T81/><D51/><U68/><E134/><V33/><F33/><W7/><G83/><T62/><D15/><U61/><E131/><V64/><F132/><W5/><G5/><T4/><D4/><U16/><E68/><V126/><F128/><W135/><G38/><T14/><D14/><U129/><E129/><V93/><F10/><N who="3" m="2407" /><G127/><N who="2" m="48649" /><F41/><W80/><G80/><T76/><D99/><U40/><E40/><V9/><F9/><W52/><G52/><T35/><D35/><U53/><E43/><V32/><F32/><W19/><G19/><T124/><D124/><U111/><E111/><V106/><F106/><AGARI ba="0,0" hai="98,100,106,133,135" m="2407,44073,20759" machi="106" ten="30,2900,0" yaku="23,1,52,1" doraHai="31" who="3" fromWho="2" sc="258,0,265,0,260,-29,217,29" /><INIT seed="3,1,0,4,0,93" ten="258,265,231,246" oya="3" hai0="94,8,125,78,17,82,100,114,66,127,126,37,65" hai1="76,87,77,84,80,45,20,2,63,57,19,6,12" hai2="28,119,92,131,38,10,128,56,51,4,118,73,22" hai3="7,109,134,33,117,110,27,98,115,122,58,132,70"/><W113/><G70/><T72/><D37/><U32/><E32/><V96/><F38/><W21/><G58/><T75/><D75/><U90/><E2/><V103/><F73/><W52/><G52/><T34/><D34/><U69/><E69/><V86/><F86/><W120/><G7/><T123/><D123/><N who="3" m="47145" /><G33/><T108/><D108/><N who="3" m="41577" /><G117/><T24/><D114/><N who="3" m="43529" /><G98/><N who="0" m="59479" /><D8/><U91/><E45/><V61/><F51/><W62/><G62/><T111/><D111/><U55/><E6/><V83/><F83/><AGARI ba="1,0" hai="12,19,20,55,57,63,76,77,80,83,84,87,90,91" machi="83" ten="30,3900,0" yaku="7,1,9,1,8,1" doraHai="93" who="1" fromWho="2" sc="258,0,265,42,231,-42,246,0" owari="258,5.8,307,40.7,189,-31.1,246,-15.4" /></mjloggm>