<mjloggm ver="2.3"><GO type="225" lobby="0"/><UN n0="%41%6F%54" n1="%E6%81%A5%E6%99%92%E3%81%97" n2="%E7%99%BD%E5%80%89%E5%AF%9B%E4%B9%8B" n3="%E3%83%96%E3%83%83%E3%83%91%E3%82%AA%E3%83%96%E3%83%81%E3%82%AD%E3%83%B3" dan="16,16,16,16" rate="2096.55,2111.05,2176.28,2185.12" sx="M,M,M,M"/><TAIKYOKU oya="0"/><INIT seed="0,0,0,5,0,66" ten="250,250,250,250" oya="0" hai0="7,8,10,73,2,48,40,80,111,84,31,77,118" hai1="81,24,123,108,135,51,28,41,132,76,55,83,33" hai2="60,39,56,11,34,53,12,85,122,18,107,27,15" hai3="46,119,124,25,87,63,0,102,14,129,116,65,22"/><T67/><D118/><U91/><E123/><V117/><F107/><W64/><G0/><T16/><D31/><U95/><E41/><V98/><F39/><W3/><G3/><T126/><D126/><U49/><E108/><V45/><F122/><W104/><G124/><T131/><D131/><U13/><E13/><V23/><F34/><W1/><G1/><T133/><D133/><N who="1" m="51275" /><E76/><V82/><F117/><W20/><G129/><T19/><D111/><U120/><E120/><V86/><F45/><W26/><G14/><T134/><D10/><U38/><E38/><V113/><F113/><W37/><G46/><T32/><D32/><U57/><E51/><V125/><F125/><W47/><G47/><T114/><D114/><U121/><E121/><V17/><F82/><W58/><G37/><T105/><D40/><U93/><E93/><V61/><F61/><W71/><G58/><T101/><D48/><U29/><E28/><N who="2" m="17535" /><F98/><AGARI ba="0,0" hai="24,29,33,49,55,57,81,83,91,95,98" m="51275" machi="98" ten="30,1000,0" yaku="20,1" doraHai="66" who="1" fromWho="2" sc="250,0,250,10,250,-10,250,0" /><INIT seed="1,0,0,1,0,16" ten="250,260,240,250" oya="1" hai0="123,23,44,78,24,128,22,108,92,4,70,124,84" hai1="15,116,89,69,127,25,88,29,50,71,91,5,53" hai2="64,43,133,134,54,18,32,120,68,107,82,113,33" hai3="99,56,112,65,3,57,10,110,83,87,7,37,27"/><U105/><E116/><V59/><F107/><W30/><G112/><T130/><D108/><U61/><E105/><V47/><F113/><W135/><G110/><T34/><D124/><U90/><E127/><V42/><F120/><W45/><G135/><N who="2" m="51721" /><F68/><W60/><G99/><T85/><D70/><U103/><E103/><V122/><F64/><W94/><G94/><T48/><D4/><U131/><E131/><N who="0" m="50217" /><D123/><U58/><N who="1" m="22528" /><DORA hai="14" /><U115/><E115/><V9/><F82/><W77/><G57/><T13/><D92/><U76/><E76/><V67/><F67/><W39/><REACH who="3" step="1"/><G45/><REACH who="3" ten="250,260,240,240" step="2"/><T1/><D44/><U46/><E69/><V31/><F122/><W0/><G0/><T118/><D1/><U86/><E71/><V132/><F47/><W21/><AGARI ba="0,1" hai="3,7,10,21,27,30,37,39,56,60,65,77,83,87" machi="21" ten="20,8000,1" yaku="1,1,0,1,7,1,52,1,53,1" doraHai="16,14" doraHaiUra="12,81" who="3" fromWho="3" sc="250,-20,260,-40,240,-20,240,90" /><INIT seed="2,0,0,0,5,80" ten="230,220,220,330" oya="2" hai0="112,102,43,78,87,40,120,108,71,135,48,37,62" hai1="60,31,69,119,94,52,81,56,57,59,17,74,30" hai2="32,19,65,45,3,118,103,127,11,1,134,130,28" hai3="111,20,41,10,88,92,128,93,34,13,36,51,42"/><V77/><F103/><W100/><G34/><T2/><D120/><U95/><E119/><V125/><F65/><W96/><G111/><T0/><D108/><U76/><E69/><V55/><F77/><W33/><G128/><T75/><D37/><U107/><E107/><V82/><F82/><W25/><G33/><T124/><D75/><U15/><E57/><V86/><F86/><N who="3" m="52247" /><G36/><T7/><D0/><N who="2" m="74" /><F55/><W115/><G115/><T63/><D2/><U39/><E39/><V126/><F45/><W61/><G61/><T106/><D63/><U23/><REACH who="1" step="1"/><E59/><REACH who="1" ten="230,210,220,330" step="2"/><V133/><F118/><W72/><G72/><T116/><D116/><U129/><E129/><V35/><F130/><W53/><G42/><T98/><D40/><U50/><E50/><V132/><F28/><AGARI ba="0,1" hai="15,17,23,28,30,31,52,56,60,74,76,81,94,95" machi="28" ten="40,5200,0" yaku="1,1,54,1,53,1" doraHai="80" doraHaiUra="9" who="1" fromWho="2" sc="230,0,210,62,220,-52,330,0" /><INIT seed="3,0,0,0,3,70" ten="230,272,168,330" oya="3" hai0="0,125,2,78,46,24,58,106,8,131,71,34,52" hai1="124,94,113,9,35,55,19,29,32,13,3,75,104" hai2="110,123,65,91,97,109,82,98,23,111,59,101,48" hai3="14,89,84,6,114,76,41,47,90,134,116,130,107"/><W18/><G114/><T115/><D115/><U88/><E104/><V42/><F123/><W11/><G116/><T62/><D106/><U119/><E113/><V108/><N who="2" m="27648" /><DORA hai="22" /><V4/><F4/><W72/><G107/><T12/><D131/><U95/><E75/><V118/><F118/><W43/><G134/><T135/><D135/><U33/><E119/><V51/><F42/><N who="3" m="15883" /><G72/><T64/><D125/><U129/><E129/><V120/><F120/><W63/><G130/><T54/><D46/><U69/><E69/><V60/><F23/><W39/><G39/><T83/><D54/><U67/><E67/><V68/><F68/><W17/><G63/><T16/><D64/><U66/><E66/><V26/><F26/><W57/><G57/><T53/><D53/><U79/><E3/><V73/><F91/><N who="3" m="34827" /><G47/><T93/><D93/><U126/><E95/><V28/><F28/><W99/><G99/><T40/><D40/><U127/><E55/><V81/><F98/><W44/><G44/><T56/><D56/><U61/><E61/><V121/><F121/><W25/><G25/><T15/><D71/><U30/><E79/><V36/><F36/><W7/><G7/><T27/><D12/><U92/><E94/><V45/><F45/><W128/><G128/><T1/><REACH who="0" step="1"/><D34/><REACH who="0" ten="220,272,168,330" step="2"/><U96/><AGARI ba="0,1" hai="9,13,19,29,30,32,33,35,88,92,96,124,126,127" machi="96" ten="40,5200,0" yaku="0,1,18,1,54,1" doraHai="70,22" who="1" fromWho="1" sc="220,-13,272,62,168,-13,330,-26" owari="207,-19.3,334,43.4,155,-34.5,304,10.4" /></mjloggm>