<mjloggm ver="2.3"><GO type="225" lobby="0"/><UN n0="%E3%83%A9%E3%82%A4%E3%83%B3%E3%81%AE%E8%99%8E" n1="%E3%81%BE%E3%81%A8%E3%81%9F" n2="%E4%BF%BA%E3%81%A8%E5%A6%96%E5%A4%A2" n3="%72%65%6E%6B%75%6E" dan="16,16,16,17" rate="2128.83,2085.22,2195.35,2239.95" sx="M,M,F,M"/><TAIKYOKU oya="0"/><INIT seed="0,0,0,1,5,53" ten="250,250,250,250" oya="0" hai0="51,89,80,135,26,64,54,109,83,30,61,46,106" hai1="104,8,134,11,129,3,113,7,79,57,81,119,125" hai2="86,38,45,49,127,28,112,10,40,35,101,6,69" hai3="96,84,98,92,70,12,58,34,132,131,25,77,107"/><T19/><D135/><U93/><E119/><V72/><F112/><W67/><G132/><T44/><D106/><U9/><E104/><V126/><F72/><W91/><G70/><T71/><D109/><U63/><E134/><V56/><F69/><W73/><G131/><T32/><D89/><U37/><E37/><V128/><F128/><W78/><G12/><T102/><D102/><U39/><E39/><V42/><F101/><W85/><G73/><T88/><D19/><U110/><E110/><V21/><F35/><W20/><G34/><T0/><D0/><U29/><E129/><V22/><F86/><N who="3" m="33387" /><G98/><T60/><D88/><U90/><E113/><V76/><F76/><W13/><G13/><T50/><REACH who="0" step="1"/><D61/><REACH who="0" ten="240,250,250,250" step="2"/><U108/><E108/><V95/><F95/><W41/><G107/><T65/><D65/><U2/><E2/><V15/><F28/><N who="3" m="17447" /><G41/><AGARI ba="0,1" hai="26,30,32,41,44,46,50,51,54,60,64,71,80,83" machi="41" ten="30,2900,0" yaku="1,1,7,1,53,0" doraHai="53" doraHaiUra="14" who="0" fromWho="3" sc="240,39,250,0,250,0,250,-29" /><INIT seed="0,1,0,1,0,93" ten="279,250,250,221" oya="0" hai0="15,64,50,40,109,106,22,119,87,48,121,101,10" hai1="8,92,96,74,103,4,58,35,85,117,66,41,63" hai2="49,100,32,114,99,20,120,3,105,43,89,23,91" hai3="76,83,73,75,111,110,127,132,18,78,82,56,42"/><T36/><D119/><U81/><E35/><V116/><F116/><W28/><G28/><T34/><D34/><U19/><E74/><V29/><F120/><W86/><G42/><T134/><D121/><U52/><E41/><V112/><F3/><W115/><G115/><T2/><D64/><U133/><E133/><V25/><F112/><W67/><G132/><T126/><D134/><U62/><E19/><V21/><REACH who="2" step="1"/><F114/><REACH who="2" ten="279,250,240,221" step="2"/><W128/><G128/><T118/><D2/><U68/><E117/><V131/><F131/><W113/><G113/><T57/><D118/><U77/><E8/><V26/><F26/><W11/><G127/><T7/><D10/><U17/><REACH who="1" step="1"/><E17/><REACH who="1" ten="279,240,240,221" step="2"/><V12/><F12/><W27/><G11/><T30/><D15/><U80/><E80/><V125/><F125/><W97/><G18/><T24/><D126/><U1/><E1/><V44/><AGARI ba="1,2" hai="20,21,23,25,29,32,43,44,49,89,91,99,100,105" machi="44" ten="30,4000,0" yaku="1,1,0,1,52,1,53,0" doraHai="93" doraHaiUra="61" who="2" fromWho="2" sc="279,-21,240,-11,240,63,221,-11" /><INIT seed="1,0,0,4,0,14" ten="258,229,303,210" oya="1" hai0="129,84,81,119,72,43,65,126,133,49,58,48,46" hai1="33,78,115,55,56,77,11,66,27,75,51,121,114" hai2="105,123,130,9,31,127,120,0,88,91,15,28,99" hai3="86,90,50,10,60,25,3,40,125,26,7,20,112"/><U59/><E121/><V103/><F123/><W106/><G106/><T53/><D119/><U96/><E114/><V64/><F120/><W12/><G112/><T100/><D72/><U101/><E115/><V21/><F130/><W128/><G128/><T6/><D129/><U73/><E73/><V2/><F127/><W89/><G125/><T54/><D133/><U131/><E131/><V8/><F64/><W16/><G60/><T68/><D100/><U42/><E42/><V41/><F41/><W23/><G86/><T97/><D97/><U124/><E75/><V67/><F67/><W109/><G109/><T5/><D126/><U108/><E108/><V19/><F0/><W30/><G3/><T44/><D65/><U37/><E37/><V110/><F110/><W132/><G132/><T134/><D68/><U122/><E122/><V52/><F52/><W32/><G32/><T70/><D70/><U71/><E71/><V17/><F2/><W63/><G63/><T118/><D118/><U83/><E83/><V74/><F74/><W79/><G79/><N who="1" m="30218" /><E11/><V94/><F105/><W34/><G34/><T18/><D134/><U93/><E124/><V104/><F8/><W47/><AGARI ba="0,0" hai="7,10,12,16,20,23,25,26,30,40,47,50,89,90" machi="47" ten="30,7900,0" yaku="0,1,8,1,52,1,54,1" doraHai="14" who="3" fromWho="3" sc="258,-20,229,-39,303,-20,210,79" /><INIT seed="2,0,0,0,2,122" ten="238,190,283,289" oya="2" hai0="132,108,49,73,86,22,8,37,64,113,110,46,114" hai1="54,29,127,19,65,81,15,7,58,131,10,119,42" hai2="106,77,2,93,23,118,88,104,111,6,109,62,63" hai3="82,76,68,53,103,26,4,12,128,115,97,91,51"/><V40/><F118/><W28/><G68/><T9/><D73/><U67/><E119/><V123/><F123/><W129/><G115/><N who="0" m="44043" /><D37/><U117/><E117/><V120/><F120/><W18/><G91/><T27/><D64/><U11/><E127/><V61/><F77/><W71/><G71/><T100/><D100/><U74/><E131/><V66/><F66/><W44/><G4/><T57/><D57/><U75/><E42/><V35/><F35/><W24/><G12/><T101/><D86/><U107/><E107/><V59/><F23/><W124/><G18/><N who="0" m="12759" /><D101/><U92/><E74/><V0/><F59/><W16/><G124/><T38/><D38/><U47/><E47/><V30/><F30/><W52/><G97/><T80/><D80/><U78/><E29/><V34/><F34/><W60/><G103/><T55/><D132/><U89/><E11/><V14/><F40/><W1/><G60/><T105/><D105/><U56/><E56/><V90/><F106/><W3/><G82/><T95/><D95/><U79/><E19/><V48/><F48/><W84/><G84/><T96/><D96/><U83/><E89/><N who="2" m="34411" /><F93/><W31/><G76/><T21/><D21/><U121/><E92/><V126/><F126/><W45/><G51/><T43/><D43/><U17/><E121/><V20/><F104/><W99/><G99/><T98/><D98/><U5/><E67/><V39/><F39/><W85/><G85/><T50/><D50/><N who="1" m="31063" /><E65/><V133/><F133/><W135/><G135/><T41/><D41/><U33/><E33/><V130/><F63/><W87/><G87/><RYUUKYOKU ba="0,0" sc="238,10,190,10,283,-30,289,10" hai0="8,9,46,49,55,108,110" hai1="5,7,10,15,17,75,78,79,81,83" hai3="1,3,16,24,26,28,31,44,45,52,53,128,129" /><INIT seed="3,1,0,0,5,45" ten="248,200,253,299" oya="3" hai0="91,57,2,116,81,79,125,122,110,9,132,37,83" hai1="56,38,80,130,35,23,120,86,16,128,73,113,127" hai2="105,85,98,78,28,51,46,43,13,53,34,129,17" hai3="1,49,126,50,101,18,42,19,134,114,55,112,58"/><W102/><G1/><T11/><D116/><U59/><E120/><V21/><F129/><W89/><G134/><T39/><D122/><U31/><E38/><V30/><F34/><W108/><G126/><T24/><D132/><U20/><E113/><V104/><F104/><W117/><G117/><T69/><D69/><U70/><E70/><V88/><F105/><W47/><G108/><T90/><D57/><U29/><E73/><V10/><F98/><W82/><G114/><T25/><D2/><U111/><E35/><V60/><F78/><W119/><G119/><T100/><D79/><U75/><E75/><V95/><F10/><W44/><G58/><AGARI ba="1,0" hai="13,17,21,28,30,43,46,51,53,58,60,85,88,95" machi="58" ten="40,5200,0" yaku="8,1,52,1,54,1" doraHai="45" who="2" fromWho="3" sc="248,0,200,0,253,55,299,-55" owari="248,4.8,200,-30.0,308,40.8,244,-15.6" /></mjloggm>