<mjloggm ver="2.3"><GO type="225" lobby="0"/><UN n0="%77%72%77%72%77%72%77%72" n1="%E3%83%A9%E3%82%B9%E7%8E%87%EF%BC%93%E5%89%B2" n2="%E9%80%86%E9%80%A3%E5%B8%AF%E3%81%AE%E9%AC%BC" n3="%65%76%69%61%6E%36%31%39" dan="16,17,17,16" rate="2184.73,2201.65,2102.34,2084.07" sx="M,F,M,M"/><TAIKYOKU oya="0"/><INIT seed="0,0,0,5,5,100" ten="250,250,250,250" oya="0" hai0="39,23,84,5,59,17,44,112,31,97,70,107,80" hai1="11,60,83,94,54,78,48,12,89,71,37,125,51" hai2="115,117,50,32,77,33,130,49,38,92,98,120,20" hai3="16,1,61,108,24,135,85,113,45,42,65,124,95"/><T35/><D112/><U122/><E122/><V96/><F115/><W0/><G108/><T91/><D70/><U106/><E125/><V9/><F38/><W119/><G135/><T103/><D5/><U64/><E37/><V41/><F120/><W79/><G119/><T53/><D35/><U87/><E106/><V105/><F117/><W88/><G124/><T104/><D31/><U132/><E54/><V72/><F130/><W116/><G113/><T81/><D81/><U102/><E102/><V121/><F9/><W129/><G129/><T128/><D128/><U101/><E101/><V34/><F20/><W114/><G114/><T68/><D68/><U13/><E13/><V90/><F41/><W126/><G126/><T4/><D4/><U22/><E22/><V3/><F3/><W76/><G0/><T28/><D28/><U123/><E132/><V29/><F29/><W43/><G1/><T111/><D111/><U58/><E71/><V73/><F121/><W30/><G30/><T7/><D7/><U57/><E57/><V55/><F50/><N who="3" m="26935" /><G43/><T52/><D44/><U14/><E14/><V110/><F110/><W75/><G75/><T27/><D39/><U127/><E127/><V62/><F62/><W46/><G46/><T47/><D47/><U15/><E15/><V86/><F105/><W26/><G116/><T56/><REACH who="0" step="1"/><D107/><REACH who="0" ten="240,250,250,250" step="2"/><U18/><REACH who="1" step="1"/><E123/><REACH who="1" ten="240,240,250,250" step="2"/><V109/><F109/><W10/><G16/><T2/><D2/><U99/><AGARI ba="0,2" hai="11,12,18,48,51,58,60,64,78,83,87,89,94,99" machi="99" ten="20,8000,1" yaku="1,1,2,1,0,1,7,1,8,1,53,0" doraHai="100" doraHaiUra="66" who="1" fromWho="1" sc="240,-40,240,100,250,-20,250,-20" /><INIT seed="1,0,0,0,1,56" ten="200,340,230,230" oya="1" hai0="12,28,59,5,25,132,100,122,97,99,72,73,42" hai1="123,52,60,39,41,70,46,79,10,124,117,51,92" hai2="68,47,76,88,83,30,1,107,61,35,2,58,77" hai3="63,101,120,85,48,11,55,125,134,128,74,135,127"/><U119/><E79/><V106/><F68/><W71/><G74/><T13/><D132/><N who="3" m="50729" /><G101/><T34/><D122/><U40/><E92/><V126/><F126/><N who="3" m="48139" /><G85/><T69/><D69/><U81/><E81/><V102/><F47/><N who="3" m="28063" /><G11/><T36/><D97/><U91/><E91/><V115/><F102/><W31/><G31/><T49/><D73/><U38/><E10/><V14/><F77/><W53/><G120/><T109/><D72/><U18/><E18/><V112/><F76/><W95/><G95/><T44/><D5/><U80/><E80/><V54/><F14/><W103/><G103/><T16/><D16/><U50/><E123/><V9/><F30/><W131/><G53/><T111/><D99/><U87/><E87/><N who="2" m="50303" /><F35/><W78/><G78/><T6/><D6/><U113/><E124/><V23/><F23/><W29/><G29/><T104/><D100/><U108/><E52/><V82/><F82/><W67/><AGARI ba="0,0" hai="63,67,71,128,131" m="28063,48139,50729" machi="67" ten="40,12000,2" yaku="30,2,20,1,18,1,34,2,52,1" doraHai="56" who="3" fromWho="3" sc="200,-30,340,-60,230,-30,230,120" /><INIT seed="2,0,0,3,4,112" ten="170,280,200,350" oya="2" hai0="63,2,96,65,134,129,62,123,71,7,130,29,6" hai1="24,94,0,42,106,4,108,107,5,122,44,113,82" hai2="56,34,77,19,133,116,124,98,101,70,127,87,115" hai3="15,102,109,27,28,83,21,55,39,84,117,64,105"/><V37/><F70/><W45/><G64/><T118/><D123/><U95/><E113/><V67/><F37/><W17/><G109/><T99/><D134/><U104/><E108/><V52/><F34/><W100/><G105/><T35/><D35/><U11/><E5/><N who="0" m="1545" /><D2/><U41/><E41/><V43/><F133/><W47/><G47/><T1/><D1/><U78/><E24/><V66/><F43/><W75/><G75/><T110/><D29/><U114/><E122/><V73/><F73/><W30/><G30/><T31/><D31/><U89/><E89/><V120/><F120/><W125/><G125/><T16/><D110/><U25/><E25/><V74/><F74/><W59/><G45/><T121/><D121/><U97/><E97/><N who="0" m="37449" /><D62/><U33/><E33/><V92/><F115/><W135/><G27/><T61/><D61/><U48/><E114/><V86/><F127/><W13/><G13/><T40/><D40/><U93/><E106/><V57/><F124/><W3/><G15/><T9/><D9/><U76/><E76/><V91/><F19/><W18/><G17/><T32/><D32/><U126/><E126/><V53/><F77/><W12/><G18/><T10/><D118/><U49/><E49/><N who="2" m="30735" /><F116/><W119/><G117/><T103/><D103/><U81/><REACH who="1" step="1"/><E81/><REACH who="1" ten="170,270,200,350" step="2"/><N who="2" m="49615" /><F87/><AGARI ba="0,1" hai="0,4,11,42,44,48,78,82,87,93,94,95,104,107" machi="87" ten="40,1300,0" yaku="1,1,53,0" doraHai="112" doraHaiUra="20" who="1" fromWho="2" sc="170,0,270,23,200,-13,350,0" /><INIT seed="3,0,0,4,5,63" ten="170,293,187,350" oya="3" hai0="24,19,116,2,14,6,65,21,109,38,56,53,23" hai1="66,68,49,97,126,96,31,17,20,43,80,81,37" hai2="67,34,4,12,79,25,58,32,16,87,50,124,106" hai3="110,75,52,48,5,1,111,33,54,121,44,13,131"/><W108/><G121/><T107/><D116/><U55/><E126/><V130/><F106/><W92/><G75/><T57/><D107/><U62/><E31/><V0/><F124/><W90/><G131/><T98/><D38/><U91/><E43/><V46/><F130/><W9/><G33/><T115/><D115/><U73/><E37/><V71/><F71/><W41/><G13/><T39/><D39/><U60/><E60/><N who="2" m="38295" /><F0/><W114/><G114/><T101/><D109/><U30/><E30/><V94/><F25/><W105/><G105/><T74/><D74/><U11/><E11/><N who="2" m="4199" /><F94/><W118/><G118/><T35/><D35/><U134/><E134/><V119/><F119/><W7/><G7/><T93/><D2/><U22/><E22/><V112/><F112/><W117/><G117/><T47/><D6/><U69/><E69/><V86/><F86/><AGARI ba="0,0" hai="1,5,9,41,44,48,52,54,86,90,92,108,110,111" machi="86" ten="40,7700,0" yaku="14,1,10,1,54,1" doraHai="63" who="3" fromWho="2" sc="170,0,293,0,187,-77,350,77" owari="170,-23.0,293,9.3,110,-39.0,427,52.7" /></mjloggm>