<mjloggm ver="2.3"><GO type="225" lobby="0"/><UN n0="%E4%BF%BA%E3%81%A8%E5%A6%96%E5%A4%A2" n1="%E5%B0%8F%E9%B3%A5%E9%81%8A%E7%B7%B4%E7%84%A1%32%31%E6%AD%B3" n2="%E3%81%AF%E3%82%88%E3%81%8A%E3%81%98%E3%81%95%E3%82%93" n3="%E6%9D%B1%E9%A2%A8%E3%81%AE%E3%81%8D%E3%82%83%E3%81%B7%E3%81%95%E3%82%93" dan="16,17,17,16" rate="2197.43,2152.46,2186.29,2161.97" sx="F,F,M,M"/><TAIKYOKU oya="0"/><INIT seed="0,0,0,2,4,10" ten="250,250,250,250" oya="0" hai0="26,12,31,38,34,52,2,30,121,28,43,54,69" hai1="8,131,57,37,125,61,56,127,83,76,95,112,130" hai2="24,89,40,17,106,0,41,77,9,23,73,75,19" hai3="7,66,113,18,108,20,103,102,92,128,62,27,100"/><T51/><D121/><U79/><E37/><V105/><F89/><W114/><G108/><T124/><D2/><U15/><E112/><V132/><F132/><W33/><G128/><N who="1" m="49194" /><E95/><V117/><F117/><W35/><G7/><T53/><D69/><U119/><E119/><V123/><F123/><W45/><G45/><T42/><D124/><N who="1" m="47691" /><E61/><V110/><F110/><W86/><G86/><T120/><D120/><U48/><E48/><V63/><F63/><W46/><G46/><T87/><D38/><U80/><E80/><V50/><F50/><W29/><G92/><T115/><D115/><U68/><E68/><V1/><F77/><N who="1" m="29769" /><E83/><V60/><F60/><W81/><G81/><T94/><D51/><U55/><E55/><V22/><F41/><W134/><G35/><T74/><D74/><U118/><E118/><V129/><F40/><W135/><G113/><T78/><D78/><U116/><E116/><V39/><F39/><W96/><G114/><T5/><D43/><U93/><E93/><V91/><F129/><W13/><REACH who="3" step="1"/><G96/><REACH who="3" ten="250,250,250,240" step="2"/><T3/><D42/><U109/><E109/><V101/><F75/><W84/><G84/><T97/><D87/><U85/><E85/><V107/><F73/><W25/><G25/><T11/><REACH who="0" step="1"/><D3/><REACH who="0" ten="240,250,250,240" step="2"/><U21/><E21/><V111/><F111/><W90/><G90/><AGARI ba="0,2" hai="5,11,12,26,28,30,31,34,52,53,54,90,94,97" machi="90" ten="40,12000,1" yaku="1,1,2,1,52,1,54,1,53,0" doraHai="10" doraHaiUra="71" who="0" fromWho="3" sc="240,140,250,0,250,0,240,-120" /><INIT seed="0,1,0,3,5,42" ten="380,250,250,120" oya="0" hai0="40,12,82,104,134,120,50,6,63,20,56,103,106" hai1="19,7,132,58,54,38,47,93,118,96,102,37,126" hai2="57,26,24,123,41,121,28,115,39,31,135,5,110" hai3="83,69,65,9,100,43,98,125,122,30,21,18,99"/><T44/><D120/><U92/><E118/><V23/><F115/><W71/><G122/><T1/><D134/><U91/><E132/><V111/><F135/><W4/><G125/><T0/><D82/><U109/><E109/><N who="2" m="41483" /><F57/><W70/><G30/><T84/><D84/><U45/><E126/><V53/><F53/><W90/><G43/><T68/><D68/><U77/><E77/><V101/><F101/><W89/><G65/><T107/><D103/><U17/><E7/><V36/><F5/><W29/><G29/><T75/><D75/><U133/><E133/><V124/><F124/><W95/><G83/><T55/><REACH who="0" step="1"/><D20/><REACH who="0" ten="370,250,250,120" step="2"/><U116/><E116/><V112/><F112/><W88/><G99/><T32/><D32/><U10/><E102/><V22/><F121/><W25/><REACH who="3" step="1"/><G69/><REACH who="3" ten="370,250,250,110" step="2"/><T105/><N who="0" m="26624" /><DORA hai="52" /><T13/><D13/><AGARI ba="1,2" hai="4,9,13,18,21,25,70,71,88,89,90,95,98,100" machi="13" ten="40,2600,0" yaku="1,1,54,1,53,0" doraHai="42,52" doraHaiUra="72,59" who="3" fromWho="0" sc="370,-29,250,0,250,0,110,49" /><INIT seed="1,0,0,3,2,49" ten="341,250,250,159" oya="1" hai0="37,100,97,17,113,121,77,52,51,94,70,12,68" hai1="27,133,8,81,28,2,13,71,80,6,20,39,57" hai2="75,35,62,85,26,82,114,135,116,42,58,123,131" hai3="69,34,50,122,93,128,59,126,7,15,91,99,90"/><U76/><E71/><V118/><F123/><W45/><G69/><T83/><D113/><U55/><E39/><V0/><F75/><W36/><G34/><T124/><D37/><U74/><E133/><V29/><F135/><W120/><G128/><T32/><D32/><U23/><E81/><V40/><F0/><W16/><G126/><T132/><D124/><U129/><E129/><V98/><F131/><W130/><G130/><T64/><D64/><U89/><E89/><V110/><F110/><W87/><G7/><T88/><D100/><U63/><REACH who="1" step="1"/><E2/><REACH who="1" ten="341,240,250,159" step="2"/><V125/><F125/><W31/><G36/><T67/><D132/><U1/><E1/><V22/><F114/><W56/><G122/><T134/><D121/><U25/><E25/><V47/><F26/><W14/><G120/><T117/><D134/><U9/><E9/><V112/><F82/><N who="3" m="49527" /><G31/><T72/><D117/><U109/><E109/><V19/><F29/><W53/><G14/><T54/><D70/><U18/><E18/><V38/><F19/><W86/><G86/><T115/><D115/><U104/><E104/><V11/><F85/><W4/><G4/><T41/><D17/><U127/><E127/><V78/><F112/><W66/><G66/><T33/><D12/><U119/><E119/><V101/><F38/><W106/><G106/><T92/><D67/><U108/><E108/><V84/><F84/><W107/><G107/><T61/><D68/><U79/><E79/><V65/><F65/><W21/><AGARI ba="0,1" hai="15,16,21,45,50,53,56,59,91,93,99" m="49527" machi="21" ten="30,4000,0" yaku="8,1,52,1,54,1" doraHai="49" who="3" fromWho="3" sc="341,-10,240,-20,250,-10,159,50" /><INIT seed="2,0,0,0,0,54" ten="331,220,240,209" oya="2" hai0="75,50,24,3,126,35,133,104,18,42,112,40,96" hai1="1,62,121,13,56,69,29,63,98,127,46,109,115" hai2="37,47,16,17,31,57,130,52,70,14,12,10,0" hai3="15,114,28,134,113,135,124,97,30,129,64,91,39"/><V123/><F123/><W108/><G39/><T2/><D112/><N who="3" m="43113" /><G64/><T117/><D75/><U6/><E115/><V49/><F70/><W86/><G97/><T94/><D133/><N who="3" m="50697" /><G15/><T76/><D76/><U119/><E119/><V110/><F130/><W82/><G129/><T85/><D96/><U71/><E1/><V67/><F110/><W4/><G4/><T61/><D3/><U41/><E109/><V89/><F31/><N who="3" m="11819" /><G124/><T107/><D2/><U83/><E127/><V116/><F116/><W51/><G51/><T26/><D50/><U77/><E6/><V90/><F0/><W92/><G108/><T103/><D126/><U34/><E13/><V72/><F72/><W20/><G20/><T59/><D117/><U118/><E98/><V80/><F80/><AGARI ba="0,0" hai="80,82,86,91,92" m="11819,50697,43113" machi="80" ten="40,2600,0" yaku="11,1,20,1" doraHai="54" who="3" fromWho="2" sc="331,0,220,0,240,-26,209,26" /><INIT seed="3,0,0,5,1,77" ten="331,220,214,235" oya="3" hai0="107,32,131,62,104,64,85,65,119,68,128,21,135" hai1="98,5,7,31,105,15,101,43,44,132,42,49,14" hai2="74,9,22,11,54,127,12,46,38,133,95,53,90" hai3="26,37,61,103,60,112,134,120,69,56,29,1,115"/><W27/><G37/><T113/><D119/><U8/><E132/><V30/><F74/><W87/><G1/><T122/><D122/><U99/><E31/><V24/><F133/><W25/><G120/><T4/><D135/><U124/><E124/><V121/><F121/><W28/><G134/><T45/><D32/><U79/><E79/><V20/><F127/><W36/><G36/><T86/><D113/><U125/><E125/><V71/><F71/><W17/><G103/><T51/><D64/><U58/><E58/><V66/><F66/><W114/><G69/><T80/><D21/><U91/><E91/><V108/><F108/><W73/><G73/><T89/><D85/><U18/><E5/><V63/><F38/><W33/><G87/><T2/><D4/><U117/><E99/><N who="2" m="57847" /><F46/><W59/><G17/><T3/><D3/><U72/><E72/><V126/><F126/><W96/><G96/><T106/><D2/><U109/><E109/><V48/><F63/><N who="3" m="24139" /><G33/><T116/><D116/><U78/><E78/><V67/><F67/><W110/><G110/><T13/><D13/><U82/><E117/><V76/><F76/><W97/><G97/><T39/><D39/><U88/><E88/><V75/><F75/><W55/><G55/><N who="2" m="21001" /><F48/><W94/><G94/><T41/><AGARI ba="0,0" hai="41,45,51,62,65,68,80,86,89,104,106,107,128,131" machi="41" ten="40,2700,0" yaku="0,1,52,1" doraHai="77" who="0" fromWho="0" sc="331,27,220,-7,214,-7,235,-13" owari="358,45.8,213,-18.7,207,-29.3,222,2.2" /></mjloggm>