<mjloggm ver="2.3"><GO type="225" lobby="0"/><UN n0="%6D%61%74%69%67%75%73%61" n1="%E7%99%BD%E5%80%89%E5%AF%9B%E4%B9%8B" n2="%E3%81%93%E3%81%9F%E3%82%8D%E3%81%86%E3%81%8F%E3%82%93" n3="%E3%81%95%E3%81%8D%E3%81%9F%E3%81%BE%E6%9E%97%E6%AA%8E" dan="17,16,16,16" rate="2145.82,2148.36,2059.87,2114.84" sx="M,M,M,M"/><TAIKYOKU oya="0"/><INIT seed="0,0,0,5,5,98" ten="250,250,250,250" oya="0" hai0="32,49,120,50,20,12,37,39,112,8,38,0,125" hai1="64,87,90,31,96,62,23,61,109,53,54,102,91" hai2="18,74,107,58,135,72,97,104,47,5,130,110,29" hai3="83,66,36,123,71,93,77,25,11,15,35,17,133"/><T105/><D112/><U45/><E109/><V113/><F113/><W16/><G133/><T101/><D32/><U60/><E64/><V70/><F110/><W55/><G36/><T67/><D120/><U80/><E91/><V134/><F70/><W42/><G42/><T95/><D105/><U24/><REACH who="1" step="1"/><E45/><REACH who="1" ten="250,240,250,250" step="2"/><V84/><F47/><W122/><G66/><T44/><D67/><U59/><E59/><V100/><F58/><W68/><G71/><T131/><D44/><U117/><E117/><V94/><F134/><W33/><G68/><T132/><D132/><U14/><E14/><V19/><F135/><W28/><G123/><T119/><D119/><U118/><E118/><V27/><F27/><W86/><G122/><T9/><D12/><U22/><E22/><V127/><F130/><W73/><G35/><T48/><D20/><U63/><N who="1" m="15360" /><DORA hai="78" /><U21/><E21/><V3/><F127/><W129/><G129/><T115/><D131/><U6/><E6/><V51/><F5/><W40/><G40/><T34/><D34/><U13/><E13/><V65/><F65/><W111/><G111/><T99/><D115/><U79/><E79/><V106/><F3/><W26/><G26/><T52/><D125/><U69/><E69/><V126/><F126/><W81/><G55/><T30/><D0/><U114/><E114/><V116/><F116/><W88/><REACH who="3" step="1"/><G17/><REACH who="3" ten="250,240,250,240" step="2"/><T46/><D46/><U10/><E10/><N who="0" m="4201" /><D52/><U82/><E82/><AGARI ba="0,2" hai="11,15,16,25,28,33,73,77,81,82,83,86,88,93" machi="82" ten="40,12000,2" yaku="1,1,52,3,54,2,53,0" doraHai="98,78" doraHaiUra="43,2" who="3" fromWho="1" sc="250,0,240,-120,250,0,240,140" /><INIT seed="1,0,0,2,4,58" ten="250,120,250,380" oya="1" hai0="42,45,52,68,4,131,134,33,96,75,38,109,12" hai1="30,105,121,86,114,18,26,21,71,28,118,78,24" hai2="70,27,126,44,7,69,0,35,43,56,129,102,92" hai3="41,48,13,108,36,59,47,10,123,76,66,37,104"/><U60/><E105/><V119/><F119/><W100/><G108/><T125/><D33/><U117/><E121/><V101/><F126/><W93/><G123/><T34/><D34/><U91/><E114/><V54/><F129/><W135/><G104/><T110/><D75/><U95/><E78/><V97/><F101/><W103/><G76/><T5/><D134/><U81/><E81/><V20/><F35/><W32/><G32/><T39/><D39/><U1/><E1/><V120/><F7/><W85/><G135/><T133/><D125/><U53/><E18/><V77/><F77/><W80/><G37/><T11/><D68/><U128/><E128/><V90/><F102/><W99/><G36/><T6/><D133/><U115/><E115/><V40/><F0/><W2/><G2/><T122/><D122/><U132/><E132/><V29/><F43/><W79/><G59/><T15/><D131/><U112/><E112/><V116/><F116/><W83/><G83/><T74/><D74/><U62/><E53/><V89/><F89/><N who="3" m="55727" /><G66/><T19/><D19/><AGARI ba="0,0" hai="10,13,19,41,47,48,79,80,85,100,103" m="55727" machi="19" ten="30,1000,0" yaku="8,1" doraHai="58" who="3" fromWho="0" sc="250,-10,120,0,250,0,380,10" /><INIT seed="2,0,0,4,3,30" ten="240,120,250,390" oya="2" hai0="90,19,45,52,24,113,7,132,72,15,82,53,55" hai1="40,14,68,12,41,46,18,115,99,29,73,60,56" hai2="134,84,100,43,81,4,135,11,20,50,133,21,51" hai3="44,129,98,93,67,87,89,105,120,27,47,112,79"/><V102/><F21/><W34/><G129/><T17/><D113/><U121/><E73/><V127/><F20/><W33/><G120/><T54/><D132/><U78/><E78/><V42/><F127/><W13/><G67/><T125/><D125/><U0/><E0/><V37/><F37/><W116/><G116/><T62/><D72/><U25/><E115/><V106/><F106/><W94/><G105/><T95/><D82/><U61/><E121/><V131/><F131/><W66/><G66/><T16/><D24/><U96/><E68/><V10/><F10/><W31/><G112/><T63/><N who="0" m="13312" /><DORA hai="70" /><T101/><D101/><N who="2" m="39018" /><F43/><W85/><G34/><T110/><D110/><U74/><E74/><V107/><F42/><W6/><G6/><T69/><D45/><U75/><E75/><V83/><F107/><W117/><G117/><T23/><D69/><U1/><E1/><N who="2" m="399" /><F83/><W108/><G13/><T104/><D104/><U124/><E124/><V77/><AGARI ba="0,0" hai="50,51,77,81,84,133,134,135" m="399,39018" machi="77" ten="40,2100,0" yaku="20,1" doraHai="30,70" who="2" fromWho="2" sc="240,-7,120,-7,250,21,390,-7" /><INIT seed="2,1,0,4,5,0" ten="233,113,271,383" oya="2" hai0="127,117,46,97,107,23,120,26,133,25,125,115,65" hai1="101,121,43,128,77,82,98,10,12,80,48,51,81" hai2="64,13,84,56,1,124,54,76,14,69,85,44,49" hai3="29,47,119,100,114,79,132,110,126,103,24,9,131"/><V88/><F124/><N who="0" m="47690" /><D120/><U72/><E121/><V63/><F1/><W31/><G132/><T93/><D115/><U99/><E128/><V28/><F28/><W106/><G131/><T61/><D107/><U108/><E108/><V129/><F129/><W74/><G106/><T135/><D46/><U75/><E43/><V102/><F102/><W122/><G9/><T4/><D4/><U86/><E101/><V16/><F76/><W91/><G91/><N who="0" m="55487" /><D117/><U104/><E104/><V38/><F38/><W22/><G31/><N who="0" m="17855" /><D26/><U87/><E10/><N who="2" m="6199" /><F14/><W134/><G24/><T7/><D7/><U116/><E12/><V39/><F88/><W17/><G74/><T18/><D18/><U130/><E130/><V8/><F8/><W83/><G83/><T30/><D30/><U57/><E82/><V73/><F73/><W109/><G79/><T55/><D55/><U37/><E77/><V21/><F21/><W33/><G22/><T67/><D67/><U5/><E37/><V42/><AGARI ba="1,0" hai="39,42,44,49,54,56,63,64,69,84,85" m="6199" machi="42" ten="30,3000,0" yaku="24,1,54,1" doraHai="0" who="2" fromWho="2" sc="233,-11,113,-11,271,33,383,-11" /><INIT seed="2,2,0,2,4,1" ten="222,102,304,372" oya="2" hai0="95,125,126,40,45,112,66,123,47,3,61,9,124" hai1="32,35,21,49,16,128,62,88,59,70,120,109,55" hai2="27,26,13,44,87,93,86,79,31,100,30,90,121" hai3="81,34,99,28,11,101,63,74,0,20,129,92,14"/><V113/><F113/><W116/><G129/><T39/><D112/><U71/><E128/><V17/><F121/><W73/><G116/><T6/><D45/><U127/><E120/><V132/><F132/><W33/><G0/><T131/><D95/><U75/><E75/><V57/><F44/><W80/><G74/><T114/><D114/><U29/><E109/><V56/><F100/><W42/><G34/><T111/><D123/><U51/><E127/><V135/><F135/><W38/><G33/><T122/><D122/><U53/><E29/><N who="2" m="10763" /><F86/><W106/><G38/><T10/><D10/><U104/><E104/><V64/><F79/><W130/><G130/><T119/><D131/><U54/><E35/><V115/><F115/><W15/><G42/><T22/><D22/><U78/><E32/><V65/><F65/><W118/><G118/><T5/><D119/><U43/><E78/><V24/><F64/><W8/><G106/><T72/><D72/><U85/><E70/><V37/><F37/><W41/><G41/><T67/><D67/><N who="1" m="39391" /><E71/><V108/><F108/><W76/><G76/><T96/><D111/><U110/><E43/><V36/><F36/><W82/><G73/><T68/><D96/><U103/><E103/><V25/><N who="2" m="6144" /><DORA hai="98" /><V4/><F4/><AGARI ba="2,0" hai="3,4,5,6,9,39,40,47,61,66,68,124,125,126" machi="4" ten="40,8000,1" yaku="18,1,52,3" doraHai="1,98" who="0" fromWho="2" sc="222,86,102,0,304,-86,372,0" /><INIT seed="3,0,0,4,3,79" ten="308,102,218,372" oya="3" hai0="30,124,54,4,34,10,33,93,132,55,82,80,121" hai1="117,43,63,110,20,59,72,29,91,112,41,2,95" hai2="64,76,37,7,69,32,8,18,66,105,107,98,108" hai3="88,84,130,38,39,86,97,16,40,49,28,99,3"/><W122/><G130/><T17/><D121/><U104/><E2/><V68/><F37/><W13/><G3/><T11/><D30/><U89/><E72/><V15/><F76/><W67/><G67/><T61/><D17/><U129/><E104/><V23/><F108/><W73/><G73/><T83/><D132/><U53/><E110/><V114/><F114/><W119/><G119/><T94/><D61/><U50/><E117/><V42/><F42/><W51/><G39/><T21/><D21/><U103/><E129/><V60/><F98/><W57/><G51/><T131/><D124/><U12/><E112/><V31/><F66/><W115/><G115/><T133/><D131/><U123/><E123/><V126/><F68/><W52/><G84/><T116/><D133/><U36/><E36/><V113/><F113/><W27/><G27/><T24/><D24/><U75/><E75/><V71/><F69/><W35/><G35/><N who="0" m="13323" /><D4/><U25/><E103/><V6/><F6/><W135/><G28/><T44/><D44/><U92/><E12/><V127/><F127/><W48/><G16/><T46/><D46/><U111/><E111/><V62/><F126/><W1/><G13/><T22/><D22/><U102/><E102/><V100/><F100/><W125/><G125/><T109/><D109/><U74/><E74/><V45/><F45/><W65/><G135/><T26/><D26/><U0/><E0/><N who="2" m="103" /><F60/><W14/><G1/><T87/><D116/><U5/><E63/><V9/><F32/><W128/><G122/><T77/><D77/><U78/><E78/><V134/><F134/><RYUUKYOKU ba="0,0" sc="308,-10,102,-10,218,30,372,-10" hai2="9,15,18,23,31,62,64,71,105,107" owari="298,9.8,92,-40.8,248,-15.2,362,46.2" /></mjloggm>