<mjloggm ver="2.3"><GO type="225" lobby="0"/><UN n0="%E9%A6%AC%E5%BC%95%E7%81%AB%33" n1="%E6%9C%88%E5%B3%B6%E5%9F%BA" n2="%E3%83%8F%E3%83%B3%E3%83%89%E3%83%A9%E3%83%BC%E3%83%BB%E3%83%AF%E3%83%B3" n3="%E3%83%96%E3%83%83%E3%83%91%E3%82%AA%E3%83%96%E3%83%81%E3%82%AD%E3%83%B3" dan="16,16,17,16" rate="2179.03,2143.83,2262.29,2199.30" sx="M,M,M,M"/><TAIKYOKU oya="0"/><INIT seed="0,0,0,0,0,50" ten="250,250,250,250" oya="0" hai0="57,115,49,133,15,82,103,132,2,84,20,88,79" hai1="106,90,93,70,128,95,109,17,42,45,134,29,86" hai2="112,89,117,105,21,113,121,69,40,80,61,13,66" hai3="78,6,74,36,16,35,5,34,19,99,98,27,85"/><T22/><D115/><U18/><E106/><V72/><F121/><W114/><G114/><T123/><D123/><U37/><E70/><V33/><F33/><W59/><G36/><T3/><D103/><U26/><E109/><V28/><F105/><W8/><G74/><T131/><D131/><U119/><E119/><V23/><F117/><W87/><G59/><T58/><D58/><U104/><E104/><V10/><F40/><W91/><G91/><T38/><D38/><U94/><E134/><N who="0" m="51817" /><D79/><U31/><E128/><V9/><F9/><W56/><G56/><T129/><D129/><U65/><E65/><V30/><F23/><N who="0" m="8746" /><D15/><U83/><E31/><V124/><F30/><W43/><G78/><T97/><D97/><U55/><E29/><V127/><F21/><W116/><G116/><T111/><D111/><U0/><E26/><V60/><F28/><W32/><G32/><T126/><D126/><N who="2" m="48170" /><F61/><W44/><G27/><T14/><D14/><U4/><E0/><V11/><F11/><W62/><G8/><T100/><D100/><U122/><E122/><V118/><F118/><W64/><G62/><T102/><D102/><U63/><E63/><V51/><F51/><W71/><G71/><T101/><D101/><U67/><E67/><V7/><F89/><W77/><G64/><T52/><AGARI ba="0,0" hai="2,3,49,52,57,82,84,88" m="8746,51817" machi="52" ten="30,11700,0" yaku="20,1,52,1,54,2" doraHai="50" who="0" fromWho="0" sc="250,117,250,-39,250,-39,250,-39" /><INIT seed="0,1,0,0,1,86" ten="367,211,211,211" oya="0" hai0="32,49,67,73,83,28,76,8,5,54,98,84,58" hai1="65,61,87,92,77,4,70,59,120,19,124,79,94" hai2="117,88,109,55,29,33,121,10,99,17,110,123,107" hai3="90,135,68,96,100,57,128,7,60,45,46,93,66"/><T26/><D67/><U51/><E120/><V116/><F55/><W18/><G128/><T2/><D98/><U85/><E124/><V101/><F29/><W35/><G135/><T114/><D114/><U11/><E87/><V113/><F33/><W89/><G35/><T13/><REACH who="0" step="1"/><D84/><REACH who="0" ten="357,211,211,211" step="2"/><U16/><E85/><V14/><F113/><W42/><G7/><T103/><D103/><U130/><E65/><V36/><F123/><W6/><G6/><T25/><D25/><U43/><E4/><V102/><F121/><W75/><G75/><T80/><D80/><U104/><E130/><V134/><F102/><W41/><G68/><T62/><D62/><U64/><E61/><V127/><F127/><W1/><G1/><AGARI ba="1,1" hai="1,2,5,8,13,26,28,32,49,54,58,73,76,83" machi="1" ten="40,3900,0" yaku="1,1,53,1" doraHai="86" doraHaiUra="22" who="0" fromWho="3" sc="357,52,211,0,211,0,211,-42" /><INIT seed="0,2,0,1,2,54" ten="409,211,211,169" oya="0" hai0="80,15,14,108,30,20,90,19,83,12,84,96,125" hai1="42,105,9,134,89,24,69,45,65,92,106,53,109" hai2="62,58,91,86,7,21,56,55,36,67,93,13,4" hai3="38,39,16,63,34,94,8,43,68,3,81,127,132"/><T44/><D125/><U29/><E109/><V26/><F36/><W32/><G127/><T64/><D30/><U120/><E120/><V72/><F72/><W133/><G94/><T82/><D64/><U121/><E121/><V107/><F107/><W87/><G68/><T66/><D66/><U37/><E134/><N who="3" m="51818" /><G63/><T10/><D108/><U113/><E113/><V79/><F79/><N who="3" m="46527" /><G43/><T124/><D124/><U31/><E65/><V74/><F74/><W116/><G116/><T131/><D131/><U5/><E105/><V0/><F0/><W75/><G75/><T88/><D44/><U76/><E106/><V103/><F103/><W123/><G123/><T100/><D100/><U111/><E111/><V130/><F130/><W101/><G101/><T2/><D2/><U11/><E69/><V40/><F40/><W57/><G3/><T18/><D14/><U77/><E37/><N who="3" m="13834" /><G57/><T52/><D52/><U114/><E53/><V129/><F129/><W102/><G102/><T95/><AGARI ba="2,0" hai="10,12,15,18,19,20,80,82,83,84,88,90,95,96" machi="95" ten="30,6000,0" yaku="0,1,8,1,54,1" doraHai="54" who="0" fromWho="0" sc="409,66,211,-22,211,-22,169,-22" /><INIT seed="0,3,0,1,5,75" ten="475,189,189,147" oya="0" hai0="83,19,1,123,126,49,58,57,134,102,47,26,84" hai1="70,8,17,61,116,34,100,9,80,108,82,119,65" hai2="77,52,60,115,62,89,69,14,33,23,38,133,64" hai3="93,54,56,135,63,94,132,85,11,44,4,37,121"/><T81/><D123/><U106/><E108/><V101/><F115/><W114/><G114/><T53/><D1/><U105/><E34/><V40/><F33/><W25/><G121/><T110/><D126/><U79/><E82/><V97/><F133/><N who="3" m="51275" /><G25/><T96/><D134/><U45/><E45/><V76/><F89/><W107/><G107/><T7/><D7/><U113/><E113/><V125/><F125/><W16/><G85/><T130/><D130/><U92/><E92/><N who="3" m="35434" /><G4/><T12/><D26/><U99/><E105/><V112/><F112/><W74/><G74/><T72/><D72/><U68/><E17/><V120/><F120/><W124/><G124/><T127/><D83/><U66/><E116/><V18/><F97/><W104/><G104/><T13/><D110/><U42/><E119/><V87/><F87/><W128/><G128/><T122/><D122/><U51/><E80/><V129/><F101/><W30/><G30/><T88/><D127/><U109/><E109/><V28/><F28/><W31/><G31/><T29/><D29/><U103/><E103/><V43/><F129/><W5/><G5/><T2/><D2/><U59/><E100/><V73/><F73/><W91/><G91/><T39/><D39/><U86/><E86/><V35/><F35/><W21/><G21/><N who="0" m="11495" /><D13/><U10/><E106/><V27/><F14/><N who="3" m="7263" /><G37/><T32/><D32/><U41/><E10/><V71/><F38/><W46/><AGARI ba="3,0" hai="44,46,54,56,63" m="7263,35434,51275" machi="46" ten="30,2000,0" yaku="20,1,54,1" doraHai="75" who="3" fromWho="3" sc="475,-13,189,-8,189,-8,147,29" /><INIT seed="1,0,0,0,1,33" ten="462,181,181,176" oya="1" hai0="1,16,96,13,23,9,2,74,52,45,8,92,125" hai1="28,108,40,60,112,46,14,18,59,70,34,128,51" hai2="55,118,129,47,71,97,132,81,17,30,3,123,85" hai3="130,86,61,22,105,117,103,91,54,50,73,120,15"/><U133/><E112/><V57/><F118/><W100/><G120/><T114/><D74/><U68/><E128/><V58/><F123/><W12/><G73/><T122/><D114/><U111/><E133/><V99/><F71/><W106/><G130/><T4/><D122/><U101/><E101/><V76/><F129/><W10/><G117/><T116/><D116/><U0/><E28/><V7/><F132/><W49/><G106/><T90/><D125/><U104/><E34/><V124/><F124/><W67/><G105/><T72/><D72/><U119/><E104/><V83/><F30/><W82/><G22/><T35/><D35/><U135/><E0/><V84/><F17/><N who="3" m="8343" /><G15/><T25/><REACH who="0" step="1"/><D9/><REACH who="0" ten="452,181,181,176" step="2"/><N who="1" m="6479" /><E119/><V80/><F76/><W88/><G91/><T31/><D31/><U110/><E135/><V126/><F126/><W109/><G109/><T53/><D53/><AGARI ba="0,1" hai="40,46,51,53,59,60,68,70,108,110,111" m="6479" machi="53" ten="30,2900,0" yaku="14,1,10,1" doraHai="33" who="1" fromWho="0" sc="452,-29,181,39,181,0,176,0" /><INIT seed="1,1,0,0,3,7" ten="423,220,181,176" oya="1" hai0="25,99,97,95,92,134,81,5,16,48,125,85,67" hai1="104,46,106,72,115,41,52,116,0,102,94,58,30" hai2="8,135,66,20,2,88,129,37,101,132,10,70,112" hai3="80,12,54,126,45,117,121,32,39,40,79,127,19"/><U123/><E115/><V119/><F119/><W114/><G121/><T61/><D5/><U47/><E116/><V6/><F37/><W128/><G117/><T96/><D125/><U34/><E0/><V60/><F112/><W69/><G114/><T113/><D113/><U15/><E72/><V91/><F129/><W98/><G128/><T74/><D74/><U11/><E123/><V27/><F101/><W51/><G32/><T44/><D134/><N who="2" m="51242" /><F10/><W36/><G69/><T33/><D33/><U75/><E75/><V3/><F3/><W64/><G64/><T43/><D61/><N who="1" m="36039" /><E106/><V103/><F103/><W29/><G98/><T87/><D67/><U86/><E104/><V89/><F89/><W38/><G29/><AGARI ba="1,0" hai="2,6,8,20,27,29,60,66,70,88,91" m="51242" machi="29" ten="30,3900,0" yaku="20,1,52,1,54,1" doraHai="7" who="2" fromWho="3" sc="423,0,220,0,181,42,176,-42" /><INIT seed="2,0,0,5,4,108" ten="423,220,223,134" oya="2" hai0="58,119,1,97,39,72,105,56,60,17,69,88,25" hai1="63,31,70,15,96,62,131,90,94,14,37,125,132" hai2="78,52,43,44,109,55,84,103,20,41,0,57,129" hai3="50,99,76,29,135,123,115,18,111,112,98,73,28"/><V83/><F0/><W33/><G123/><T95/><D39/><U47/><E125/><V93/><F129/><W121/><G121/><T81/><D1/><U127/><E127/><V80/><F109/><W36/><G36/><T100/><D119/><U3/><E3/><V16/><F83/><N who="3" m="45455" /><G111/><T54/><D69/><U6/><E31/><N who="3" m="11850" /><G33/><T35/><D56/><U85/><E132/><V89/><F103/><W106/><G135/><T118/><D118/><U75/><E75/><V124/><F124/><W48/><G18/><T61/><D61/><U122/><E122/><V117/><F117/><W19/><G19/><T82/><D72/><U5/><E70/><V34/><F34/><W91/><G91/><T107/><D35/><U24/><E37/><V79/><F44/><W114/><G106/><N who="0" m="40459" /><D100/><U128/><E47/><V2/><F2/><W134/><G134/><T23/><AGARI ba="0,0" hai="17,23,25,54,58,60,81,82,88,95,97" m="40459" machi="23" ten="30,2000,0" yaku="25,1,54,1" doraHai="108" who="0" fromWho="0" sc="423,20,220,-5,223,-10,134,-5" /><INIT seed="3,0,0,1,0,19" ten="443,215,213,129" oya="3" hai0="3,94,29,91,72,10,133,106,114,115,59,42,108" hai1="54,97,26,23,58,45,135,46,56,67,53,98,100" hai2="79,69,27,134,57,1,71,37,96,109,86,95,9" hai3="80,36,130,6,28,7,90,125,99,16,50,118,38"/><W102/><G118/><T78/><D108/><U85/><E135/><V112/><F37/><W8/><G28/><T13/><D133/><U25/><E67/><V60/><F112/><W77/><G90/><T47/><D106/><U64/><E64/><V31/><F109/><W18/><G130/><T30/><D3/><U119/><E119/><V5/><F86/><W0/><G125/><T55/><D78/><U121/><E121/><V63/><F79/><W41/><G50/><T76/><D72/><U105/><E85/><V126/><F63/><W51/><G51/><T20/><D76/><U65/><E65/><N who="2" m="39055" /><F134/><W124/><G7/><T107/><D10/><U4/><E4/><V113/><F113/><W40/><G124/><T123/><D55/><U84/><E84/><V24/><F24/><W49/><G49/><T103/><D91/><U93/><E105/><V128/><F128/><W88/><G38/><T33/><D29/><U12/><E100/><N who="2" m="60447" /><F126/><W73/><G41/><T104/><D20/><AGARI ba="0,0" hai="1,5,9,20,27,31,69,71" m="60447,39055" machi="20" ten="30,2000,0" yaku="25,1,52,1" doraHai="19" who="2" fromWho="0" sc="443,-20,215,0,213,20,129,0" owari="423,52.3,215,-18.5,233,3.3,129,-37.1" /></mjloggm>