<mjloggm ver="2.3"><GO type="225" lobby="0"/><UN n0="%E3%83%96%E3%83%83%E3%83%91%E3%82%AA%E3%83%96%E3%83%81%E3%82%AD%E3%83%B3" n1="%E8%B5%A4%E3%81%84%E8%9B%99%31%31" n2="%E6%B5%81%E3%82%8C%EF%BC%9F%53%4F%41" n3="%E3%81%BE%E3%81%A8%E3%81%9F" dan="16,16,17,16" rate="2162.24,2104.54,2269.42,2101.03" sx="M,M,M,M"/><TAIKYOKU oya="0"/><INIT seed="0,0,0,2,2,79" ten="250,250,250,250" oya="0" hai0="24,111,63,105,66,77,106,95,54,64,67,13,45" hai1="124,90,68,6,104,94,58,59,76,52,100,19,121" hai2="16,1,72,128,86,61,122,98,21,12,75,41,18" hai3="99,73,14,87,4,101,96,117,78,74,70,29,5"/><T23/><D111/><U31/><E68/><V80/><F1/><W102/><G70/><T2/><D2/><U49/><E121/><V108/><F122/><W97/><G29/><T120/><D120/><U42/><E42/><V36/><F108/><W71/><G71/><T83/><D13/><U84/><E124/><V9/><F128/><W35/><G35/><T53/><D95/><U89/><E31/><V40/><F36/><W125/><G14/><T81/><D54/><U135/><E135/><V69/><F75/><N who="3" m="28683" /><G5/><T10/><D10/><U127/><E6/><V129/><F72/><W0/><G4/><T15/><D15/><U114/><E114/><V109/><F129/><W51/><G51/><T43/><D53/><U115/><E115/><V130/><F109/><W65/><G65/><T50/><D63/><U32/><E32/><V3/><F98/><W33/><G33/><T34/><D34/><U28/><E28/><V112/><F112/><W26/><G26/><T11/><D11/><U93/><E19/><V103/><F103/><N who="3" m="39435" /><G0/><T113/><D113/><U30/><E30/><V17/><F3/><W62/><G62/><T82/><REACH who="0" step="1"/><D77/><REACH who="0" ten="240,250,250,250" step="2"/><U123/><E76/><N who="2" m="46343" /><F130/><W38/><G78/><T48/><D48/><U110/><E123/><V55/><F69/><W107/><G38/><T57/><D57/><U118/><E110/><V119/><F119/><W133/><G117/><T92/><D92/><U91/><E118/><V131/><F131/><W7/><G133/><T85/><D85/><U132/><E84/><V47/><F9/><W37/><G37/><T134/><D134/><RYUUKYOKU ba="0,1" sc="240,30,250,-10,250,-10,250,-10" hai0="23,24,43,45,50,64,66,67,81,82,83,105,106" /><INIT seed="0,1,1,5,2,30" ten="270,240,240,240" oya="0" hai0="111,9,97,86,37,10,29,135,107,51,77,41,85" hai1="91,123,80,134,57,35,81,47,118,131,59,16,12" hai2="15,8,11,66,58,117,82,27,53,49,67,113,28" hai3="43,33,13,133,63,120,102,61,122,90,114,94,72"/><T50/><D135/><U124/><E118/><V109/><F113/><W40/><G114/><T74/><D74/><U83/><E123/><N who="3" m="47146" /><G72/><T26/><D37/><U130/><E134/><V73/><F109/><W24/><G13/><T55/><D111/><U106/><E106/><V112/><F112/><W128/><G102/><T101/><D41/><N who="3" m="15945" /><G128/><N who="1" m="49194" /><E124/><V38/><F38/><W119/><G119/><T98/><D98/><U25/><E47/><V42/><F42/><W4/><G4/><T75/><D51/><U20/><E91/><V95/><F117/><W115/><G115/><T105/><D105/><U132/><E132/><V32/><F95/><W0/><G0/><T76/><D75/><U125/><E125/><V127/><F8/><W93/><G93/><T34/><D77/><U21/><E35/><V69/><F69/><W92/><G92/><T70/><D70/><U121/><E121/><V129/><F127/><W18/><G33/><T48/><D48/><U22/><E22/><V88/><F129/><W44/><G44/><T56/><REACH who="0" step="1"/><D76/><REACH who="0" ten="260,240,240,240" step="2"/><U89/><E89/><V96/><F73/><W36/><G36/><T52/><D52/><U99/><E99/><V87/><REACH who="2" step="1"/><F96/><REACH who="2" ten="260,240,230,240" step="2"/><N who="3" m="57431" /><G133/><T84/><AGARI ba="1,3" hai="9,10,26,29,34,50,55,56,84,85,86,97,101,107" machi="84" ten="30,6000,0" yaku="1,1,0,1,52,1,53,0" doraHai="30" doraHaiUra="108" who="0" fromWho="0" sc="260,93,240,-21,230,-21,240,-21" /><INIT seed="0,2,0,0,1,21" ten="353,219,209,219" oya="0" hai0="10,75,124,99,25,59,123,29,24,126,78,57,90" hai1="46,73,26,92,113,84,34,62,116,122,87,63,61" hai2="58,36,23,80,50,43,85,37,28,105,127,19,15" hai3="100,27,31,45,4,44,109,134,125,77,16,79,93"/><T3/><D123/><U1/><E73/><V52/><F105/><W49/><G109/><T82/><D3/><U91/><E116/><V86/><F127/><N who="0" m="48682" /><D10/><U69/><E122/><V56/><F43/><W119/><G119/><T32/><D90/><U38/><E1/><V72/><F72/><W8/><G45/><T133/><D133/><U74/><E74/><V88/><F28/><W101/><G134/><T51/><D99/><U20/><E34/><V71/><F71/><W131/><G131/><T108/><D108/><U17/><E113/><V114/><F114/><W67/><G67/><T115/><D115/><U106/><E106/><V47/><REACH who="2" step="1"/><F85/><REACH who="2" ten="353,219,199,219" step="2"/><W121/><G31/><N who="0" m="19559" /><D51/><U53/><E69/><V83/><F83/><W42/><G121/><T111/><D111/><U81/><E38/><AGARI ba="2,1" hai="15,19,23,36,37,38,47,50,52,56,58,80,86,88" machi="38" ten="40,5200,0" yaku="1,1,54,2,53,0" doraHai="21" doraHaiUra="128" who="2" fromWho="1" sc="353,0,219,-58,199,68,219,0" /><INIT seed="1,0,0,4,0,41" ten="353,161,267,219" oya="1" hai0="27,105,78,12,13,80,50,64,28,14,10,134,74" hai1="46,113,129,67,114,62,72,107,131,65,66,71,56" hai2="115,43,34,127,82,110,39,104,69,35,98,6,108" hai3="111,119,55,94,11,23,4,63,5,52,44,54,21"/><U135/><E72/><V37/><F69/><W76/><G111/><N who="2" m="42537" /><F127/><W19/><G119/><T3/><D134/><U2/><E107/><V116/><F116/><W120/><G120/><T126/><D126/><U31/><E2/><V32/><F115/><N who="1" m="44041" /><E31/><V83/><F6/><N who="3" m="2667" /><G76/><T106/><D3/><U84/><E84/><V93/><F104/><W45/><G63/><T17/><D64/><N who="1" m="41367" /><E135/><V122/><F122/><W101/><G11/><T81/><D81/><N who="2" m="30730" /><F43/><W29/><G29/><T30/><D30/><U79/><E79/><V16/><F16/><W123/><G123/><T86/><D74/><U68/><E68/><V75/><F75/><W89/><G101/><AGARI ba="0,0" hai="32,34,35,37,39,93,98,101" m="30730,42537" machi="101" ten="40,1300,0" yaku="14,1" doraHai="41" who="2" fromWho="3" sc="353,0,161,0,267,13,219,-13" /><INIT seed="2,0,0,5,4,80" ten="353,161,280,206" oya="2" hai0="11,82,31,23,120,20,40,9,50,30,108,5,0" hai1="129,103,76,105,92,125,18,62,58,15,44,8,22" hai2="42,75,53,127,109,2,114,4,104,36,69,19,59" hai3="56,46,95,12,1,63,88,64,118,93,57,77,60"/><V47/><F114/><W111/><G1/><T94/><D120/><U27/><E125/><V35/><F127/><W49/><G118/><T29/><D108/><U135/><E135/><V96/><F35/><W7/><G111/><T74/><D74/><U115/><E129/><V91/><F109/><W41/><G77/><T107/><D107/><U98/><E115/><V10/><F69/><W83/><G7/><T38/><D38/><U72/><E105/><V55/><F75/><W73/><G12/><N who="0" m="5167" /><D82/><U21/><E44/><V65/><F19/><W24/><G24/><T110/><D0/><U102/><E72/><V3/><F3/><W87/><G73/><T79/><D79/><U34/><E76/><V45/><F45/><W43/><G43/><T71/><D71/><U116/><E116/><V39/><F39/><W67/><AGARI ba="0,0" hai="41,46,49,56,57,60,63,64,67,83,87,88,93,95" machi="67" ten="20,12000,2" yaku="0,1,7,1,9,1,8,1,52,1,54,1" doraHai="80" who="3" fromWho="3" sc="353,-30,161,-30,280,-60,206,120" /><INIT seed="3,0,0,2,2,125" ten="323,131,220,326" oya="3" hai0="54,8,121,63,25,32,84,132,15,38,105,9,87" hai1="71,55,62,106,12,36,42,101,33,22,127,91,26" hai2="64,28,108,88,16,65,112,116,120,70,48,115,78" hai3="61,35,56,107,133,81,18,29,124,113,97,75,135"/><W83/><G113/><T1/><D121/><U117/><E127/><V94/><F116/><W37/><G37/><T119/><D105/><U50/><E117/><V126/><F126/><W110/><G18/><T58/><D119/><U76/><E76/><V66/><F70/><W128/><G110/><T86/><D38/><U92/><E12/><V100/><F28/><W90/><G75/><T24/><D132/><N who="3" m="50761" /><G128/><T52/><D32/><U130/><E33/><V47/><F108/><W123/><G90/><T129/><D129/><U79/><E79/><V31/><F31/><W6/><G6/><N who="0" m="3511" /><D1/><U111/><E111/><V46/><F78/><W53/><G123/><T14/><D54/><U102/><E106/><V93/><F120/><W51/><G61/><T59/><D59/><U103/><E130/><V45/><F48/><W5/><G5/><AGARI ba="0,0" hai="5,8,14,24,25,52,58,63,84,86,87" m="3511" machi="5" ten="30,2000,0" yaku="8,1,54,1" doraHai="125" who="0" fromWho="3" sc="323,20,131,0,220,0,326,-20" owari="343,44.3,131,-36.9,220,-18.0,306,10.6" /></mjloggm>