<mjloggm ver="2.3"><GO type="225" lobby="0"/><UN n0="%E6%9C%88%E5%B3%B6%E5%9F%BA" n1="%E9%A6%AC%E5%BC%95%E7%81%AB%33" n2="%E3%83%96%E3%83%83%E3%83%91%E3%82%AA%E3%83%96%E3%83%81%E3%82%AD%E3%83%B3" n3="%E7%89%B9%E6%9D%B1%E3%81%AF%E4%B8%96%E7%95%8C%E3%82%92%E6%95%91%E3%81%86" dan="16,16,16,16" rate="2113.33,2105.98,2152.73,2200.87" sx="M,M,M,M"/><TAIKYOKU oya="0"/><INIT seed="0,0,0,4,5,40" ten="250,250,250,250" oya="0" hai0="78,107,121,66,115,38,39,100,92,73,93,135,53" hai1="8,0,90,36,122,77,28,2,108,11,48,16,109" hai2="9,83,54,60,4,15,105,91,113,89,88,114,86" hai3="130,55,58,27,124,99,1,32,26,87,103,120,21"/><T43/><D115/><U97/><E122/><V47/><F105/><W35/><G120/><T64/><D121/><U5/><E36/><V128/><F128/><W119/><G119/><T133/><D107/><U85/><E28/><V29/><F29/><W56/><G130/><T30/><D30/><U117/><E117/><V3/><F3/><W18/><G1/><T104/><D104/><U76/><E97/><V13/><F13/><W112/><G112/><T41/><D78/><U134/><E134/><V7/><F7/><W127/><G87/><T118/><D118/><U34/><E34/><V81/><F81/><W12/><G99/><T111/><D53/><U74/><E74/><V123/><F123/><W22/><G103/><T19/><D19/><U94/><E48/><V17/><F4/><W98/><G98/><T57/><D57/><U70/><E70/><V131/><F131/><W33/><G21/><T42/><D42/><U24/><E0/><V50/><REACH who="2" step="1"/><F60/><REACH who="2" ten="250,250,240,250" step="2"/><W51/><REACH who="3" step="1"/><G56/><REACH who="3" ten="250,250,240,240" step="2"/><T102/><REACH who="0" step="1"/><D73/><REACH who="0" ten="240,250,240,240" step="2"/><U82/><E2/><V110/><F110/><AGARI ba="0,3" hai="38,39,41,43,64,66,92,93,100,102,110,111,133,135" machi="110" ten="25,9600,0" yaku="1,1,2,1,22,2,53,0" doraHai="40" doraHaiUra="79" who="0" fromWho="2" sc="240,126,250,0,240,-96,240,0" /><INIT seed="0,1,0,5,1,93" ten="366,250,144,240" oya="0" hai0="65,53,10,125,105,28,114,115,6,91,12,102,4" hai1="72,59,89,95,33,29,16,98,71,133,81,130,39" hai2="42,106,78,27,63,25,22,101,17,45,121,35,9" hai3="15,83,94,80,60,132,18,77,57,23,11,3,51"/><T7/><D125/><U110/><E71/><V90/><F121/><W5/><G132/><T96/><D65/><U123/><E123/><V79/><F9/><W120/><G120/><T1/><D28/><U99/><E39/><V70/><F90/><W88/><G77/><T13/><D1/><U20/><E133/><V64/><F35/><W8/><G51/><T54/><D91/><U73/><E130/><V104/><F27/><W100/><G100/><T46/><D46/><U131/><E131/><V127/><F127/><W111/><G111/><T117/><D117/><U41/><E41/><V108/><F108/><W68/><G68/><T67/><D67/><U44/><E44/><V135/><F135/><W50/><G50/><T24/><D24/><U43/><E43/><V119/><F119/><W76/><G8/><T26/><D26/><U48/><E110/><V85/><F85/><W75/><G75/><T103/><D103/><U66/><E29/><V56/><F70/><W92/><G92/><T37/><D37/><U69/><E33/><V86/><F86/><W34/><G76/><T55/><REACH who="0" step="1"/><D10/><REACH who="0" ten="356,250,144,240" step="2"/><U19/><E66/><V14/><F25/><W0/><G0/><T40/><D40/><U61/><E89/><V74/><F42/><W2/><G2/><T116/><D116/><U38/><E38/><V47/><F101/><W87/><G34/><T124/><D124/><U84/><E69/><V21/><F45/><W118/><G118/><T113/><AGARI ba="1,1" hai="4,6,7,12,13,53,54,55,96,102,105,113,114,115" machi="113" ten="40,12000,1" yaku="1,1,0,1,29,2,52,1,53,0" doraHai="93" doraHaiUra="82" who="0" fromWho="0" sc="356,133,250,-41,144,-41,240,-41" /><INIT seed="0,2,0,5,3,23" ten="489,209,103,199" oya="0" hai0="82,41,130,28,88,126,116,76,43,16,30,54,135" hai1="9,11,75,112,65,49,6,7,26,52,127,37,25" hai2="2,101,63,59,111,22,24,81,19,73,86,106,18" hai3="125,129,83,21,33,115,70,17,4,109,66,48,91"/><T100/><D116/><U60/><E37/><V102/><F111/><W55/><G115/><T120/><D120/><U12/><E75/><V56/><F73/><W39/><G33/><T27/><D126/><U61/><E127/><V45/><F2/><W97/><G125/><T123/><D123/><U57/><E112/><V89/><F106/><W122/><G122/><T114/><D100/><U128/><E128/><V85/><F45/><W13/><G39/><T94/><D130/><U117/><E117/><V119/><F119/><W72/><G129/><T0/><D0/><U50/><E50/><V84/><F19/><W90/><G109/><T131/><D131/><U134/><E134/><V108/><F108/><W31/><G31/><N who="0" m="11819" /><D135/><U1/><E61/><V87/><REACH who="2" step="1"/><F56/><AGARI ba="2,0" hai="1,6,7,9,11,12,25,26,49,52,56,57,60,65" machi="56" ten="30,7700,0" yaku="7,1,52,2,54,1" doraHai="23" who="1" fromWho="2" sc="489,0,209,83,103,-83,199,0" /><INIT seed="1,0,0,5,0,26" ten="489,292,20,199" oya="1" hai0="48,32,80,19,105,66,90,55,128,82,132,61,42" hai1="70,51,45,130,0,50,65,112,10,102,52,35,8" hai2="39,11,9,62,131,4,94,46,72,59,5,109,79" hai3="116,20,53,58,77,44,108,67,22,1,17,68,16"/><U113/><E35/><V106/><F106/><W92/><G1/><T87/><D105/><U100/><E130/><V96/><F109/><W118/><G108/><T86/><D32/><U56/><E70/><V7/><F131/><W123/><G123/><T117/><D117/><N who="3" m="45161" /><G77/><T28/><D132/><U74/><E74/><V37/><F72/><W54/><G68/><T12/><D42/><U126/><E126/><V2/><F79/><W97/><G44/><T25/><D61/><U14/><E0/><V36/><F46/><W134/><G134/><T83/><D66/><U135/><E135/><V125/><F125/><W40/><G40/><T104/><D104/><U103/><E65/><V124/><F124/><W73/><G73/><T127/><D127/><U30/><E30/><V29/><F29/><W38/><G38/><T115/><D115/><U3/><E3/><V75/><F75/><W122/><G67/><T91/><D128/><U98/><E98/><V23/><F23/><N who="3" m="8747" /><G122/><T24/><D80/><U49/><E49/><V88/><REACH who="2" step="1"/><F2/><REACH who="2" ten="489,292,10,199" step="2"/><W111/><G111/><T120/><D28/><U69/><E113/><V101/><F101/><N who="3" m="60583" /><G54/><AGARI ba="0,1" hai="4,5,7,9,11,36,37,39,54,59,62,88,94,96" machi="54" ten="50,3200,0" yaku="1,1,54,1,53,0" doraHai="26" doraHaiUra="33" who="2" fromWho="3" sc="489,0,292,0,10,42,199,-32" /><INIT seed="2,0,0,5,5,114" ten="489,292,52,167" oya="2" hai0="108,11,55,75,21,81,58,19,33,124,128,10,68" hai1="97,85,77,84,92,37,90,135,130,3,71,46,83" hai2="70,48,53,87,113,49,95,126,101,22,29,1,50" hai3="116,51,65,14,39,111,44,23,26,86,47,69,63"/><V96/><F113/><W7/><G111/><T5/><D68/><U40/><E130/><V121/><F121/><W120/><G120/><T41/><D33/><U129/><E129/><V45/><F1/><W74/><G74/><T62/><D108/><U20/><E135/><V16/><F70/><W94/><G39/><T61/><D124/><U99/><E3/><V134/><F134/><W73/><G73/><T8/><D41/><U110/><E110/><V100/><F126/><W132/><G132/><T15/><D128/><U60/><REACH who="1" step="1"/><E20/><REACH who="1" ten="489,282,52,167" step="2"/><V106/><F29/><W105/><G23/><T59/><D21/><U4/><E4/><V24/><REACH who="2" step="1"/><F101/><REACH who="2" ten="489,282,42,167" step="2"/><W125/><G125/><T2/><D2/><U89/><E89/><AGARI ba="0,2" hai="16,22,24,45,48,49,50,53,87,89,95,96,100,106" machi="89" ten="40,7700,0" yaku="1,1,2,1,54,1,53,0" doraHai="114" doraHaiUra="104" who="2" fromWho="1" sc="489,0,282,-77,42,97,167,0" /><INIT seed="2,1,0,3,3,66" ten="489,205,139,167" oya="2" hai0="116,73,69,56,95,19,75,67,41,0,113,18,65" hai1="59,79,100,38,39,16,81,78,52,83,102,21,48" hai2="17,103,123,106,105,61,134,14,107,127,94,27,125" hai3="87,90,25,98,84,109,111,104,53,32,131,37,91"/><V96/><F123/><W44/><G131/><T46/><D0/><U62/><E38/><V45/><F134/><W76/><G32/><T31/><D69/><U120/><E39/><V3/><F3/><W130/><G25/><T68/><D68/><U82/><E62/><V89/><F45/><W80/><G130/><T12/><D113/><U9/><E9/><V108/><F108/><N who="3" m="41547" /><G87/><T117/><D31/><U28/><E28/><V34/><F34/><W132/><G132/><T64/><D95/><U63/><E63/><V115/><F27/><W24/><G24/><T60/><D19/><U135/><E120/><V112/><F61/><W29/><G29/><T2/><D2/><U13/><E135/><V92/><F14/><W50/><G37/><N who="0" m="21807" /><D75/><U43/><E43/><V4/><F4/><W128/><G128/><T97/><D97/><U15/><E15/><V40/><F40/><W22/><G22/><N who="0" m="11591" /><D73/><U74/><E74/><V8/><F17/><W86/><G86/><T85/><D85/><U72/><E72/><V55/><F8/><W7/><G7/><T99/><D99/><U30/><E30/><V42/><F42/><W33/><G33/><T58/><D60/><U47/><E47/><V1/><F1/><W110/><G110/><T88/><D88/><N who="3" m="33833" /><G98/><T93/><D93/><U23/><E23/><V121/><F121/><W51/><G51/><T124/><D67/><U54/><E54/><V49/><F112/><W114/><G114/><T70/><D65/><U20/><E21/><V26/><F115/><W77/><G77/><AGARI ba="1,0" hai="13,16,20,48,52,59,77,78,79,81,82,83,100,102" machi="77" ten="40,5200,0" yaku="8,1,54,2" doraHai="66" who="1" fromWho="3" sc="489,0,205,55,139,0,167,-55" /><INIT seed="3,0,0,1,2,74" ten="489,260,139,112" oya="3" hai0="131,108,71,85,78,130,115,54,117,107,106,11,77" hai1="57,95,81,28,61,99,96,88,5,41,7,25,14" hai2="48,33,79,134,24,1,31,16,47,132,101,87,113" hai3="22,111,51,109,80,29,84,112,97,35,64,9,75"/><W43/><G112/><T86/><D71/><U126/><E126/><V56/><F113/><W60/><G35/><T13/><D117/><U118/><E118/><V110/><F110/><N who="3" m="41995" /><G75/><T10/><D108/><U65/><E41/><V44/><F1/><W69/><G97/><T21/><D54/><U62/><E81/><N who="2" m="47551" /><F101/><W89/><G9/><T8/><D115/><U45/><E45/><V32/><F32/><W124/><G124/><T93/><D93/><N who="1" m="56359" /><E62/><V40/><F16/><W122/><G122/><T102/><D21/><N who="1" m="15407" /><E14/><V92/><F33/><W73/><G73/><T36/><D13/><U127/><E127/><V70/><F31/><W66/><G66/><T103/><D11/><U90/><AGARI ba="0,0" hai="5,7,57,61,65,90,95,99" m="15407,56359" machi="90" ten="30,2000,0" yaku="8,1,54,1" doraHai="74" who="1" fromWho="1" sc="489,-5,260,20,139,-5,112,-10" owari="484,58.4,280,8.0,134,-26.6,102,-39.8" /></mjloggm>