<mjloggm ver="2.3"><GO type="225" lobby="0"/><UN n0="%E3%80%93%E3%81%97%E3%83%BC%E3%82%89%E3%80%93" n1="%E3%80%90%E3%83%88%E3%83%AA%E3%83%A5%E3%83%95%E3%80%91" n2="%4B%2E%32%2E%4B%2E" n3="%6D%61%74%69%67%75%73%61" dan="16,16,17,16" rate="2163.22,2108.65,2183.37,2122.90" sx="M,M,M,M"/><TAIKYOKU oya="0"/><INIT seed="0,0,0,5,1,113" ten="250,250,250,250" oya="0" hai0="66,132,10,87,117,67,29,9,46,43,35,96,59" hai1="130,71,25,14,1,83,80,34,40,115,37,57,58" hai2="56,17,23,86,26,45,107,106,134,75,123,95,73" hai3="72,19,131,77,20,93,68,61,111,119,85,63,74"/><T129/><D129/><U4/><E115/><V51/><F123/><W5/><G5/><T2/><D132/><U41/><E71/><V91/><F134/><W104/><G104/><T50/><D96/><U52/><E130/><V100/><F56/><W109/><G131/><T101/><D101/><U33/><E1/><V0/><F0/><W48/><G48/><T135/><D135/><U42/><E37/><V24/><F24/><W102/><G77/><T6/><D10/><U54/><E25/><V94/><F94/><W15/><G85/><T125/><D125/><U133/><E133/><V65/><F65/><W82/><G68/><T110/><D110/><U128/><E128/><V18/><F18/><W38/><G38/><T122/><D122/><U99/><E99/><V16/><F17/><W124/><G124/><T7/><D7/><U36/><E36/><V22/><F22/><W81/><G19/><T53/><D87/><U62/><E14/><V90/><F90/><W8/><G20/><T79/><D79/><U89/><E89/><V27/><F27/><W47/><G102/><T114/><D114/><U69/><E69/><V88/><F91/><W126/><G126/><T78/><D78/><U108/><E4/><V127/><F127/><W121/><G121/><T112/><D112/><U3/><E3/><V12/><F26/><W97/><G97/><T103/><D103/><U116/><E108/><V13/><F13/><W118/><G15/><T98/><D98/><U70/><E70/><V44/><F100/><W32/><G111/><T120/><D120/><U60/><E33/><RYUUKYOKU ba="0,0" sc="250,0,250,0,250,0,250,0" /><INIT seed="1,1,0,1,3,21" ten="250,250,250,250" oya="1" hai0="134,5,7,40,62,36,76,30,9,127,20,129,22" hai1="23,117,47,124,44,59,64,66,101,85,68,93,43" hai2="123,103,11,4,3,14,107,115,77,118,90,17,1" hai3="37,61,74,45,32,26,50,95,121,57,87,109,71"/><U27/><E117/><V53/><F118/><W16/><G74/><T10/><D76/><U135/><E68/><V120/><F115/><W0/><G0/><N who="0" m="167" /><D62/><U41/><E135/><V79/><F1/><W80/><G121/><T98/><D98/><N who="1" m="59599" /><E85/><V126/><F126/><W39/><G109/><T18/><D40/><N who="1" m="15435" /><E124/><V100/><F79/><W130/><G130/><T25/><D36/><U55/><E66/><V33/><F33/><W105/><G105/><T38/><D38/><U51/><E64/><V65/><F77/><W34/><G71/><T48/><D48/><U58/><E58/><V110/><F110/><W42/><G39/><T106/><D106/><U119/><E119/><V133/><F133/><W24/><G37/><T56/><D56/><U31/><AGARI ba="1,0" hai="23,27,31,44,47,51,55,59" m="15435,59599" machi="31" ten="30,3000,0" yaku="8,1,52,1" doraHai="21" who="1" fromWho="1" sc="250,-11,250,33,250,-11,250,-11" /><INIT seed="1,2,0,4,5,116" ten="239,283,239,239" oya="1" hai0="110,21,97,8,95,105,22,10,17,60,9,124,46" hai1="27,122,49,6,44,15,45,70,120,85,89,90,91" hai2="53,52,1,23,61,80,123,108,47,119,114,107,57" hai3="39,37,32,73,35,82,20,56,101,63,25,76,40"/><U88/><E70/><V19/><F119/><W64/><G101/><T104/><D110/><U103/><E103/><V102/><F108/><W5/><G5/><T75/><D75/><U0/><E27/><V14/><F114/><W68/><G68/><T121/><D124/><U130/><E0/><V134/><F134/><W111/><G111/><T71/><D121/><U34/><E34/><V77/><F123/><W79/><G76/><T86/><D86/><U87/><E130/><V33/><F33/><W2/><G2/><T66/><D46/><U12/><E91/><V96/><F1/><W58/><G58/><T84/><D84/><U132/><E132/><V115/><F115/><W41/><G41/><T16/><D22/><U36/><E36/><V7/><F7/><W28/><REACH who="3" step="1"/><G37/><REACH who="3" ten="239,283,239,229" step="2"/><T18/><REACH who="0" step="1"/><D21/><REACH who="0" ten="229,283,239,229" step="2"/><U29/><E120/><V135/><F135/><W30/><G30/><T118/><D118/><U127/><E29/><V11/><F23/><W31/><G31/><T13/><D13/><U59/><E15/><V50/><F77/><W83/><G83/><T65/><D65/><U93/><E122/><V81/><AGARI ba="2,2" hai="11,14,19,47,50,52,53,57,61,80,81,96,102,107" machi="81" ten="30,2000,0" yaku="0,1,54,1" doraHai="116" who="2" fromWho="2" sc="229,-7,283,-12,239,46,229,-7" /><INIT seed="2,0,0,4,0,18" ten="222,271,285,222" oya="2" hai0="17,100,4,86,24,31,16,88,14,7,55,109,44" hai1="37,53,65,3,12,46,127,11,25,5,56,95,114" hai2="74,103,75,124,98,61,135,70,122,82,110,52,30" hai3="116,27,64,34,84,87,104,8,2,132,57,63,125"/><V29/><F122/><W20/><G116/><T71/><D71/><U108/><E108/><V130/><F130/><W83/><G104/><T23/><D109/><U77/><E114/><V48/><F110/><W78/><G34/><T66/><D66/><U106/><E106/><V94/><F124/><W128/><G128/><T43/><D100/><U118/><E65/><V105/><F135/><W112/><G125/><T42/><D55/><U36/><E118/><V67/><F105/><W22/><G132/><T91/><D91/><U102/><E77/><V0/><F0/><W97/><G112/><T111/><D111/><U117/><E46/><V126/><F126/><W131/><G97/><T6/><D44/><U39/><E117/><V69/><F69/><W41/><G41/><N who="0" m="15371" /><D14/><U62/><E127/><V80/><F75/><W10/><G131/><T40/><N who="0" m="15379" /><T54/><DORA hai="72" /><D54/><U101/><E3/><V51/><F51/><W120/><G2/><T89/><D89/><U15/><E15/><V107/><F107/><W47/><G47/><T121/><D121/><U1/><E1/><V26/><F74/><W49/><G120/><T92/><AGARI ba="0,0" hai="4,6,7,16,17,23,24,31,86,88,92" m="15379" machi="92" ten="40,8000,1" yaku="8,1,52,1,54,2" doraHai="18,72" who="0" fromWho="0" sc="222,80,271,-20,285,-40,222,-20" /><INIT seed="3,0,0,1,1,53" ten="302,251,245,202" oya="3" hai0="62,20,13,81,128,120,45,118,94,115,80,23,110" hai1="17,15,21,108,79,52,92,46,103,88,41,7,132" hai2="102,4,85,133,38,3,95,59,58,71,134,68,61" hai3="16,55,40,0,90,31,117,130,42,114,83,135,60"/><W67/><G114/><T105/><D105/><U56/><E108/><V101/><F38/><W65/><G117/><T51/><D118/><U5/><E79/><V86/><F4/><W119/><G0/><T36/><D36/><U27/><E103/><N who="2" m="39435" /><F3/><W82/><G119/><T125/><D120/><U12/><E132/><N who="2" m="50795" /><F95/><W96/><G31/><T77/><D110/><U70/><E70/><N who="2" m="26667" /><F58/><N who="3" m="34911" /><G135/><T116/><D94/><U54/><E54/><AGARI ba="0,0" hai="54,59,61,85,86" m="26667,50795,39435" machi="54" ten="30,2000,0" yaku="20,1,52,1" doraHai="53" who="2" fromWho="1" sc="302,0,251,-20,245,20,202,0" owari="302,40.2,231,-16.9,265,6.5,202,-29.8" /></mjloggm>