<mjloggm ver="2.3"><GO type="225" lobby="0"/><UN n0="%E3%83%A9%E3%82%B9%E7%8E%87%EF%BC%93%E5%89%B2" n1="%E6%B7%91%E5%A5%B3%E3%81%AE%E5%97%9C%E3%81%BF" n2="%33%74%72%65%65" n3="%E3%82%AF%E3%82%A3%E3%82%A6" dan="16,16,16,16" rate="2210.79,2130.67,2163.93,2071.51" sx="F,M,F,M"/><TAIKYOKU oya="0"/><INIT seed="0,0,0,0,3,16" ten="250,250,250,250" oya="0" hai0="56,84,0,33,34,100,96,88,118,102,99,135,1" hai1="127,119,113,128,20,124,78,107,132,92,57,24,4" hai2="5,83,87,106,85,51,11,114,86,130,110,67,10" hai3="103,60,108,69,41,97,73,76,35,101,133,32,15"/><T122/><D118/><U58/><E107/><V116/><F114/><W112/><G112/><T28/><D122/><U105/><E119/><V38/><F38/><W62/><G108/><T64/><D135/><U77/><E105/><V19/><F110/><W48/><G133/><T31/><D56/><N who="1" m="21611" /><E113/><V30/><F116/><W12/><G73/><T71/><D84/><U50/><E132/><V63/><F106/><W79/><G48/><T123/><D123/><U52/><E92/><V90/><F130/><W45/><G45/><T27/><D64/><U42/><E42/><V18/><F30/><W72/><G72/><T36/><D27/><U7/><E128/><V104/><F104/><W134/><G134/><T75/><D75/><U25/><E25/><V81/><F51/><W3/><G97/><T59/><D59/><N who="1" m="33175" /><E127/><V2/><F2/><W54/><G54/><T55/><D55/><U40/><E40/><V111/><F111/><W23/><G3/><T117/><D117/><U66/><E66/><V37/><F67/><W93/><G41/><T61/><D61/><U39/><E39/><V17/><F37/><W125/><G93/><T47/><D36/><U82/><E124/><V89/><F63/><W65/><G65/><T121/><D121/><U9/><E9/><N who="2" m="3083" /><F5/><N who="1" m="2121" /><E82/><AGARI ba="0,0" hai="17,18,19,81,82,83,85,86,87,89,90" m="3083" machi="82" ten="40,5200,0" yaku="28,2,8,1" doraHai="16" who="2" fromWho="1" sc="250,0,250,-52,250,52,250,0" /><INIT seed="1,0,0,0,1,20" ten="250,198,302,250" oya="1" hai0="80,63,5,27,34,6,68,81,121,89,118,130,62" hai1="24,99,37,35,135,61,112,74,73,54,104,96,133" hai2="107,71,51,97,13,75,116,127,108,124,125,47,70" hai3="66,87,82,11,1,44,69,85,79,9,40,111,65"/><U120/><E112/><V117/><F75/><W56/><G111/><T58/><D118/><N who="2" m="45674" /><F108/><W106/><G106/><T17/><D130/><U93/><E120/><V50/><F13/><W49/><G69/><N who="2" m="26121" /><F47/><W22/><G1/><T88/><D68/><U123/><E123/><V48/><F97/><W26/><G87/><T72/><D72/><U16/><E37/><V100/><F100/><W98/><G98/><T46/><D46/><U0/><E0/><V105/><AGARI ba="0,0" hai="48,50,51,105,107,124,125,127" m="26121,45674" machi="105" ten="50,6400,0" yaku="28,2,18,1" doraHai="20" who="2" fromWho="2" sc="250,-16,198,-32,302,64,250,-16" /><INIT seed="2,0,0,0,0,38" ten="234,166,366,234" oya="2" hai0="118,22,88,61,60,9,130,70,15,47,92,20,116" hai1="1,35,74,93,0,115,28,63,58,126,72,127,76" hai2="34,129,27,30,91,53,65,57,83,26,131,54,79" hai3="94,62,114,5,31,101,52,77,66,82,39,4,44"/><V12/><F65/><W37/><G37/><T11/><D130/><U106/><E106/><V133/><F133/><W19/><G114/><T71/><D47/><U43/><E115/><V42/><F27/><W16/><G31/><T29/><D29/><U17/><E93/><V49/><F91/><W105/><G105/><T89/><D92/><U99/><E99/><V86/><F12/><AGARI ba="0,0" hai="9,11,12,15,20,22,60,61,70,71,88,89,116,118" machi="12" ten="25,3200,0" yaku="22,2,54,1" doraHai="38" who="0" fromWho="2" sc="234,32,166,0,366,-32,234,0" /><INIT seed="3,0,0,3,0,74" ten="266,166,334,234" oya="3" hai0="97,93,25,108,24,8,110,41,65,102,3,111,119" hai1="5,85,71,49,36,72,28,2,21,120,40,7,73" hai2="105,106,11,103,129,56,109,123,112,22,70,63,16" hai3="52,133,46,39,58,91,89,107,61,17,12,134,75"/><W67/><G107/><T27/><D119/><U88/><E120/><V121/><F112/><W126/><G75/><T37/><D65/><U69/><E36/><V66/><F109/><W62/><G126/><T4/><D41/><U44/><E72/><V59/><F129/><W9/><G39/><AGARI ba="0,0" hai="3,4,8,24,25,27,37,39,93,97,102,108,110,111" machi="39" ten="50,1600,0" yaku="14,1" doraHai="74" who="0" fromWho="3" sc="266,16,166,0,334,0,234,-16" owari="282,8.2,166,-33.4,334,43.4,218,-18.2" /></mjloggm>