<mjloggm ver="2.3"><GO type="225" lobby="0"/><UN n0="%E3%83%81%E3%83%83%E3%82%BF%E3%82%BD%E3%83%BC" n1="%E3%82%B3%E3%83%90%E3%83%AC%E3%82%A4" n2="%E5%A4%8F%E9%88%B4%E9%88%B4%E5%A4%8F" n3="%77%72%77%72%77%72%77%72" dan="16,16,16,16" rate="2117.10,2205.01,2128.90,2147.31" sx="F,M,F,M"/><TAIKYOKU oya="0"/><INIT seed="0,0,0,2,1,51" ten="250,250,250,250" oya="0" hai0="113,13,77,3,108,2,59,82,54,49,41,114,18" hai1="26,68,31,86,36,122,115,6,74,93,58,117,106" hai2="15,10,98,131,7,71,39,64,9,127,4,133,57" hai3="109,100,83,89,0,101,105,76,85,107,120,46,30"/><T92/><D108/><U50/><E74/><V78/><F71/><W8/><G30/><T32/><D32/><U110/><E106/><N who="3" m="40458" /><G46/><T87/><D41/><U126/><E36/><V43/><F127/><W124/><G8/><T42/><D42/><U116/><E68/><V44/><F133/><W19/><G19/><T90/><D2/><U53/><E126/><V17/><F131/><W84/><G0/><T102/><D102/><N who="3" m="39529" /><G124/><T63/><D63/><U22/><E110/><V118/><F98/><W29/><G29/><T121/><D121/><U96/><E122/><V11/><F78/><W24/><G24/><T130/><D130/><U38/><E38/><V75/><F75/><N who="3" m="43423" /><G109/><T66/><D66/><U73/><E73/><V34/><F34/><W135/><G120/><T27/><D27/><U119/><E115/><V112/><F112/><W40/><G40/><T91/><D3/><U123/><E123/><V132/><F64/><W94/><G135/><T81/><D113/><U14/><E14/><V61/><F132/><W35/><G35/><T56/><D114/><U47/><E6/><V69/><F69/><W1/><G1/><T16/><D59/><U70/><E70/><V20/><F4/><W60/><G60/><T52/><D54/><U65/><E65/><N who="2" m="39087" /><F7/><W37/><G37/><T79/><D13/><U45/><E47/><V21/><F20/><W129/><G129/><T103/><D18/><U128/><E128/><V28/><F28/><W25/><G25/><T134/><D134/><U62/><E31/><V97/><F118/><W5/><G5/><T48/><D16/><RYUUKYOKU ba="0,0" sc="250,-15,250,-15,250,15,250,15" hai2="9,10,11,15,17,21,39,43,44,97" hai3="84,85,89,94" /><INIT seed="1,1,0,5,0,5" ten="235,235,265,265" oya="1" hai0="122,53,77,6,133,31,114,19,26,60,75,72,63" hai1="66,97,119,7,87,116,10,103,104,82,21,40,57" hai2="54,48,110,124,113,22,105,13,56,79,98,107,55" hai3="28,47,88,46,117,12,109,123,89,90,8,70,42"/><U100/><E103/><V93/><F110/><W61/><G123/><T39/><D114/><U65/><E40/><V27/><F124/><W64/><G109/><T128/><D39/><U78/><E21/><V58/><F113/><W112/><G112/><T76/><D122/><U74/><E74/><V115/><F79/><W15/><G117/><T38/><D38/><U126/><E126/><V67/><F67/><W68/><G28/><T49/><D19/><U34/><E34/><V129/><F13/><W9/><G70/><T59/><D128/><U132/><E132/><V85/><F85/><W52/><G52/><T37/><D37/><U4/><E4/><V69/><F69/><W35/><G35/><T127/><D127/><U135/><E135/><V24/><F24/><W86/><G86/><T11/><D133/><U1/><REACH who="1" step="1"/><E66/><REACH who="1" ten="235,225,265,265" step="2"/><V62/><F115/><W17/><G42/><T91/><D72/><U120/><E120/><V43/><F43/><W23/><REACH who="3" step="1"/><G23/><REACH who="3" ten="235,225,265,255" step="2"/><N who="0" m="15839" /><D75/><U2/><E2/><V111/><F111/><W131/><G131/><T16/><D53/><U41/><E41/><V45/><F129/><W30/><G30/><T0/><D0/><U3/><E3/><V50/><F22/><W33/><G33/><T25/><D11/><U51/><E51/><V121/><F121/><W108/><G108/><T36/><D49/><U94/><E94/><V84/><F50/><W130/><G130/><T96/><D36/><U102/><E102/><V118/><F48/><W99/><G99/><T32/><D96/><U125/><E125/><V92/><F98/><W80/><G80/><RYUUKYOKU ba="1,2" sc="235,-15,225,15,265,-15,255,15" hai1="1,7,10,57,65,78,82,87,97,100,104,116,119" hai3="8,9,12,15,17,46,47,61,64,68,88,89,90" /><INIT seed="1,2,2,3,4,38" ten="220,240,250,270" oya="1" hai0="67,85,52,24,95,89,123,124,66,73,103,40,60" hai1="7,102,10,14,35,96,97,74,11,107,92,1,31" hai2="50,6,53,75,87,133,130,121,106,63,126,42,113" hai3="64,37,4,117,72,82,46,76,17,26,112,5,58"/><U23/><E74/><V94/><F121/><W81/><G112/><T70/><D124/><U13/><E35/><V56/><F106/><W108/><G108/><T22/><D123/><U21/><E31/><V98/><F75/><W18/><G117/><T129/><D129/><U19/><REACH who="1" step="1"/><E14/><REACH who="1" ten="220,230,250,270" step="2"/><V116/><F116/><W32/><G32/><T99/><D73/><U30/><E30/><V55/><F126/><W28/><G28/><T33/><D33/><U86/><E86/><V77/><F113/><W29/><G29/><T65/><D24/><U43/><E43/><V83/><F130/><W49/><G26/><T135/><D135/><U80/><E80/><V20/><F42/><W91/><G82/><T101/><D40/><U47/><E47/><N who="2" m="27871" /><F133/><W132/><G132/><T78/><D78/><U39/><E39/><V48/><F87/><N who="3" m="50671" /><G76/><T15/><D85/><U41/><E41/><V119/><F83/><W122/><G37/><T109/><D109/><U27/><E27/><V0/><F77/><W131/><G72/><T51/><D70/><U88/><AGARI ba="2,3" hai="1,7,10,11,13,19,21,23,88,92,96,97,102,107" machi="88" ten="20,12000,1" yaku="1,1,0,1,7,1,54,1,53,1" doraHai="38" doraHaiUra="12" who="1" fromWho="1" sc="220,-42,230,156,250,-42,270,-42" /><INIT seed="1,3,0,1,5,120" ten="178,386,208,228" oya="1" hai0="21,113,94,14,103,114,65,39,26,96,37,40,34" hai1="84,89,83,69,101,1,86,87,3,44,134,135,31" hai2="19,12,63,112,130,131,85,82,124,78,57,5,30" hai3="16,132,7,62,0,9,76,95,50,25,24,116,121"/><U88/><E69/><V98/><F124/><W2/><G76/><T45/><D37/><U55/><E31/><V102/><F5/><W52/><G121/><T33/><D14/><U75/><E55/><V80/><F30/><W77/><G77/><T35/><REACH who="0" step="1"/><D65/><REACH who="0" ten="168,386,208,228" step="2"/><U49/><E3/><V6/><F112/><W22/><G0/><T23/><D23/><U42/><E1/><V41/><F131/><W109/><G22/><T106/><D106/><U68/><E135/><V71/><F130/><W90/><G132/><T128/><D128/><U17/><E134/><V10/><F6/><W105/><G7/><T93/><D93/><U32/><E32/><V91/><F71/><W38/><G95/><T54/><D54/><U108/><E68/><V117/><F117/><W47/><G38/><T110/><D110/><U56/><E108/><V126/><F126/><W43/><G105/><T125/><D125/><U51/><E83/><N who="2" m="49599" /><F41/><W46/><G109/><T48/><D48/><U115/><E115/><V122/><F122/><W104/><G104/><T133/><D133/><U119/><E119/><V20/><F20/><W64/><G116/><T11/><D11/><U107/><E107/><V59/><F82/><W73/><G2/><T127/><D127/><U92/><E92/><N who="2" m="58695" /><F63/><W111/><G62/><T129/><D129/><U28/><E51/><V53/><F53/><W8/><G52/><T60/><D60/><U100/><E49/><V18/><F18/><AGARI ba="3,1" hai="18,21,26,33,34,35,39,40,45,94,96,103,113,114" machi="18" ten="40,1300,0" yaku="1,1,53,0" doraHai="120" doraHaiUra="81" who="0" fromWho="2" sc="168,32,386,0,208,-22,228,0" /><INIT seed="2,0,0,4,5,92" ten="200,386,186,228" oya="2" hai0="127,134,58,84,96,46,121,79,73,12,50,68,8" hai1="125,18,70,55,88,39,54,129,97,78,103,81,100" hai2="41,31,52,64,89,111,72,131,32,22,119,115,102" hai3="122,62,53,35,44,57,118,6,86,71,1,11,112"/><V95/><F119/><W126/><G118/><T108/><D121/><U132/><E70/><V77/><F115/><W26/><G122/><T85/><D68/><U45/><E39/><V130/><F32/><W83/><G126/><T133/><D108/><U80/><E125/><V75/><F102/><W17/><G112/><T67/><D127/><U38/><E38/><V128/><F111/><W74/><G71/><T135/><D73/><U33/><E33/><V124/><F77/><W105/><G105/><T10/><D96/><U14/><E132/><V34/><F34/><W23/><G44/><T114/><D114/><U60/><E129/><V43/><F52/><N who="1" m="20009" /><E45/><V48/><F64/><W98/><G98/><T90/><D79/><U113/><E60/><V5/><F5/><W91/><G35/><T65/><D58/><U21/><E113/><V109/><F124/><W107/><G107/><T69/><D69/><U76/><E78/><V63/><F63/><W28/><G74/><N who="2" m="28201" /><F48/><W42/><G42/><N who="2" m="15881" /><F109/><W16/><AGARI ba="0,0" hai="1,6,11,16,17,23,26,28,53,57,62,83,86,91" machi="16" ten="30,2000,0" yaku="0,1,54,1" doraHai="92" who="3" fromWho="3" sc="200,-5,386,-5,186,-10,228,20" /><INIT seed="3,0,0,2,2,99" ten="195,381,176,248" oya="3" hai0="75,111,46,117,25,107,34,60,19,125,80,58,74" hai1="63,87,93,12,126,17,56,32,31,95,84,103,79" hai2="124,35,72,113,128,112,110,109,10,33,44,129,11" hai3="106,108,29,130,119,92,97,85,133,70,131,66,2"/><W73/><G2/><T43/><D117/><U100/><E126/><V24/><F72/><W49/><G73/><T51/><D125/><U4/><E4/><V18/><F44/><W1/><G1/><T65/><D111/><N who="2" m="42506" /><F124/><W20/><G108/><T81/><D107/><U135/><E31/><N who="2" m="19687" /><F35/><W39/><G39/><T21/><D75/><U127/><E32/><V8/><F18/><W41/><G133/><T45/><D74/><U105/><E105/><V101/><F101/><N who="1" m="38985" /><E135/><V42/><F42/><W114/><G114/><AGARI ba="0,0" hai="8,10,11,112,113,114,128,129" m="19687,42506" machi="114" ten="40,5200,0" yaku="14,1,34,2" doraHai="99" who="2" fromWho="3" sc="195,0,381,0,176,52,248,-52" owari="195,-30.5,381,48.1,228,2.8,196,-20.4" /></mjloggm>