<mjloggm ver="2.3"><GO type="225" lobby="0"/><UN n0="%E5%84%AA%40%41%42%43" n1="%77%72%77%72%77%72%77%72" n2="%65%76%69%61%6E%36%31%39" n3="%E3%81%A4%E3%81%A3%E3%81%B1%E3%82%8A%E3%83%9D%E3%83%BC%E3%83%AB" dan="17,16,16,17" rate="2149.34,2183.11,2105.03,2165.24" sx="M,M,M,M"/><TAIKYOKU oya="0"/><INIT seed="0,0,0,4,1,97" ten="250,250,250,250" oya="0" hai0="87,92,63,42,61,7,9,134,25,121,89,119,30" hai1="50,77,79,106,103,130,53,104,78,40,60,29,95" hai2="22,65,39,44,115,14,118,10,36,72,68,132,6" hai3="34,67,59,18,16,109,5,124,133,117,113,99,58"/><T110/><D119/><U73/><E73/><V94/><F115/><W38/><G117/><T35/><D121/><U69/><E130/><V15/><F72/><W91/><G113/><T88/><D134/><U41/><E29/><V47/><F132/><W11/><G34/><T46/><D89/><U62/><E95/><V75/><F75/><W4/><G38/><T54/><D54/><U43/><E69/><V111/><F47/><W108/><G133/><T13/><REACH who="0" step="1"/><D110/><REACH who="0" ten="240,250,250,250" step="2"/><N who="3" m="42601" /><G124/><T48/><AGARI ba="0,1" hai="7,9,13,25,30,35,42,46,48,61,63,87,88,92" machi="48" ten="20,7800,0" yaku="1,1,0,1,7,1,54,1,53,0" doraHai="97" doraHaiUra="105" who="0" fromWho="0" sc="240,88,250,-26,250,-26,250,-26" /><INIT seed="0,1,0,5,3,101" ten="328,224,224,224" oya="0" hai0="74,50,131,96,27,8,53,35,2,44,85,7,67" hai1="72,121,66,58,77,41,126,95,116,102,26,127,23" hai2="16,125,133,42,28,70,94,93,82,124,0,106,84" hai3="135,91,54,118,109,31,100,43,128,107,22,130,89"/><T64/><D74/><U92/><E116/><V108/><F70/><W120/><G118/><T24/><D131/><N who="3" m="50217" /><G109/><T37/><D37/><U111/><E111/><V49/><F0/><W69/><G135/><T52/><D35/><U47/><E121/><V18/><F28/><W33/><G120/><T15/><D2/><U81/><E58/><V98/><F133/><W104/><G33/><T129/><D129/><U29/><E66/><N who="0" m="25129" /><D96/><U79/><E79/><V103/><F108/><W20/><G69/><T36/><D36/><U40/><E40/><V46/><F94/><W10/><G43/><N who="0" m="24863" /><D85/><U3/><E3/><V114/><F114/><W63/><G100/><T6/><D7/><U80/><E80/><V56/><F93/><W78/><G78/><T25/><AGARI ba="1,0" hai="6,8,15,24,25,27,52,53" m="24863,25129" machi="25" ten="30,3000,0" yaku="8,1,54,1" doraHai="101" who="0" fromWho="0" sc="328,33,224,-11,224,-11,224,-11" /><INIT seed="0,2,0,5,5,100" ten="361,213,213,213" oya="0" hai0="123,95,42,56,85,75,118,96,1,126,92,11,120" hai1="107,77,76,33,46,35,24,68,37,18,98,105,128" hai2="80,59,50,8,108,28,122,55,79,116,101,71,110" hai3="83,9,64,3,13,72,69,0,58,106,10,114,22"/><T20/><D75/><U82/><E68/><V70/><F122/><W89/><G69/><T99/><D42/><U7/><E128/><V102/><F28/><W34/><G34/><T135/><D20/><U81/><E7/><V62/><F8/><W38/><G106/><T115/><D56/><U53/><E18/><V25/><F25/><W47/><G38/><T44/><D44/><U12/><E12/><V2/><F2/><W88/><G114/><T63/><D63/><U125/><E125/><V57/><F116/><W74/><G47/><T61/><D61/><U27/><E98/><V109/><F71/><W124/><G22/><T103/><D11/><U86/><E46/><V121/><F121/><W5/><G124/><T17/><D17/><U132/><E132/><V32/><F32/><W30/><G30/><T29/><D29/><U78/><E53/><N who="2" m="34095" /><F70/><W130/><G130/><T23/><D23/><U51/><E51/><V134/><F134/><W48/><G48/><T133/><D1/><N who="3" m="585" /><G10/><T90/><D126/><U6/><E78/><V131/><F131/><W65/><G58/><T97/><D115/><U67/><E67/><N who="3" m="25674" /><G74/><AGARI ba="2,0" hai="50,55,59,74,79,80,101,102,108,109,110" m="34095" machi="74" ten="30,1000,0" yaku="14,1" doraHai="100" who="2" fromWho="3" sc="361,0,213,0,213,16,213,-16" /><INIT seed="1,0,0,1,0,22" ten="361,213,229,197" oya="1" hai0="94,80,46,36,83,109,9,95,56,130,102,16,62" hai1="81,27,90,2,17,52,87,131,49,55,101,119,122" hai2="20,127,72,84,133,47,34,73,96,51,50,65,4" hai3="15,107,97,40,129,39,11,61,29,110,68,126,12"/><U117/><E122/><V74/><F34/><W32/><G110/><T58/><D109/><U5/><E131/><V63/><F4/><W124/><G129/><T37/><D130/><U35/><E101/><V92/><F133/><W121/><G121/><T19/><D9/><U38/><E38/><V91/><F127/><N who="3" m="48683" /><G40/><T99/><D46/><U43/><E43/><V88/><F20/><W78/><G78/><T42/><D42/><U113/><E113/><V25/><F25/><N who="3" m="18479" /><G39/><T45/><D45/><U10/><E55/><V116/><F116/><W67/><G11/><T115/><D102/><AGARI ba="0,0" hai="12,15,61,67,68,97,102,107" m="18479,48683" machi="102" ten="30,3900,0" yaku="25,1,18,1,52,1" doraHai="22" who="3" fromWho="0" sc="361,-39,213,0,229,0,197,39" /><INIT seed="2,0,0,0,5,81" ten="322,213,229,236" oya="2" hai0="131,40,63,36,94,32,104,75,38,2,58,135,43" hai1="65,106,66,107,60,44,100,21,85,97,76,30,111" hai2="89,31,129,69,95,11,92,70,27,39,9,88,123" hai3="50,14,116,35,13,78,6,122,28,80,62,105,132"/><V45/><F123/><W19/><G122/><T17/><D104/><U133/><E111/><V112/><F112/><W110/><G116/><T101/><D75/><U54/><E133/><V121/><F129/><W117/><G105/><T61/><D2/><U124/><E124/><V33/><F121/><W47/><G117/><T91/><D101/><U48/><E107/><V0/><F39/><W90/><G132/><T134/><D32/><U71/><E65/><V10/><F0/><W3/><G3/><T1/><D1/><U130/><E130/><V52/><F52/><N who="3" m="29791" /><G35/><T86/><D131/><U51/><E51/><V128/><F45/><W34/><G34/><T72/><D72/><U113/><E113/><V99/><REACH who="2" step="1"/><F128/><REACH who="2" ten="322,213,219,236" step="2"/><W126/><G126/><T87/><D135/><U102/><E102/><V7/><F7/><W96/><G6/><T12/><D134/><U125/><E125/><V127/><F127/><W108/><G108/><T120/><D120/><U77/><REACH who="1" step="1"/><E85/><AGARI ba="0,1" hai="9,10,11,27,31,33,69,70,85,88,89,92,95,99" machi="85" ten="40,7700,0" yaku="1,1,52,1,54,1,53,0" doraHai="81" doraHaiUra="79" who="2" fromWho="1" sc="322,0,213,-77,219,87,236,0" /><INIT seed="2,1,0,4,4,68" ten="322,136,306,236" oya="2" hai0="23,134,37,85,116,110,11,100,131,27,83,113,112" hai1="73,72,34,114,89,28,102,66,77,47,46,67,60" hai2="133,3,81,52,53,63,40,55,130,50,78,111,127" hai3="106,41,44,95,121,1,135,88,132,128,82,33,4"/><V119/><F3/><W35/><G106/><T9/><D37/><U105/><E114/><V70/><F119/><W107/><G107/><T124/><D110/><U80/><E73/><V92/><F133/><N who="3" m="51275" /><G121/><T8/><D134/><U36/><E89/><V103/><F130/><W109/><G128/><T5/><D131/><U32/><E67/><V31/><F127/><W94/><G94/><T91/><D124/><U96/><E46/><N who="2" m="25927" /><F70/><W30/><G82/><T98/><D116/><U45/><E45/><V97/><F31/><W48/><G30/><T76/><D76/><U16/><E16/><V14/><F14/><W99/><G109/><T26/><D5/><U71/><REACH who="1" step="1"/><E28/><REACH who="1" ten="322,126,306,236" step="2"/><V51/><F111/><W18/><G18/><T19/><D112/><U129/><E129/><V7/><F7/><W12/><G1/><T2/><D113/><U120/><E120/><V86/><F63/><W65/><G65/><T126/><D2/><U59/><E59/><AGARI ba="1,1" hai="51,52,53,55,59,78,81,86,92,97,103" m="25927" machi="59" ten="30,2900,0" yaku="8,1,54,1" doraHai="68" who="2" fromWho="1" sc="322,0,126,-32,306,42,236,0" /><INIT seed="2,2,0,3,2,63" ten="322,94,348,236" oya="2" hai0="80,44,21,27,71,28,35,108,12,70,43,20,84" hai1="51,113,67,39,97,123,100,74,60,94,16,31,48" hai2="109,77,107,0,126,130,115,6,133,72,90,26,52" hai3="118,79,59,65,75,46,92,103,110,62,96,87,127"/><V88/><F115/><W19/><G118/><T24/><D108/><U58/><E113/><V66/><F107/><W114/><G110/><T81/><D12/><U64/><E39/><V55/><F6/><W121/><G114/><T10/><D10/><U33/><E123/><V42/><F77/><W57/><G121/><T125/><D35/><U73/><E33/><V78/><F42/><W102/><G127/><T22/><D125/><U34/><E34/><V18/><F78/><W2/><G2/><T68/><D28/><U13/><E31/><V124/><F72/><W14/><G75/><T132/><D132/><U135/><E135/><V69/><F18/><W41/><G102/><T37/><REACH who="0" step="1"/><D84/><REACH who="0" ten="312,94,348,236" step="2"/><U89/><E74/><V117/><F126/><W53/><G87/><T105/><D105/><U122/><E73/><V83/><F124/><W15/><G15/><T56/><D56/><U116/><E122/><V99/><F133/><W29/><G59/><T45/><D45/><U7/><E116/><V85/><F117/><W82/><G14/><T5/><D5/><U61/><E7/><V93/><F109/><W9/><G29/><T8/><D8/><U30/><E30/><V11/><F11/><W1/><G9/><T111/><D111/><U104/><E104/><V36/><F26/><AGARI ba="2,1" hai="20,21,22,24,26,27,37,43,44,68,70,71,80,81" machi="26" ten="50,3200,0" yaku="1,1,53,1" doraHai="63" doraHaiUra="38" who="0" fromWho="2" sc="312,48,94,0,348,-38,236,0" /><INIT seed="3,0,0,4,0,23" ten="360,94,310,236" oya="3" hai0="39,46,132,98,82,52,99,70,13,109,66,32,118" hai1="124,5,122,127,55,76,71,86,62,126,101,89,59" hai2="73,41,74,53,110,114,130,75,61,60,0,123,17" hai3="105,93,20,18,29,129,25,27,30,54,69,16,58"/><W40/><G105/><T24/><D118/><U7/><E122/><V108/><F0/><W106/><G106/><T11/><D109/><N who="2" m="42090" /><F41/><W94/><G69/><T80/><D132/><U34/><E76/><V115/><F123/><W117/><G117/><T47/><D39/><U31/><E86/><V8/><F8/><W10/><G40/><T64/><D70/><U111/><E111/><V95/><F95/><N who="3" m="36363" /><G129/><T91/><D24/><N who="3" m="9289" /><G10/><T79/><D32/><U44/><E101/><V131/><F53/><W78/><G78/><T68/><D52/><U102/><E102/><V100/><F100/><W6/><G6/><T125/><D79/><U26/><E89/><V43/><F17/><N who="3" m="6763" /><G20/><T37/><D68/><U19/><E19/><V15/><F15/><W88/><G88/><T135/><D37/><U2/><E71/><V134/><F43/><W128/><G128/><N who="2" m="49193" /><F134/><W56/><G54/><T107/><D135/><U21/><E34/><V42/><F42/><W35/><G35/><T12/><D107/><U3/><REACH who="1" step="1"/><E44/><REACH who="1" ten="360,84,310,236" step="2"/><V4/><F4/><AGARI ba="0,1" hai="2,3,4,5,7,21,26,31,55,59,62,124,126,127" machi="4" ten="40,8000,1" yaku="1,1,2,1,18,1,52,1,53,1" doraHai="23" doraHaiUra="22" who="1" fromWho="2" sc="360,0,84,90,310,-80,236,0" owari="360,46.0,174,-32.6,230,-17.0,236,3.6" /></mjloggm>