<mjloggm ver="2.3"><GO type="225" lobby="0"/><UN n0="%E6%81%A5%E6%99%92%E3%81%97" n1="%E3%81%A4%E3%81%A3%E3%81%B1%E3%82%8A%E3%83%9D%E3%83%BC%E3%83%AB" n2="%E6%A1%9C%E8%8A%B1%E9%96%83%E3%80%85" n3="%E6%98%93%E5%88%A9%E8%96%A9%E4%BC%AF" dan="17,17,16,17" rate="2161.78,2136.96,2140.41,2141.18" sx="M,M,M,F"/><TAIKYOKU oya="0"/><INIT seed="0,0,0,3,1,18" ten="250,250,250,250" oya="0" hai0="14,62,124,53,129,110,83,3,13,38,7,51,92" hai1="61,36,77,114,23,89,112,123,76,94,74,0,134" hai2="127,15,16,9,109,86,66,79,113,71,48,25,96" hai3="101,91,27,10,126,21,54,8,120,107,52,115,117"/><T82/><D38/><U24/><E123/><V63/><F113/><N who="1" m="43625" /><E134/><V57/><F109/><W34/><G115/><T121/><D110/><U41/><E0/><V132/><F132/><W102/><G117/><T11/><D121/><U95/><E74/><V19/><F127/><W17/><G126/><T28/><D124/><U119/><E119/><V106/><F106/><W122/><G122/><T85/><D129/><U108/><E108/><V35/><F96/><W44/><G34/><T43/><D28/><N who="1" m="17439" /><E61/><V73/><F73/><W105/><G105/><T135/><D135/><U100/><E100/><N who="3" m="38506" /><G107/><T111/><D111/><U2/><E2/><V133/><F133/><W72/><G72/><T29/><D3/><U88/><E41/><V40/><F35/><W75/><G75/><T67/><D43/><U78/><E36/><V12/><F25/><W128/><G128/><T68/><D29/><U1/><E1/><V55/><F40/><W116/><G116/><T98/><D13/><U84/><E89/><V103/><F103/><W59/><G120/><T4/><D7/><U50/><E50/><V30/><F30/><W42/><G91/><N who="0" m="53359" /><D51/><U131/><E131/><V99/><F15/><W46/><G42/><T80/><D53/><N who="3" m="20585" /><G59/><T97/><D68/><U5/><E5/><V93/><F12/><W20/><G21/><T47/><D47/><AGARI ba="0,0" hai="8,10,17,20,27,44,46,47" m="20585,38506" machi="47" ten="30,3900,0" yaku="8,1,52,1,54,1" doraHai="18" who="3" fromWho="0" sc="250,-39,250,0,250,0,250,39" /><INIT seed="1,0,0,5,4,0" ten="211,250,250,289" oya="1" hai0="72,23,81,20,85,73,3,12,78,50,131,123,130" hai1="129,39,10,6,51,92,9,34,99,107,117,103,116" hai2="108,48,86,22,52,111,47,61,119,58,28,43,14" hai3="17,55,66,67,82,120,121,18,83,71,105,122,26"/><U118/><E129/><V77/><F119/><W36/><G36/><T19/><D3/><U13/><E39/><V42/><F42/><W70/><G26/><T35/><D35/><U133/><E133/><V90/><F77/><W95/><G95/><T74/><D123/><U7/><E34/><V44/><F44/><W32/><G32/><T97/><D97/><U37/><E37/><V89/><F28/><W1/><G1/><T110/><D110/><N who="2" m="42026" /><F86/><W59/><G59/><T124/><D124/><U98/><E51/><V53/><F53/><W15/><G55/><T76/><D50/><U101/><E118/><V57/><F57/><W84/><G105/><T64/><D64/><U4/><REACH who="1" step="1"/><E10/><REACH who="1" ten="211,240,250,289" step="2"/><V112/><F112/><W134/><G134/><T113/><D113/><U29/><E29/><V102/><F102/><W45/><G121/><T8/><REACH who="0" step="1"/><D76/><REACH who="0" ten="201,240,250,289" step="2"/><U21/><E21/><AGARI ba="0,2" hai="8,12,19,20,21,23,72,73,74,78,81,85,130,131" machi="21" ten="50,8000,1" yaku="1,1,2,1,53,3" doraHai="0" doraHaiUra="106" who="0" fromWho="1" sc="201,100,240,-80,250,0,289,0" /><INIT seed="2,0,0,5,0,107" ten="301,160,250,289" oya="2" hai0="71,120,11,18,60,27,124,75,133,20,118,6,92" hai1="25,127,67,116,49,110,69,56,32,1,36,22,132" hai2="85,54,101,109,89,12,53,125,47,111,15,99,94" hai3="102,130,40,87,29,45,28,34,33,4,62,50,83"/><V23/><F125/><W95/><G130/><T96/><D120/><U73/><RYUUKYOKU type="yao9" ba="0,0" sc="301,0,160,0,250,0,289,0" hai1="1,22,25,32,36,49,56,67,69,73,110,116,127,132" /><INIT seed="2,1,0,3,0,35" ten="301,160,250,289" oya="2" hai0="64,85,133,86,65,121,4,44,123,100,58,53,113" hai1="40,8,78,7,32,91,31,127,0,59,75,19,24" hai2="37,89,93,41,26,117,73,9,118,131,95,52,13" hai3="11,132,103,81,106,48,60,28,22,38,112,51,122"/><V17/><F73/><W3/><G38/><T134/><D100/><U74/><E127/><V39/><F131/><W128/><G122/><N who="0" m="46603" /><D4/><U56/><E40/><V23/><F95/><W111/><G132/><N who="0" m="50795" /><D113/><U50/><E50/><V115/><F115/><W67/><G111/><T29/><D29/><U72/><E78/><V43/><F39/><W98/><G128/><T99/><D99/><U126/><E126/><V88/><F89/><W102/><G102/><T14/><D14/><U84/><REACH who="1" step="1"/><E19/><REACH who="1" ten="301,150,250,289" step="2"/><V66/><F37/><W42/><G42/><T12/><D44/><U45/><E45/><V62/><F118/><W114/><G114/><T120/><D120/><U135/><E135/><V5/><F117/><W61/><G112/><T15/><D65/><U116/><E116/><V129/><F129/><W97/><G67/><T87/><D64/><U105/><E105/><V54/><F43/><W27/><G106/><T21/><D53/><U25/><E25/><V96/><REACH who="2" step="1"/><F41/><REACH who="2" ten="301,150,240,289" step="2"/><W6/><G103/><T90/><D90/><U1/><E1/><V77/><F77/><W82/><G3/><T36/><D36/><U57/><E57/><AGARI ba="1,2" hai="5,9,13,17,23,26,52,54,57,62,66,88,93,96" machi="57" ten="30,18000,2" yaku="1,1,7,1,8,1,54,2,53,1" doraHai="35" doraHaiUra="2" who="2" fromWho="1" sc="301,0,150,-183,240,203,289,0" owari="301,10.1,-33,-53.3,443,54.3,289,-11.1" /></mjloggm>