<mjloggm ver="2.3"><GO type="225" lobby="0"/><UN n0="%E6%81%A5%E6%99%92%E3%81%97" n1="%77%72%77%72%77%72%77%72" n2="%E5%B8%86%E7%AB%8B%E5%A4%8F%E8%A1%A3" n3="%E4%BF%BA%E3%81%A8%E5%A6%96%E5%A4%A2" dan="16,17,17,16" rate="2212.85,2158.01,2159.53,2134.77" sx="M,M,M,F"/><TAIKYOKU oya="0"/><INIT seed="0,0,0,2,2,110" ten="250,250,250,250" oya="0" hai0="58,19,52,92,4,75,104,117,66,0,68,130,65" hai1="82,108,89,94,107,131,35,61,51,53,111,86,10" hai2="101,80,125,38,123,40,69,78,18,129,23,17,60" hai3="106,112,95,64,48,105,3,16,113,73,114,33,76"/><T26/><D117/><U79/><E35/><V98/><F123/><W70/><G3/><T7/><D104/><U102/><E131/><V30/><F125/><W67/><G33/><T128/><D75/><U56/><E10/><V34/><F129/><N who="0" m="49770" /><D92/><U14/><E14/><V20/><F40/><W32/><G32/><T122/><D122/><U29/><E29/><V120/><F38/><W96/><G48/><N who="0" m="30983" /><D0/><U12/><E12/><V124/><F124/><W31/><G31/><T21/><D68/><U85/><E102/><V5/><F5/><AGARI ba="0,0" hai="4,5,7,19,21,26,65,66" m="30983,49770" machi="5" ten="30,2900,0" yaku="19,1,54,1" doraHai="110" who="0" fromWho="2" sc="250,29,250,0,250,-29,250,0" /><INIT seed="0,1,0,3,4,122" ten="279,250,221,250" oya="0" hai0="20,37,85,62,101,119,27,0,43,2,23,42,118" hai1="108,126,18,87,109,8,9,48,128,52,135,29,66" hai2="1,26,31,125,49,46,54,80,82,120,19,92,25" hai3="81,47,112,38,94,133,24,115,103,3,78,7,79"/><T130/><D130/><U116/><E116/><V59/><F125/><W91/><G133/><T67/><D0/><U28/><E135/><V131/><F131/><W111/><G103/><T127/><D2/><U68/><E128/><V15/><F1/><W34/><G34/><T132/><D127/><U86/><E126/><V100/><F120/><W129/><G24/><T72/><D72/><U56/><E68/><V32/><F26/><W121/><G121/><T74/><D74/><U4/><E66/><V12/><F12/><W63/><G63/><T44/><D132/><U10/><E18/><V13/><F13/><W104/><G104/><T53/><D43/><U30/><REACH who="1" step="1"/><E4/><REACH who="1" ten="279,240,221,250" step="2"/><V117/><F117/><W73/><G7/><T76/><D67/><U45/><E45/><V95/><F46/><W97/><G47/><T84/><D118/><U14/><E14/><V41/><F41/><W75/><G3/><T55/><D119/><U90/><E90/><V88/><F100/><W77/><G129/><T61/><D101/><U57/><E57/><V65/><F65/><W107/><G77/><T40/><D44/><U16/><E16/><V114/><F114/><W60/><G112/><T58/><D58/><U134/><E134/><V22/><REACH who="2" step="1"/><F92/><REACH who="2" ten="279,240,211,250" step="2"/><W123/><G115/><T71/><D40/><U83/><E83/><V70/><F70/><W93/><G93/><T33/><D42/><U39/><E39/><V51/><F51/><W21/><G38/><T99/><D37/><U6/><E6/><V105/><F105/><W89/><G107/><T110/><D71/><U5/><E5/><RYUUKYOKU ba="1,2" sc="279,-15,240,15,211,15,250,-15" hai1="8,9,10,28,29,30,48,52,56,86,87,108,109" hai2="15,19,22,25,31,32,49,54,59,80,82,88,95" /><INIT seed="1,2,2,4,0,98" ten="264,255,226,235" oya="1" hai0="79,26,70,56,27,118,7,68,42,76,40,106,97" hai1="91,69,75,101,32,105,89,14,115,11,103,16,41" hai2="59,20,65,47,129,73,52,131,60,116,104,44,3" hai3="117,135,24,61,46,90,134,17,64,126,82,102,23"/><U58/><E115/><V55/><F73/><W57/><G126/><T12/><D118/><U125/><E69/><N who="2" m="42151" /><F20/><W130/><G117/><T33/><D56/><U54/><E75/><V49/><F104/><W119/><G119/><T74/><D74/><U78/><E32/><V88/><F88/><N who="1" m="33865" /><E105/><V124/><F3/><W113/><G113/><T120/><D106/><U127/><E78/><V31/><F31/><W128/><G46/><N who="2" m="17449" /><F116/><W28/><G17/><T87/><D12/><U5/><E41/><V9/><F9/><W39/><G39/><T111/><D7/><U121/><E121/><V108/><F108/><W2/><G2/><T67/><D111/><U107/><E107/><V35/><F35/><W99/><G90/><T13/><D13/><N who="1" m="5359" /><E127/><V100/><F100/><W19/><G82/><T43/><D43/><U21/><E125/><V66/><F124/><W62/><G62/><AGARI ba="2,2" hai="14,16,21,54,58,62,101,103" m="5359,33865" machi="62" ten="30,12000,1" yaku="8,1,52,2,54,2" doraHai="98" who="1" fromWho="3" sc="264,0,255,146,226,0,235,-126" /><INIT seed="1,3,0,1,5,83" ten="264,401,226,109" oya="1" hai0="120,22,97,114,26,105,60,116,79,53,80,127,124" hai1="6,23,63,73,67,14,74,132,98,65,131,88,19" hai2="129,59,113,4,54,62,119,93,40,27,75,55,70" hai3="18,101,86,2,28,109,115,125,5,36,104,17,1"/><U13/><E131/><V123/><F75/><W3/><G36/><T8/><D114/><U82/><E132/><V130/><F4/><W50/><G115/><T122/><D116/><U108/><E108/><V77/><F113/><W91/><G109/><T89/><D8/><U85/><E98/><V57/><F77/><W9/><G125/><N who="0" m="48203" /><D60/><U106/><E106/><V78/><F78/><W69/><G69/><T10/><D10/><U99/><E99/><V66/><F27/><W37/><G37/><T64/><D53/><U76/><E76/><V32/><F93/><W81/><G101/><N who="0" m="62639" /><D64/><U31/><E65/><V30/><F119/><W87/><G104/><T134/><D134/><U84/><E31/><V41/><F30/><W56/><G28/><N who="0" m="17495" /><D89/><N who="1" m="51351" /><E73/><AGARI ba="3,0" hai="73,79,80,120,122" m="17495,62639,48203" machi="73" ten="30,1000,0" yaku="18,1" doraHai="83" who="0" fromWho="1" sc="264,19,401,-19,226,0,109,0" /><INIT seed="2,0,0,0,0,125" ten="283,382,226,109" oya="2" hai0="4,116,26,20,60,132,45,67,90,35,10,7,42" hai1="64,33,1,31,46,63,131,96,11,105,84,83,89" hai2="15,19,126,95,113,65,100,74,69,102,79,61,28" hai3="16,128,13,8,98,50,82,0,72,41,55,3,114"/><V40/><F113/><W38/><G114/><T70/><D132/><U34/><E131/><V77/><F126/><W36/><G128/><T30/><D116/><U73/><E73/><V108/><F108/><W88/><G72/><T68/><D68/><N who="1" m="42015" /><E46/><V134/><F134/><W47/><G98/><T54/><D54/><U53/><E53/><V25/><F40/><W85/><REACH who="3" step="1"/><G36/><REACH who="3" ten="283,382,226,99" step="2"/><T112/><D112/><U5/><E96/><V119/><F119/><W51/><G51/><T109/><D109/><U6/><E84/><V21/><F74/><W110/><G110/><T52/><D60/><U71/><E105/><V92/><F102/><W130/><G130/><T66/><D70/><U48/><E71/><V18/><F100/><W2/><G2/><T43/><D67/><U91/><E48/><V99/><F99/><W122/><G122/><T56/><D66/><U14/><E1/><V81/><F61/><W76/><G76/><T39/><D39/><U93/><E89/><V104/><F65/><W103/><G103/><T17/><D90/><U75/><E91/><V87/><F77/><W29/><G29/><T44/><D30/><U121/><E75/><V57/><F28/><W133/><G133/><T127/><D127/><U9/><E31/><V118/><F118/><W120/><G120/><T129/><D129/><U78/><E121/><V107/><F69/><W80/><G80/><T37/><D37/><U94/><E78/><V27/><F79/><W49/><G49/><T32/><D35/><N who="1" m="13323" /><E83/><V111/><F81/><W62/><G62/><N who="0" m="36103" /><D32/><U123/><E123/><V86/><F111/><RYUUKYOKU ba="0,1" sc="283,-15,382,15,226,-15,99,15" hai1="5,6,9,11,14,93,94" hai3="0,3,8,13,16,38,41,47,50,55,82,85,88" /><INIT seed="3,1,1,4,1,33" ten="268,397,211,114" oya="3" hai0="95,64,67,28,120,100,81,77,65,90,102,52,56" hai1="106,46,40,14,29,130,10,114,3,79,135,32,132" hai2="96,18,111,58,30,117,127,49,6,59,126,60,17" hai3="121,98,9,24,133,128,116,70,13,45,37,124,38"/><W125/><G116/><T112/><D120/><U35/><E114/><V129/><F117/><W99/><G121/><T55/><D112/><U82/><E3/><V22/><F111/><W19/><G70/><T25/><D81/><U31/><E106/><V103/><F129/><W5/><G128/><T72/><D77/><U42/><E130/><V0/><F6/><W15/><G24/><T73/><D72/><U20/><E20/><V34/><F0/><W23/><G133/><N who="1" m="51274" /><E32/><V119/><F119/><W74/><G74/><T44/><D55/><U131/><E131/><V75/><F75/><W62/><G62/><N who="0" m="36103" /><D44/><U61/><E61/><V51/><F34/><W1/><G13/><T41/><D41/><N who="1" m="15979" /><E46/><V86/><F86/><W109/><G109/><T134/><D73/><N who="1" m="43375" /><E35/><V4/><F18/><AGARI ba="1,1" hai="10,14,18,29,31" m="43375,15979,51274" machi="18" ten="30,1000,0" yaku="20,1" doraHai="33" who="1" fromWho="2" sc="268,0,397,23,211,-13,114,0" owari="268,6.8,420,52.0,198,-20.2,114,-38.6" /></mjloggm>