<mjloggm ver="2.3"><GO type="225" lobby="0"/><UN n0="%E3%82%A4%E3%83%BC%E3%82%B1%E3%83%97%E3%83%A9" n1="%E3%81%BF%E3%81%BF%E3%81%9A" n2="%E6%98%93%E5%88%A9%E8%96%A9%E4%BC%AF" n3="%E4%BF%BA%E3%81%A8%E5%A6%96%E5%A4%A2" dan="17,18,17,16" rate="2221.92,2209.15,2199.46,2099.05" sx="M,M,F,F"/><TAIKYOKU oya="0"/><INIT seed="0,0,0,0,0,30" ten="250,250,250,250" oya="0" hai0="133,55,79,105,95,119,75,60,126,22,82,45,58" hai1="11,51,113,107,16,36,124,56,111,17,29,87,3" hai2="81,69,94,32,2,76,67,101,41,104,131,132,92" hai3="50,10,48,26,121,112,127,6,31,129,134,33,83"/><T88/><D119/><U61/><E36/><V96/><F2/><W5/><G112/><T77/><D133/><U74/><E74/><N who="2" m="43159" /><F41/><W7/><G134/><T15/><D126/><U12/><E107/><V52/><F67/><W91/><G127/><T128/><D128/><U80/><E124/><V85/><F69/><W64/><G129/><T71/><D105/><U106/><E106/><V93/><F52/><W120/><G64/><T27/><D71/><U49/><E111/><V86/><F32/><W63/><G63/><T25/><D79/><U122/><E122/><N who="3" m="47210" /><G10/><T65/><D45/><U21/><E29/><V73/><F132/><W115/><G115/><T40/><D40/><U57/><E3/><V70/><F70/><W1/><G1/><T23/><D65/><N who="1" m="39079" /><E57/><V28/><F28/><W123/><N who="3" m="47218" /><W9/><DORA hai="46" /><G9/><T18/><REACH who="0" step="1"/><D23/><REACH who="0" ten="240,250,250,250" step="2"/><U66/><E66/><V130/><F131/><W97/><G83/><T78/><D78/><N who="1" m="46487" /><E113/><V110/><F130/><W90/><G90/><T39/><D39/><U0/><E0/><V89/><F110/><W84/><G84/><AGARI ba="0,1" hai="15,18,22,25,27,55,58,60,75,77,82,84,88,95" machi="84" ten="30,12000,1" yaku="1,1,7,1,54,1,53,2" doraHai="30,46" doraHaiUra="37,20" who="0" fromWho="3" sc="240,130,250,0,250,0,250,-120" /><INIT seed="0,1,0,0,1,90" ten="370,250,250,130" oya="0" hai0="13,91,23,94,76,95,25,43,104,81,38,100,86" hai1="72,97,99,5,47,57,34,111,126,2,16,17,93" hai2="53,14,22,48,127,26,80,69,98,83,128,39,67" hai3="9,44,125,11,1,82,135,106,60,131,65,45,46"/><T112/><D112/><U70/><E70/><V56/><F39/><W129/><G106/><T115/><D115/><U134/><E72/><V92/><F128/><N who="3" m="49227" /><G125/><T79/><D38/><U55/><E34/><V40/><F127/><W29/><G135/><T27/><D43/><U107/><E126/><V10/><F40/><W117/><G117/><T118/><D118/><U19/><E134/><V0/><F0/><W28/><G82/><T3/><D3/><U88/><E111/><V123/><F67/><W31/><G1/><T12/><D104/><U61/><E47/><N who="3" m="12034" /><W6/><DORA hai="41" /><G6/><T102/><D81/><U78/><E78/><N who="0" m="29737" /><D27/><U109/><E109/><V122/><F69/><AGARI ba="1,0" hai="9,11,28,29,31,60,65,69" m="12034,49227" machi="69" ten="40,8000,1" yaku="19,1,52,4" doraHai="90,41" who="3" fromWho="2" sc="370,0,250,0,250,-83,130,83" /><INIT seed="1,0,0,0,2,94" ten="370,250,167,213" oya="1" hai0="59,27,39,0,49,4,10,65,14,133,6,63,9" hai1="82,114,75,60,57,15,45,132,112,109,72,96,22" hai2="31,58,123,54,120,107,130,90,110,117,85,122,87" hai3="20,11,24,106,36,48,35,118,7,68,33,95,83"/><U18/><E132/><V105/><F117/><W71/><G36/><T125/><D39/><U99/><E45/><V134/><F110/><W115/><G115/><T89/><D133/><U19/><E109/><V13/><F134/><W93/><G106/><T25/><D125/><U23/><E82/><V26/><F130/><W12/><G118/><T91/><D49/><U66/><E112/><V70/><F70/><W92/><G48/><T42/><D42/><U69/><E114/><V79/><F79/><W78/><G68/><T86/><REACH who="0" step="1"/><D91/><REACH who="0" ten="360,250,167,213" step="2"/><U41/><E41/><V8/><F90/><W44/><G71/><T102/><D102/><U16/><E69/><V55/><F120/><W38/><G38/><T43/><D43/><U46/><E46/><V34/><F122/><W108/><G44/><T28/><D28/><U76/><E76/><V98/><F123/><W2/><G108/><T81/><AGARI ba="0,1" hai="0,4,6,9,10,14,25,27,59,63,65,81,86,89" machi="81" ten="20,5200,0" yaku="1,1,0,1,7,1,53,1" doraHai="94" doraHaiUra="80" who="0" fromWho="0" sc="360,62,250,-26,167,-13,213,-13" /><INIT seed="2,0,0,0,1,50" ten="422,224,154,200" oya="2" hai0="129,114,11,105,48,9,120,69,13,104,45,23,61" hai1="96,115,36,19,34,47,101,20,5,24,81,25,126" hai2="107,128,99,10,59,85,3,74,55,133,41,131,28" hai3="110,18,109,73,30,119,35,52,8,32,125,82,76"/><V39/><F74/><W71/><G71/><T14/><D114/><U49/><E115/><V15/><F3/><W92/><G119/><T58/><D120/><U7/><E36/><V0/><F0/><W57/><G125/><T31/><D69/><U80/><E126/><V70/><F70/><W100/><G100/><T66/><D129/><U67/><E67/><V135/><F28/><W75/><G75/><T134/><D134/><N who="2" m="51210" /><F85/><W4/><G18/><T94/><D94/><N who="1" m="58519" /><E25/><V121/><F121/><W12/><G92/><T123/><D123/><U2/><E34/><V21/><F21/><W60/><REACH who="3" step="1"/><G30/><REACH who="3" ten="422,224,154,190" step="2"/><T108/><D31/><U16/><E19/><N who="2" m="8695" /><F107/><W43/><G43/><T102/><D105/><U56/><E5/><V86/><F99/><W84/><G84/><T122/><D104/><U88/><E7/><V37/><F86/><W1/><G1/><T117/><D122/><U40/><E2/><V51/><F41/><W95/><G95/><T91/><D117/><U54/><E81/><V17/><F17/><W130/><G130/><AGARI ba="0,1" hai="37,39,51,55,59,128,130,131" m="8695,51210" machi="130" ten="30,5800,0" yaku="19,1,20,1,52,1" doraHai="50" who="2" fromWho="3" sc="422,0,224,0,154,68,190,-58" /><INIT seed="2,1,0,0,5,7" ten="422,224,222,132" oya="2" hai0="106,42,84,16,21,22,18,116,12,53,62,95,43" hai1="77,30,31,24,101,112,28,113,129,97,71,51,6" hai2="10,74,37,134,87,100,61,17,25,46,13,4,75" hai3="118,85,91,33,40,114,34,122,88,76,128,123,105"/><V32/><F134/><W103/><G118/><T99/><D116/><U94/><E71/><V108/><F100/><W36/><G128/><T102/><D106/><U39/><E39/><V90/><F108/><W60/><G76/><T26/><D84/><U133/><E129/><V58/><F37/><W79/><G79/><T109/><D109/><U83/><E133/><V119/><F46/><W115/><G60/><T130/><D130/><U80/><E80/><V121/><F121/><N who="3" m="46091" /><G40/><T1/><D1/><U66/><E66/><V98/><F98/><W35/><G36/><T120/><D120/><U20/><E51/><V110/><F119/><W9/><G9/><T63/><D63/><U56/><E56/><AGARI ba="1,0" hai="12,16,18,21,22,26,42,43,53,56,62,95,99,102" machi="56" ten="40,2600,0" yaku="8,1,54,1" doraHai="7" who="0" fromWho="1" sc="422,29,224,-29,222,0,132,0" /><INIT seed="3,0,0,3,3,74" ten="451,195,222,132" oya="3" hai0="62,127,76,116,79,46,110,67,2,122,30,51,93" hai1="134,40,57,37,135,125,48,120,36,100,96,118,34" hai2="0,53,86,44,84,65,12,3,9,133,117,108,69" hai3="112,22,64,21,43,16,80,124,72,60,83,28,102"/><W105/><G112/><T114/><D116/><U5/><E34/><V107/><F107/><W81/><G124/><T88/><D2/><U33/><E33/><V26/><F26/><W126/><G126/><T99/><D127/><U92/><E125/><V8/><F8/><W91/><G43/><T47/><D122/><U109/><E120/><V103/><F103/><W85/><G28/><T17/><D110/><U29/><E109/><V106/><F106/><W130/><G130/><T66/><D30/><U131/><E29/><V70/><F133/><N who="1" m="50697" /><E118/><V39/><F39/><W98/><G21/><T56/><D88/><N who="1" m="55303" /><E131/><V54/><F65/><W73/><G73/><T97/><D47/><N who="1" m="25703" /><E5/><V52/><F44/><W123/><G72/><T4/><D66/><U119/><E119/><V71/><F108/><W113/><G113/><T18/><D62/><U115/><E115/><V13/><F117/><W89/><G89/><T104/><D99/><U11/><E11/><V35/><F35/><W38/><G38/><N who="1" m="14954" /><E57/><V95/><F95/><W32/><G32/><T94/><D67/><U121/><E121/><V15/><F9/><W41/><G41/><T1/><D56/><U63/><E63/><V78/><F78/><W59/><REACH who="3" step="1"/><G123/><REACH who="3" ten="451,195,222,122" step="2"/><T82/><D114/><U24/><E24/><AGARI ba="0,1" hai="16,22,24,59,60,64,80,81,83,85,91,98,102,105" machi="24" ten="30,12000,1" yaku="1,1,2,1,7,1,54,1,53,1" doraHai="74" doraHaiUra="61" who="3" fromWho="1" sc="451,0,195,-120,222,0,122,130" /><INIT seed="3,1,0,2,5,95" ten="451,75,222,252" oya="3" hai0="13,86,126,130,26,57,54,98,60,73,53,2,32" hai1="39,14,0,78,31,16,64,109,133,120,91,27,118" hai2="67,110,94,116,52,41,63,106,80,6,46,43,92" hai3="71,45,85,21,124,15,12,40,59,50,89,35,44"/><W102/><G71/><T97/><D73/><U112/><E120/><V114/><F106/><W24/><G35/><T22/><D2/><U49/><E112/><V1/><F110/><W23/><G124/><T10/><D32/><U17/><E39/><V4/><F116/><W19/><G102/><T107/><D107/><U72/><E109/><V68/><F43/><W29/><G59/><N who="0" m="34927" /><D86/><U115/><E0/><V28/><F28/><W96/><G44/><T51/><D130/><U88/><E115/><V33/><F33/><W82/><G12/><T101/><D101/><U128/><E64/><V135/><F135/><W25/><G15/><T83/><D83/><U34/><E118/><V42/><F42/><W129/><G129/><T105/><D105/><U11/><E128/><V79/><F52/><W87/><G87/><T119/><D126/><U111/><E133/><V122/><F6/><W77/><G77/><T3/><D3/><U99/><E111/><V81/><F81/><W7/><G7/><N who="0" m="3295" /><D119/><U103/><E49/><V100/><F100/><W20/><G20/><T125/><D125/><U56/><E56/><V62/><F62/><W117/><G117/><T55/><D55/><U70/><E70/><V93/><F122/><W134/><G134/><T108/><D108/><U75/><E17/><AGARI ba="1,0" hai="17,22,26,51,54,57,97,98" m="3295,34927" machi="17" ten="30,3900,0" yaku="8,1,52,2" doraHai="95" who="0" fromWho="1" sc="451,42,75,-42,222,0,252,0" owari="493,59.3,33,-46.7,222,-17.8,252,5.2" /></mjloggm>