<mjloggm ver="2.3"><GO type="225" lobby="0"/><UN n0="%72%69%6F%75%63%68%61%6E" n1="%33%74%72%65%65" n2="%41%6F%54" n3="%E4%BF%BA%E3%81%A8%E5%A6%96%E5%A4%A2" dan="16,16,16,16" rate="2106.52,2164.38,2079.52,2202.04" sx="M,F,M,F"/><TAIKYOKU oya="0"/><INIT seed="0,0,0,1,0,28" ten="250,250,250,250" oya="0" hai0="89,68,83,30,37,67,27,8,55,91,18,78,33" hai1="82,98,46,84,70,104,43,75,19,64,34,2,123" hai2="93,24,48,134,74,80,133,100,60,101,125,1,41" hai3="88,71,102,124,126,59,94,119,54,13,103,15,85"/><T96/><D37/><U111/><E123/><V90/><F1/><W127/><G71/><T52/><D18/><U132/><E2/><V87/><F60/><W17/><G119/><T25/><D8/><U14/><E111/><V11/><F11/><W29/><G29/><T77/><D25/><U72/><E34/><V39/><F39/><W21/><REACH who="3" step="1"/><G13/><REACH who="3" ten="250,250,250,240" step="2"/><T6/><D68/><U63/><E14/><V62/><F133/><W58/><G58/><T122/><D122/><U118/><E132/><V117/><F134/><W26/><G26/><T135/><D135/><U69/><E69/><V113/><F117/><W53/><G53/><T128/><D67/><U35/><E118/><V40/><F24/><W79/><G79/><T95/><D77/><U0/><E0/><V47/><F113/><W51/><AGARI ba="0,1" hai="15,17,21,51,54,59,85,88,94,102,103,124,126,127" machi="51" ten="30,12000,2" yaku="1,1,0,1,25,2,18,1,54,1,53,0" doraHai="28" doraHaiUra="106" who="3" fromWho="3" sc="250,-60,250,-30,250,-30,240,130" /><INIT seed="1,0,0,2,0,1" ten="190,220,220,370" oya="1" hai0="125,54,60,82,97,16,41,27,14,99,126,123,117" hai1="133,73,64,92,0,79,45,70,63,113,23,38,53" hai2="47,9,100,8,101,106,67,93,69,121,32,88,7" hai3="105,104,35,39,95,81,75,10,96,29,124,55,13"/><U116/><E113/><V42/><F121/><W102/><G39/><T12/><D117/><U91/><E116/><V61/><F32/><W131/><G131/><T107/><D123/><U25/><E133/><V4/><F106/><W17/><G124/><N who="0" m="47723" /><D41/><U74/><E79/><V110/><F110/><W87/><G75/><T85/><D27/><U21/><E0/><V68/><F68/><W135/><G135/><T52/><D12/><U71/><E71/><V18/><F18/><W112/><G112/><T5/><D5/><U72/><E25/><V65/><F65/><W3/><G3/><T6/><D6/><U66/><E66/><V122/><F122/><W2/><G2/><T128/><D128/><U115/><E115/><V50/><F9/><W34/><G29/><T134/><D134/><U84/><REACH who="1" step="1"/><E38/><REACH who="1" ten="190,210,220,370" step="2"/><V20/><F67/><W59/><G35/><T36/><D36/><U108/><E108/><V57/><F69/><W119/><G34/><T109/><D109/><U120/><E120/><V83/><F100/><W94/><G119/><T46/><D107/><U86/><E86/><V129/><F101/><W11/><G105/><T15/><D85/><U24/><E24/><V89/><F129/><W56/><G104/><T43/><D14/><U19/><E19/><V80/><F89/><W40/><G17/><T48/><D16/><U30/><E30/><V127/><F127/><W103/><G13/><T111/><D15/><U28/><E28/><V132/><F132/><W76/><G87/><T22/><D111/><U62/><E62/><V31/><F7/><W33/><G33/><RYUUKYOKU ba="0,1" sc="190,-10,210,30,220,-10,370,-10" hai1="21,23,45,53,63,64,70,72,73,74,84,91,92" /><INIT seed="1,1,1,5,3,88" ten="180,240,210,360" oya="1" hai0="20,113,77,47,116,23,94,72,57,10,27,110,3" hai1="7,39,105,14,11,131,5,4,132,68,43,125,29" hai2="28,66,100,117,21,8,134,2,83,130,135,31,53" hai3="48,108,58,35,62,76,55,80,115,1,6,46,84"/><U75/><E132/><N who="2" m="50731" /><F66/><W114/><G35/><T119/><D113/><U99/><E131/><V24/><F130/><W70/><G70/><T133/><D133/><U97/><E125/><V13/><F117/><W104/><G104/><T73/><D110/><U16/><E68/><V18/><F100/><W44/><G108/><T96/><D57/><U54/><E75/><V56/><F83/><W90/><G46/><T37/><D20/><U89/><E29/><N who="2" m="17551" /><F2/><W124/><G124/><T93/><D119/><U121/><E121/><V25/><F25/><W0/><G0/><T122/><D116/><U41/><E39/><V63/><AGARI ba="1,1" hai="8,13,18,28,31,53,56,63" m="17551,50731" machi="63" ten="30,1100,0" yaku="20,1" doraHai="88" who="2" fromWho="2" sc="180,-4,240,-6,210,24,360,-4" /><INIT seed="2,0,0,0,4,82" ten="176,234,234,356" oya="2" hai0="61,102,99,25,77,85,107,87,20,69,127,75,65" hai1="113,122,92,45,31,116,59,111,9,67,106,56,123" hai2="14,33,104,97,70,36,129,112,22,79,62,58,4" hai3="68,93,118,88,50,54,60,39,18,12,10,121,37"/><V84/><F33/><W51/><G118/><T49/><D127/><U6/><E116/><V74/><F36/><W101/><G121/><N who="1" m="46090" /><E113/><V29/><F74/><W15/><G101/><T114/><D114/><U5/><E106/><V16/><F70/><W71/><G39/><T100/><D100/><U19/><E111/><V41/><F112/><W21/><G37/><T98/><D98/><U13/><E45/><V48/><F104/><W3/><G3/><T28/><REACH who="0" step="1"/><D49/><REACH who="0" ten="166,234,234,356" step="2"/><U128/><E128/><V91/><F97/><W24/><G50/><T7/><D7/><U66/><E6/><V109/><F129/><W46/><G60/><T47/><D47/><U8/><E5/><V125/><F125/><W105/><G105/><T1/><D1/><U80/><E56/><V132/><F4/><N who="3" m="3143" /><G71/><T32/><D32/><U73/><E59/><V57/><F57/><W44/><G68/><T78/><D78/><U34/><E34/><V64/><F79/><W0/><G0/><T119/><D119/><U117/><E117/><V89/><F48/><W124/><G124/><T30/><D30/><U134/><E31/><V115/><F115/><W53/><G46/><T126/><D126/><U40/><E19/><V108/><F29/><N who="3" m="17551" /><G44/><T103/><D103/><U72/><E40/><V86/><F41/><W52/><G51/><T81/><AGARI ba="0,1" hai="20,25,28,61,65,69,75,77,81,85,87,99,102,107" machi="81" ten="30,8000,1" yaku="1,1,0,1,52,2,53,1" doraHai="82" doraHaiUra="27" who="0" fromWho="0" sc="166,90,234,-20,234,-40,356,-20" /><INIT seed="3,0,0,3,2,75" ten="256,214,194,336" oya="3" hai0="116,18,22,121,52,5,113,47,32,126,132,58,93" hai1="118,16,59,0,3,73,109,103,2,14,36,119,64" hai2="89,24,65,102,115,100,30,107,35,25,91,54,21" hai3="127,44,69,61,40,37,81,99,60,84,88,13,74"/><W76/><G127/><T71/><D116/><N who="1" m="44587" /><E109/><V96/><F115/><W68/><G99/><T131/><D121/><U48/><E36/><V42/><F102/><W8/><G69/><T117/><D117/><U108/><E108/><V46/><F54/><W70/><G70/><T130/><D71/><U27/><E103/><V80/><F65/><W79/><G68/><T57/><D32/><U97/><E97/><V72/><F72/><W110/><G110/><T98/><D126/><U123/><E123/><V33/><F80/><W85/><G74/><T82/><D132/><U19/><E73/><V55/><F55/><W78/><REACH who="3" step="1"/><G84/><REACH who="3" ten="256,214,194,326" step="2"/><T120/><D98/><U95/><E0/><V128/><F128/><W111/><G111/><T41/><D131/><U43/><E2/><V7/><F7/><AGARI ba="0,1" hai="7,8,13,37,40,44,60,61,76,78,79,81,85,88" machi="7" ten="40,12000,1" yaku="1,1,52,3,54,1,53,0" doraHai="75" doraHaiUra="29" who="3" fromWho="2" sc="256,0,214,0,194,-120,326,130" owari="256,5.6,214,-18.6,74,-42.6,456,55.6" /></mjloggm>