<mjloggm ver="2.3"><GO type="225" lobby="0"/><UN n0="%E3%81%8B%E3%82%8F%E3%81%A1%E3%82%83%E3%82%93%35%38" n1="%E3%82%BC%E3%83%AB%E3%83%80%E3%81%AE%E4%BC%9D%E8%AA%AC" n2="%E6%9C%88%E5%B3%B6%E5%9F%BA" n3="%E3%81%BF%E3%81%BF%E3%81%9A" dan="16,17,17,17" rate="2148.02,2089.19,2199.47,2202.46" sx="M,M,M,M"/><TAIKYOKU oya="0"/><INIT seed="0,0,0,1,3,24" ten="250,250,250,250" oya="0" hai0="135,21,92,93,112,57,105,53,9,82,41,70,117" hai1="131,99,114,25,109,4,14,64,121,28,96,61,98" hai2="73,12,33,74,30,43,125,80,75,71,126,49,22" hai3="35,90,107,128,110,97,103,38,52,124,65,20,58"/><T81/><D112/><U86/><E121/><V134/><F71/><W100/><G35/><T84/><D117/><U45/><E114/><V102/><F134/><W34/><G34/><T79/><D105/><U11/><E109/><V113/><F113/><W3/><G3/><T87/><D70/><U1/><E131/><V36/><F49/><W56/><G38/><T6/><D41/><U0/><E86/><V31/><F33/><W5/><G110/><T83/><D83/><U23/><REACH who="1" step="1"/><E45/><REACH who="1" ten="250,240,250,250" step="2"/><N who="2" m="23783" /><F75/><W44/><G128/><T72/><D72/><U101/><E101/><V50/><F102/><W106/><G44/><T17/><D135/><U63/><E63/><V32/><F74/><W129/><G129/><T60/><D84/><U42/><E42/><V116/><F73/><W8/><G107/><T62/><D62/><U15/><E15/><V59/><F12/><N who="3" m="5135" /><G103/><T16/><D82/><U27/><E27/><V133/><F80/><W18/><G90/><T130/><D130/><U10/><E10/><V66/><F133/><W54/><G106/><T119/><D119/><U88/><E88/><V85/><F116/><W123/><G123/><T19/><REACH who="0" step="1"/><D21/><REACH who="0" ten="240,240,250,250" step="2"/><U94/><E94/><V37/><F22/><W26/><G97/><T67/><D67/><U48/><E48/><V104/><F32/><W127/><G65/><T40/><D40/><U122/><E122/><V115/><F37/><W77/><G77/><T69/><D69/><AGARI ba="0,2" hai="0,1,4,11,14,23,25,28,61,64,69,96,98,99" machi="69" ten="40,5200,0" yaku="1,1,52,1,53,1" doraHai="24" doraHaiUra="2" who="1" fromWho="0" sc="240,-52,240,72,250,0,250,0" /><INIT seed="1,0,0,5,1,129" ten="188,312,250,250" oya="1" hai0="73,48,20,95,122,31,91,77,61,80,106,68,14" hai1="84,37,93,133,23,117,123,113,92,51,21,11,4" hai2="97,36,120,72,56,85,67,9,119,115,28,107,54" hai3="1,16,17,104,6,63,53,105,124,33,32,90,96"/><U42/><E113/><V134/><F119/><W135/><G90/><T27/><D122/><U24/><E123/><V46/><F72/><W60/><G6/><T86/><D106/><N who="3" m="41065" /><G53/><T82/><D48/><U64/><E133/><V121/><F134/><W114/><G135/><T110/><D110/><U38/><E117/><V5/><F115/><W109/><G114/><T49/><D49/><U79/><E64/><V39/><F67/><W103/><G96/><T125/><D125/><U88/><E79/><V98/><F28/><W52/><G52/><T111/><D111/><U55/><E42/><V83/><F97/><W58/><G58/><T47/><D47/><U116/><E116/><V43/><F39/><W40/><G109/><T7/><D61/><N who="3" m="23625" /><G103/><T26/><D68/><U69/><E69/><V102/><F54/><W108/><G108/><T62/><D62/><U66/><E66/><V22/><F22/><W126/><G1/><T78/><D7/><U45/><E93/><V130/><F56/><W3/><G3/><T12/><REACH who="0" step="1"/><D27/><REACH who="0" ten="178,312,250,250" step="2"/><U19/><REACH who="1" step="1"/><E23/><REACH who="1" ten="178,302,250,250" step="2"/><V81/><F120/><W41/><G40/><T75/><AGARI ba="0,2" hai="12,14,20,26,31,73,75,77,78,80,82,86,91,95" machi="75" ten="20,8000,1" yaku="1,1,2,1,0,1,7,1,9,1,53,0" doraHai="129" doraHaiUra="101" who="0" fromWho="0" sc="178,100,302,-40,250,-20,250,-20" /><INIT seed="2,0,0,0,4,116" ten="278,262,230,230" oya="2" hai0="24,37,56,76,66,61,103,16,27,112,46,2,51" hai1="115,0,96,50,7,71,109,90,95,72,70,135,40" hai2="29,110,17,30,14,10,89,97,129,36,93,13,74" hai3="53,23,78,22,101,124,134,88,100,18,99,33,69"/><V86/><F74/><W64/><G33/><T107/><D112/><U11/><E115/><V77/><F36/><W132/><G78/><T130/><D2/><U6/><E72/><V125/><F125/><W113/><G113/><T59/><D37/><U41/><E109/><V12/><F129/><W5/><G5/><T65/><D130/><U85/><E135/><N who="3" m="51754" /><G124/><T73/><D107/><U26/><E7/><V60/><F60/><N who="3" m="40071" /><G53/><T8/><D76/><U31/><E85/><V62/><F62/><W80/><G23/><T83/><D73/><U68/><REACH who="1" step="1"/><E50/><REACH who="1" ten="278,252,230,230" step="2"/><V47/><F110/><W123/><G123/><T114/><D51/><U4/><E4/><V45/><F86/><N who="3" m="50247" /><G99/><T121/><D121/><U122/><E122/><V67/><F97/><W87/><G87/><T58/><D114/><U128/><E128/><V21/><F77/><W38/><G38/><T119/><D119/><U25/><E25/><AGARI ba="0,1" hai="18,22,25,100,101" m="50247,40071,51754" machi="25" ten="30,2000,0" yaku="20,1,54,1" doraHai="116" who="3" fromWho="1" sc="278,0,252,-20,230,0,230,30" /><INIT seed="3,0,0,0,0,39" ten="278,232,230,260" oya="3" hai0="48,103,25,96,90,45,110,91,28,13,56,116,130" hai1="127,131,35,87,47,83,113,105,114,26,30,112,24" hai2="85,50,118,58,36,7,54,132,95,67,70,18,51" hai3="74,125,34,89,61,60,133,99,128,5,72,64,106"/><W62/><G34/><T1/><D1/><U63/><E105/><V10/><F118/><W108/><G64/><T19/><D116/><U2/><E2/><V40/><F132/><W0/><G133/><T8/><D110/><U66/><E127/><V123/><F123/><W122/><G122/><T121/><D130/><U32/><E131/><V84/><F36/><W65/><G65/><T82/><D56/><U120/><E120/><V59/><F70/><W41/><G128/><T12/><D12/><U117/><E117/><V52/><F67/><W53/><G53/><T71/><D71/><U88/><E47/><N who="2" m="25959" /><F7/><W104/><G125/><T78/><D121/><U17/><E17/><V79/><F79/><W109/><G41/><T102/><D25/><U31/><REACH who="1" step="1"/><E113/><REACH who="1" ten="278,222,230,260" step="2"/><V9/><F18/><W80/><G0/><T97/><D19/><U73/><E73/><V68/><F68/><AGARI ba="0,1" hai="24,26,30,31,32,35,63,66,68,83,87,88,112,114" machi="68" ten="30,7700,0" yaku="1,1,7,1,9,1,54,1,53,0" doraHai="39" doraHaiUra="6" who="1" fromWho="2" sc="278,0,222,87,230,-77,260,0" owari="278,7.8,309,40.9,153,-34.7,260,-14.0" /></mjloggm>