<mjloggm ver="2.3"><GO type="225" lobby="0"/><UN n0="%E3%83%96%E3%83%83%E3%83%91%E3%82%AA%E3%83%96%E3%83%81%E3%82%AD%E3%83%B3" n1="%E3%81%99%E3%81%84%E3%81%BE%E3%81%9B%E3%83%BC%E3%82%93" n2="%E3%82%AF%E3%82%A3%E3%82%A6" n3="%E8%91%B1%E9%96%93%E8%91%B1%E6%8A%9C" dan="16,18,16,16" rate="2125.42,2210.60,2101.06,2087.57" sx="M,M,M,F"/><TAIKYOKU oya="0"/><INIT seed="0,0,0,1,4,78" ten="250,250,250,250" oya="0" hai0="111,72,69,56,106,73,90,101,127,30,75,9,3" hai1="60,81,86,16,2,133,54,102,32,33,126,53,88" hai2="117,95,52,0,34,43,108,31,61,130,128,19,131" hai3="28,107,124,94,21,41,132,11,47,4,112,58,68"/><T15/><D69/><U26/><E2/><V120/><F120/><W49/><G112/><T103/><D106/><U46/><E126/><V109/><F117/><W121/><G68/><T91/><D3/><U42/><E133/><V119/><F119/><W70/><G70/><T39/><D39/><U134/><E134/><V97/><F43/><W24/><G107/><T93/><D30/><U66/><E102/><V38/><F38/><W98/><G132/><T110/><D56/><N who="1" m="37127" /><E33/><V114/><F114/><W105/><G124/><T6/><D127/><U45/><E32/><V118/><F118/><W1/><G121/><T25/><D25/><U50/><E46/><V76/><F0/><W10/><G10/><T18/><D6/><U122/><E122/><V83/><F31/><W22/><G58/><T99/><REACH who="0" step="1"/><D103/><REACH who="0" ten="240,250,250,250" step="2"/><U48/><E48/><V74/><F34/><W92/><G105/><T129/><D129/><U96/><E96/><V116/><F116/><W5/><G5/><T85/><D85/><U63/><E63/><V57/><F19/><W71/><G71/><T123/><D123/><U36/><E36/><V23/><F23/><AGARI ba="0,1" hai="16,23,26,42,45,50,53,54,81,86,88" m="37127" machi="23" ten="30,7700,0" yaku="8,1,52,1,54,2" doraHai="78" who="1" fromWho="2" sc="240,0,250,87,250,-77,250,0" /><INIT seed="1,0,0,5,2,117" ten="240,337,173,250" oya="1" hai0="11,24,109,135,37,10,33,90,34,2,105,115,112" hai1="41,4,52,86,16,68,127,83,123,97,47,13,59" hai2="118,26,44,48,108,128,64,45,85,73,67,126,93" hai3="78,133,132,32,0,51,21,50,65,30,40,42,35"/><U29/><E123/><V38/><F73/><W25/><G0/><T84/><D37/><U134/><E68/><V119/><F108/><W39/><G65/><T19/><D105/><U102/><E134/><N who="3" m="51818" /><G78/><T3/><D90/><U96/><E127/><V22/><F126/><W99/><G99/><T53/><D84/><U120/><E29/><V130/><F93/><W75/><G75/><T88/><D88/><N who="1" m="51295" /><E4/><V17/><F85/><W28/><G39/><T66/><D66/><N who="2" m="25130" /><F22/><W95/><G95/><T107/><D135/><U131/><E120/><V63/><F26/><N who="3" m="16463" /><G32/><T92/><D107/><U91/><E91/><V58/><F17/><W23/><G35/><T54/><D109/><U104/><E104/><V106/><F48/><AGARI ba="0,0" hai="23,25,30,40,42,48,50,51" m="16463,51818" machi="48" ten="30,1000,0" yaku="20,1" doraHai="117" who="3" fromWho="2" sc="240,0,337,0,173,-10,250,10" /><INIT seed="2,0,0,0,5,72" ten="240,337,163,260" oya="2" hai0="71,88,15,63,55,95,115,82,33,130,64,28,8" hai1="103,61,4,119,73,97,59,128,69,30,24,84,5" hai2="44,12,105,118,22,42,91,6,68,56,93,116,108" hai3="32,127,27,123,85,81,19,54,20,94,34,76,3"/><V120/><F105/><W36/><G123/><T11/><D130/><U77/><E119/><V109/><F68/><W60/><G127/><T133/><D133/><U10/><E69/><V110/><F120/><W29/><G36/><T89/><D115/><U51/><E73/><V78/><F56/><W100/><G3/><T83/><D55/><U125/><E128/><V17/><F6/><W104/><G104/><T134/><D134/><U65/><E125/><V129/><F129/><W37/><G37/><T41/><D41/><U70/><E51/><N who="2" m="27031" /><F78/><W121/><G121/><T131/><D131/><U62/><E62/><V98/><AGARI ba="0,0" hai="12,17,22,91,93,98,108,109,110,116,118" m="27031" machi="98" ten="30,3000,0" yaku="14,1,10,1" doraHai="72" who="2" fromWho="2" sc="240,-10,337,-10,163,30,260,-10" /><INIT seed="2,1,0,1,2,65" ten="230,327,193,250" oya="2" hai0="50,54,64,13,51,98,77,49,89,4,116,104,127" hai1="46,29,110,84,121,28,7,15,75,100,30,31,79" hai2="129,82,88,92,16,134,120,83,113,19,63,111,72" hai3="27,26,87,61,101,125,3,114,9,52,8,41,23"/><V14/><F113/><W44/><G114/><T117/><D77/><U68/><E110/><V85/><F120/><W66/><G125/><T109/><D109/><U6/><E68/><V11/><F111/><W97/><G87/><T128/><D128/><U90/><E30/><V73/><F129/><W56/><G66/><T47/><D127/><U76/><E75/><V25/><F134/><W135/><G135/><T74/><D74/><U80/><E121/><V131/><F131/><W93/><G3/><T35/><D35/><U91/><E100/><V126/><F126/><W33/><G33/><T78/><D78/><N who="1" m="29739" /><E46/><V103/><F73/><W123/><G123/><T132/><D64/><U130/><E130/><V124/><F124/><W94/><G94/><N who="0" m="56655" /><D104/><U106/><E106/><V133/><F133/><W37/><REACH who="3" step="1"/><G27/><REACH who="3" ten="230,327,193,240" step="2"/><T24/><D24/><U95/><E15/><N who="2" m="7295" /><F72/><W53/><G53/><T0/><D0/><U119/><E119/><N who="0" m="45641" /><D132/><U71/><E71/><V21/><F103/><W55/><G55/><T102/><D102/><U32/><E32/><V45/><F82/><W122/><G122/><T48/><D13/><U112/><E112/><V96/><F14/><W57/><G57/><N who="0" m="32967" /><D4/><U17/><E6/><V18/><F45/><AGARI ba="1,1" hai="45,47,49,50,51" m="32967,45641,56655" machi="45" ten="30,1000,0" yaku="12,1" doraHai="65" who="0" fromWho="2" sc="230,23,327,0,193,-13,240,0" /><INIT seed="3,0,0,4,0,18" ten="253,327,180,240" oya="3" hai0="71,93,94,7,4,20,23,2,74,29,123,105,77" hai1="104,121,25,61,17,66,3,88,109,119,75,124,86" hai2="85,51,92,6,14,69,55,59,114,44,132,82,112" hai3="65,128,80,38,122,27,46,131,96,12,107,28,11"/><W70/><G122/><T113/><D105/><U103/><E121/><V60/><F69/><W68/><G80/><T106/><D106/><U91/><E3/><V5/><F132/><W58/><G58/><T116/><D71/><U1/><E1/><V53/><F92/><W36/><G68/><T133/><D77/><U129/><E75/><V13/><F114/><W34/><G70/><T97/><D74/><U19/><E103/><V102/><F102/><N who="3" m="62919" /><G65/><T8/><D116/><U115/><E104/><V111/><F111/><W21/><G46/><T130/><D2/><U134/><E109/><V35/><F35/><W39/><G34/><T48/><D48/><U98/><E98/><V76/><REACH who="2" step="1"/><F112/><REACH who="2" ten="253,327,170,240" step="2"/><W110/><G110/><T95/><D113/><U50/><E115/><V9/><F9/><W43/><G11/><T62/><D8/><U52/><E134/><V49/><F49/><W15/><G38/><T31/><D133/><U32/><E32/><V40/><F40/><W57/><G39/><T83/><D95/><U41/><E41/><V73/><F73/><W81/><G36/><T16/><D94/><U63/><E50/><V45/><F45/><W101/><G43/><T24/><D93/><U125/><E119/><V126/><F126/><W47/><G101/><T0/><D97/><U84/><E125/><V72/><F72/><W127/><G47/><T54/><D123/><U22/><E124/><V79/><F79/><W89/><G127/><T64/><D130/><U67/><E129/><V99/><F99/><W108/><G131/><T78/><D78/><U118/><E118/><RYUUKYOKU ba="0,1" sc="253,-10,327,-10,170,30,240,-10" hai2="5,6,13,14,44,51,53,55,59,60,76,82,85" owari="243,4.3,327,42.7,200,-30.0,230,-17.0" /></mjloggm>