<mjloggm ver="2.3"><GO type="225" lobby="0"/><UN n0="%E3%81%BF%E3%81%BF%E3%81%9A" n1="%E3%80%93%E3%81%97%E3%83%BC%E3%82%89%E3%80%93" n2="%E3%83%A9%E3%82%A4%E3%83%B3%E3%81%AE%E8%99%8E" n3="%E3%80%90%E3%83%88%E3%83%AA%E3%83%A5%E3%83%95%E3%80%91" dan="18,16,16,16" rate="2243.18,2149.12,2131.90,2124.18" sx="M,M,M,M"/><TAIKYOKU oya="0"/><INIT seed="0,0,0,3,1,119" ten="250,250,250,250" oya="0" hai0="103,107,44,76,3,120,101,0,21,7,10,36,134" hai1="132,123,74,58,41,47,54,87,30,33,5,126,122" hai2="66,112,92,68,11,19,18,13,16,86,39,60,135" hai3="49,37,34,42,70,23,115,82,118,106,22,133,113"/><T43/><D134/><U67/><E74/><V46/><F135/><W117/><G34/><T56/><D120/><N who="1" m="46123" /><E5/><V31/><F112/><W6/><G106/><T57/><D3/><U55/><E87/><V45/><F31/><W9/><G133/><T28/><D28/><U81/><E81/><V124/><F124/><W1/><G70/><T72/><D21/><U40/><E30/><V79/><F39/><W71/><G71/><T108/><D108/><U121/><N who="1" m="46131" /><U95/><DORA hai="38" /><E95/><V96/><F86/><W91/><G37/><T84/><D84/><U102/><E102/><N who="0" m="38921" /><D107/><U111/><E33/><V52/><F79/><W51/><G82/><AGARI ba="0,0" hai="0,7,10,36,43,44,56,57,72,76,82" m="38921" machi="82" ten="30,2900,0" yaku="25,1,52,1" doraHai="119,38" who="0" fromWho="3" sc="250,29,250,0,250,0,250,-29" /><INIT seed="0,1,0,2,3,98" ten="279,250,250,221" oya="0" hai0="13,42,82,109,41,78,34,28,46,121,2,79,71" hai1="36,44,7,70,32,23,91,84,132,127,125,59,45" hai2="128,129,15,60,86,90,110,51,97,49,24,134,12" hai3="107,96,108,99,26,81,20,113,0,5,25,103,135"/><T50/><D121/><U73/><E32/><V64/><F110/><W112/><G108/><T16/><D109/><U38/><E73/><V111/><F111/><W114/><G135/><T39/><D2/><U31/><E70/><V62/><F24/><W35/><G81/><T22/><D71/><U27/><E7/><V72/><F72/><W67/><G67/><T119/><D119/><U106/><E106/><V10/><F97/><W17/><G96/><T63/><D63/><U14/><E14/><V54/><F134/><W65/><G65/><T43/><D39/><N who="1" m="14891" /><E59/><V117/><F117/><W105/><G105/><T94/><D94/><N who="1" m="54631" /><E132/><V21/><F21/><W133/><G133/><T66/><D66/><U89/><E89/><V126/><F64/><W11/><REACH who="3" step="1"/><G112/><REACH who="3" ten="279,250,250,211" step="2"/><T1/><D79/><U87/><E87/><V53/><F86/><W130/><G130/><T68/><D68/><U57/><E127/><V52/><F126/><W9/><G9/><T33/><D1/><U83/><E125/><V47/><F10/><W8/><G8/><T102/><D82/><U122/><E83/><V93/><F128/><W100/><G100/><T18/><D102/><U76/><E76/><V37/><F129/><W69/><G69/><T120/><D78/><U19/><E122/><V124/><F124/><W74/><G74/><T118/><D120/><U61/><E31/><AGARI ba="1,1" hai="0,5,11,17,20,25,26,31,35,99,103,107,113,114" machi="31" ten="40,2600,0" yaku="1,1,52,1,53,0" doraHai="98" doraHaiUra="77" who="3" fromWho="1" sc="279,0,250,-29,250,0,211,39" /><INIT seed="1,0,0,1,0,128" ten="279,221,250,250" oya="1" hai0="34,133,111,22,81,99,131,2,31,21,109,36,69" hai1="4,38,103,20,8,17,1,74,127,90,50,110,60" hai2="18,5,19,104,132,32,72,58,54,122,33,9,27" hai3="44,113,41,67,95,26,42,105,115,49,116,24,16"/><U84/><E74/><V135/><F122/><W65/><G105/><T6/><D36/><U37/><E127/><V29/><F104/><W98/><G116/><T75/><D69/><U46/><E103/><V66/><F72/><W10/><G41/><T114/><D99/><U13/><E60/><V85/><F66/><N who="3" m="25099" /><G113/><T48/><D114/><U88/><E110/><N who="0" m="41993" /><D131/><U130/><E130/><V53/><F85/><W134/><G134/><N who="2" m="51241" /><F32/><W94/><G94/><T82/><D133/><U120/><E120/><V39/><F39/><W91/><G115/><T106/><D106/><U12/><E1/><N who="2" m="175" /><F54/><W101/><G101/><T87/><D34/><U77/><E77/><V35/><F35/><W64/><N who="3" m="25107" /><W118/><DORA hai="86" /><G118/><T23/><D75/><U97/><E97/><V79/><F79/><W71/><G71/><T107/><D87/><U124/><E124/><V43/><F43/><W11/><G26/><T76/><D76/><U3/><E3/><V126/><F126/><W119/><G119/><T15/><D107/><U0/><E0/><V62/><AGARI ba="0,0" hai="18,19,27,29,33,53,58,62" m="175,51241" machi="62" ten="30,7900,0" yaku="20,1,52,3" doraHai="128,86" who="2" fromWho="2" sc="279,-20,221,-39,250,79,250,-20" /><INIT seed="2,0,0,3,4,63" ten="259,182,329,230" oya="2" hai0="74,107,46,31,116,109,27,80,84,64,121,102,123" hai1="48,38,78,49,128,126,61,23,93,8,41,44,86" hai2="62,134,97,92,9,13,55,4,34,70,67,10,1" hai3="60,73,24,85,100,71,106,130,25,119,12,112,89"/><V53/><F34/><W45/><G119/><T59/><D74/><U120/><E126/><V132/><F132/><W75/><G130/><T76/><D116/><U37/><E128/><V30/><F30/><W127/><G127/><T32/><D109/><U14/><E120/><V129/><F134/><W90/><G12/><T98/><D46/><U47/><E23/><V111/><F111/><W133/><G133/><T94/><D107/><U0/><E0/><V36/><F36/><W96/><G45/><T43/><D43/><U17/><E61/><V7/><REACH who="2" step="1"/><F129/><REACH who="2" ten="259,182,319,230" step="2"/><W131/><G131/><T114/><D114/><U99/><E78/><V101/><AGARI ba="0,1" hai="1,4,7,9,10,13,53,55,62,67,70,92,97,101" machi="101" ten="20,12000,1" yaku="1,1,2,1,0,1,7,1,52,1,53,0" doraHai="63" doraHaiUra="135" who="2" fromWho="2" sc="259,-40,182,-40,319,130,230,-40" /><INIT seed="2,1,0,1,0,13" ten="219,142,449,190" oya="2" hai0="12,45,74,78,57,80,42,53,18,19,34,49,58" hai1="65,116,106,48,123,124,32,64,134,23,50,83,118" hai2="37,67,16,4,8,59,95,44,7,104,109,43,63" hai3="21,127,14,107,61,68,91,113,31,9,101,117,129"/><V60/><F104/><W93/><G117/><T27/><D34/><U105/><E32/><V52/><F109/><W70/><G129/><T85/><D74/><U71/><E23/><V103/><F103/><W47/><G127/><T108/><D108/><U20/><E20/><V99/><F99/><W17/><G113/><T28/><D28/><U135/><E83/><V98/><F98/><W72/><G72/><T55/><D27/><U121/><REACH who="1" step="1"/><E71/><REACH who="1" ten="219,132,449,190" step="2"/><V102/><F102/><W24/><G68/><T69/><D69/><U73/><E73/><V22/><F8/><W38/><G101/><T130/><D130/><U122/><E122/><V5/><F95/><W111/><G111/><T119/><D119/><U82/><E82/><V110/><F110/><W128/><G128/><T35/><D35/><U94/><E94/><V86/><F86/><W89/><G107/><T6/><D85/><U125/><AGARI ba="1,1" hai="48,50,64,65,105,106,116,118,121,123,124,125,134,135" machi="125" ten="25,6400,0" yaku="1,1,0,1,22,2,53,0" doraHai="13" doraHaiUra="26" who="1" fromWho="1" sc="219,-17,132,77,449,-33,190,-17" /><INIT seed="3,0,0,3,0,8" ten="202,209,416,173" oya="3" hai0="54,91,73,5,59,124,110,42,61,12,64,60,68" hai1="17,36,118,14,114,65,106,101,95,13,35,74,71" hai2="129,109,89,128,76,18,125,66,127,105,25,126,52" hai3="130,31,116,63,72,30,104,58,3,23,108,24,111"/><W33/><G104/><T41/><D110/><N who="3" m="42025" /><G72/><T1/><D124/><U28/><E36/><V57/><F109/><W43/><G116/><T90/><D1/><U32/><E74/><V122/><F122/><W82/><G130/><T11/><REACH who="0" step="1"/><D73/><REACH who="0" ten="192,209,416,173" step="2"/><U119/><E118/><V86/><F126/><W53/><G3/><T115/><D115/><U49/><E119/><V37/><F105/><W51/><G82/><T87/><D87/><U84/><E84/><V107/><F107/><W47/><G31/><T121/><D121/><U133/><E106/><V123/><F125/><W113/><G113/><T46/><D46/><U48/><E28/><V69/><F127/><W26/><G26/><T102/><D102/><U88/><E101/><V117/><F25/><W80/><G80/><T15/><D15/><U27/><E13/><V96/><F123/><W39/><G33/><T81/><D81/><U9/><E35/><V21/><F128/><W50/><AGARI ba="0,1" hai="23,24,30,39,43,47,50,51,53,58,63" m="42025" machi="50" ten="30,3000,0" yaku="14,1,10,1" doraHai="8" who="3" fromWho="3" sc="192,-10,209,-10,416,-10,173,40" /><INIT seed="3,1,0,2,2,49" ten="182,199,406,213" oya="3" hai0="121,73,69,56,47,13,70,43,122,41,84,99,5" hai1="17,110,42,52,32,53,60,37,111,79,109,119,117" hai2="126,120,98,112,18,3,80,81,54,103,72,100,4" hai3="92,131,23,104,33,86,16,67,105,59,31,58,95"/><W7/><G131/><T9/><D73/><U51/><E32/><V24/><F112/><W134/><G134/><T36/><D43/><U62/><E79/><V101/><F3/><W35/><G7/><T14/><D99/><U97/><E17/><V12/><F72/><W106/><G31/><T108/><D108/><U91/><E91/><V48/><F126/><W124/><G124/><T116/><D116/><N who="1" m="44619" /><E97/><V28/><F98/><W107/><G107/><T74/><D74/><U38/><E42/><V89/><F89/><W30/><G30/><T78/><D13/><U75/><E75/><V123/><F4/><W26/><G86/><T61/><D121/><N who="2" m="46666" /><F18/><W83/><G83/><T130/><D122/><U64/><E62/><V8/><F12/><W87/><G87/><T1/><D1/><U46/><E53/><V114/><F8/><W125/><G125/><T55/><REACH who="0" step="1"/><D130/><REACH who="0" ten="172,199,406,213" step="2"/><U34/><E34/><N who="2" m="20743" /><F114/><W71/><G33/><T68/><D68/><AGARI ba="1,1" hai="37,38,46,51,52,60,64,68,109,110,111" m="44619" machi="68" ten="40,12000,2" yaku="14,1,12,1,34,2,52,1,54,1" doraHai="49" who="1" fromWho="0" sc="172,-123,199,133,406,0,213,0" owari="49,-45.1,332,13.2,406,50.6,213,-18.7" /></mjloggm>