<mjloggm ver="2.3"><GO type="225" lobby="0"/><UN n0="%E6%9C%88%E5%B3%B6%E5%9F%BA" n1="%E6%B7%91%E5%A5%B3%E3%81%AE%E5%97%9C%E3%81%BF" n2="%43%68%65" n3="%E6%98%93%E5%88%A9%E8%96%A9%E4%BC%AF" dan="16,16,16,17" rate="2026.38,2094.90,2104.86,2182.18" sx="M,M,M,F"/><TAIKYOKU oya="0"/><INIT seed="0,0,0,4,5,133" ten="250,250,250,250" oya="0" hai0="59,6,93,12,126,45,36,0,92,3,26,27,60" hai1="85,72,28,22,18,96,55,119,40,99,41,33,65" hai2="128,31,30,66,81,46,77,20,103,50,9,107,134" hai3="42,114,125,52,86,109,14,121,82,10,129,17,127"/><T78/><D78/><U23/><E72/><V53/><F134/><W117/><G114/><T83/><D83/><U120/><E120/><V54/><F128/><W63/><G117/><T62/><D12/><U67/><E33/><V91/><F66/><W97/><G109/><T8/><D59/><U122/><E122/><V88/><F107/><W1/><G129/><T73/><D73/><U75/><E75/><V113/><F103/><W76/><G42/><T115/><D45/><U71/><E119/><V15/><F54/><W4/><G121/><T39/><D8/><U101/><E55/><V89/><F20/><W108/><G108/><T49/><D49/><U80/><E28/><V21/><F21/><W124/><G97/><T105/><D105/><U130/><E130/><V69/><F69/><W112/><G112/><T90/><D115/><U118/><E118/><V94/><F94/><W84/><G84/><T37/><D37/><U58/><E71/><V57/><F57/><N who="3" m="35239" /><G1/><T43/><D43/><U111/><E111/><V2/><F2/><W116/><G116/><T87/><D87/><U100/><E85/><N who="2" m="48303" /><F113/><W106/><G106/><T35/><D35/><U74/><E74/><V44/><F44/><W123/><G123/><T98/><D98/><U56/><E80/><V25/><F25/><W102/><G102/><T11/><D11/><U13/><E13/><V61/><F61/><W47/><G47/><T34/><D34/><U7/><E7/><AGARI ba="0,0" hai="7,9,15,30,31,46,50,53,88,89,91" m="48303" machi="7" ten="30,2000,0" yaku="8,1,54,1" doraHai="133" who="2" fromWho="1" sc="250,0,250,-20,250,20,250,0" /><AGARI ba="0,0" hai="4,7,10,14,17,76,82,86,124,125,127" m="35239" machi="7" ten="30,8000,1" yaku="18,1,52,3,54,1" doraHai="133" who="3" fromWho="1" sc="250,0,230,-80,270,0,250,80" /><INIT seed="1,0,0,4,2,104" ten="250,150,270,330" oya="1" hai0="87,90,17,24,93,89,27,107,125,133,59,97,2" hai1="117,81,56,116,9,82,23,109,112,50,49,53,76" hai2="83,111,54,101,130,88,103,36,6,119,34,62,115" hai3="98,122,110,20,21,16,14,22,46,128,39,55,100"/><U102/><E112/><V92/><F119/><W78/><G122/><T65/><D2/><U114/><E114/><V96/><F115/><W48/><G110/><T84/><D125/><U4/><E109/><V35/><F111/><W63/><G128/><T106/><D133/><U61/><E102/><V7/><F36/><W57/><G39/><T18/><D97/><U5/><E23/><V79/><F130/><W13/><G78/><T25/><D106/><U0/><E5/><V60/><F35/><W86/><G86/><T52/><D65/><U127/><E127/><V99/><F34/><W1/><G1/><T69/><D69/><U80/><REACH who="1" step="1"/><E76/><REACH who="1" ten="250,140,270,330" step="2"/><V38/><F79/><W45/><G14/><T94/><REACH who="0" step="1"/><D107/><REACH who="0" ten="240,140,270,330" step="2"/><U43/><E43/><V77/><F103/><W85/><G100/><T72/><D72/><U44/><E44/><V121/><F101/><W134/><G46/><T33/><D33/><U11/><E11/><V129/><F129/><W51/><G45/><T91/><D91/><U42/><E42/><V47/><F88/><W132/><G132/><T70/><D70/><U113/><E113/><V118/><F47/><W67/><G134/><T26/><N who="0" m="6144" /><DORA hai="64" /><T95/><D95/><U135/><E135/><V3/><F92/><W58/><G22/><T108/><D108/><U29/><E29/><V15/><F118/><AGARI ba="0,2" hai="0,4,9,49,50,53,56,61,80,81,82,116,117,118" machi="118" ten="40,2000,0" yaku="1,1,53,0" doraHai="104,64" doraHaiUra="75,37" who="1" fromWho="2" sc="240,0,140,40,270,-20,330,0" /><INIT seed="1,1,0,5,1,62" ten="240,180,250,330" oya="1" hai0="27,20,18,80,105,88,115,37,100,127,72,92,19" hai1="109,117,29,15,86,47,57,85,102,9,12,31,7" hai2="124,34,103,71,99,112,6,11,52,108,14,128,17" hai3="87,21,111,60,74,129,93,22,56,135,116,48,51"/><U69/><E117/><V96/><F71/><W133/><G74/><T113/><D37/><U66/><E109/><V0/><F108/><W77/><G129/><T132/><D132/><N who="3" m="50761" /><G116/><T43/><D43/><U64/><E102/><V101/><F128/><W122/><G122/><T8/><D127/><U42/><E69/><V46/><F34/><W84/><G84/><N who="1" m="32362" /><E57/><V45/><F124/><W126/><G126/><T5/><D100/><U25/><E15/><V23/><F112/><W90/><G77/><T49/><D105/><U58/><E58/><V40/><F40/><W123/><G123/><T107/><D107/><U106/><E106/><V70/><F70/><W26/><G111/><T38/><D38/><U63/><E63/><V82/><F82/><W68/><G68/><T104/><D80/><U53/><E42/><V131/><F131/><W59/><G59/><T73/><D104/><U83/><E83/><V39/><F39/><W4/><G60/><T110/><D49/><N who="1" m="28863" /><E25/><N who="2" m="14575" /><F0/><W13/><G26/><T35/><D110/><U114/><E114/><V3/><F3/><W54/><G51/><T119/><D119/><U16/><E7/><V95/><F52/><W78/><G78/><T44/><D113/><U1/><E1/><V134/><F134/><W98/><G87/><N who="0" m="52255" /><D115/><U121/><E121/><V32/><F32/><W30/><G48/><T94/><D72/><U10/><E10/><V28/><F46/><W33/><G33/><T36/><D73/><U97/><E97/><V24/><F45/><W118/><G118/><T125/><D44/><U65/><AGARI ba="1,0" hai="9,12,16,29,31,64,65,66" m="28863,32362" machi="65" ten="30,12000,1" yaku="8,1,52,3,54,1" doraHai="62" who="1" fromWho="1" sc="240,-41,180,123,250,-41,330,-41" /><INIT seed="1,2,0,0,5,55" ten="199,303,209,289" oya="1" hai0="105,93,60,0,8,9,85,102,84,29,83,27,33" hai1="58,80,43,94,128,23,122,125,53,131,114,117,95" hai2="121,126,45,12,3,135,91,75,26,20,47,44,10" hai3="87,109,35,68,56,42,41,111,96,99,39,11,22"/><U108/><E114/><V112/><F121/><W5/><G68/><T72/><D105/><U15/><E117/><V89/><F75/><W74/><G74/><T24/><D72/><U124/><E122/><V18/><F112/><W71/><G71/><T76/><D0/><U127/><E43/><V28/><F126/><W67/><G35/><T82/><D27/><U86/><E108/><N who="3" m="41546" /><G22/><T78/><REACH who="0" step="1"/><D60/><REACH who="0" ten="189,303,209,289" step="2"/><N who="1" m="35919" /><E131/><V59/><F135/><W63/><G39/><T113/><D113/><U19/><E128/><V50/><F3/><N who="3" m="447" /><G87/><T6/><D6/><U14/><E14/><V4/><F4/><W31/><G31/><T129/><D129/><U115/><E115/><V73/><F73/><W79/><G79/><AGARI ba="2,1" hai="15,19,23,79,80,86,94,95,124,125,127" m="35919" machi="79" ten="30,2900,0" yaku="18,1,52,1" doraHai="55" who="1" fromWho="3" sc="189,0,303,45,209,0,289,-35" /><INIT seed="1,3,0,3,5,95" ten="189,348,209,254" oya="1" hai0="9,85,32,93,76,92,67,81,37,38,120,66,13" hai1="133,5,0,72,122,102,105,55,12,130,50,24,29" hai2="135,106,39,10,87,132,104,27,14,6,18,100,23" hai3="110,71,15,131,42,115,19,8,88,101,80,28,126"/><U68/><E122/><V41/><F87/><W49/><G115/><T69/><D120/><U7/><E0/><V97/><REACH who="2" step="1"/><F106/><REACH who="2" ten="189,348,199,254" step="2"/><W114/><G114/><T121/><D121/><U118/><E105/><V11/><F11/><W129/><G8/><T70/><D9/><U46/><E72/><V25/><F25/><W117/><G131/><T79/><D85/><U75/><E24/><V86/><F86/><W2/><G129/><T3/><D13/><U30/><E75/><V90/><F90/><W65/><G88/><T34/><REACH who="0" step="1"/><D81/><REACH who="0" ten="179,348,199,254" step="2"/><U73/><E12/><V16/><F16/><W26/><G80/><T99/><D99/><U36/><E73/><V44/><AGARI ba="3,2" hai="6,10,14,18,23,27,39,41,44,97,100,104,132,135" machi="44" ten="30,7900,0" yaku="1,1,0,1,52,1,53,1" doraHai="95" doraHaiUra="40" who="2" fromWho="2" sc="179,-23,348,-42,199,108,254,-23" /><INIT seed="2,0,0,0,0,33" ten="156,306,307,231" oya="2" hai0="0,43,4,31,50,46,37,41,111,82,100,57,15" hai1="96,20,13,116,93,35,72,76,53,133,80,56,34" hai2="109,108,62,71,124,81,91,69,132,121,45,110,126" hai3="6,7,2,130,97,23,21,105,73,86,5,48,17"/><V39/><F121/><W58/><G73/><T104/><D111/><U95/><E116/><V64/><F132/><W117/><G117/><T74/><D31/><U102/><E133/><V106/><F106/><W32/><G32/><T29/><D29/><U107/><E95/><V127/><F91/><W3/><G86/><T79/><D15/><U16/><REACH who="1" step="1"/><E107/><REACH who="1" ten="156,296,307,231" step="2"/><V59/><F81/><W77/><G105/><T63/><D104/><U19/><E19/><V115/><F115/><W27/><G17/><T22/><D100/><U99/><E99/><V44/><F39/><W134/><G97/><T114/><D114/><U89/><E89/><V90/><F90/><W52/><G134/><T103/><D103/><U85/><E85/><V1/><F1/><W51/><G3/><T125/><D125/><U67/><E67/><V40/><F40/><W83/><G2/><T88/><D88/><U119/><E119/><V131/><F131/><W84/><G130/><T75/><D75/><U112/><E112/><V61/><F71/><W30/><REACH who="3" step="1"/><G23/><REACH who="3" ten="156,296,307,221" step="2"/><T123/><D123/><U11/><E11/><V36/><F36/><W101/><G101/><T10/><D22/><U122/><E122/><V87/><F87/><W66/><G66/><AGARI ba="0,2" hai="44,45,59,61,62,64,66,69,108,109,110,124,126,127" machi="66" ten="50,18000,2" yaku="14,1,10,1,18,1,34,3" doraHai="33" who="2" fromWho="3" sc="156,0,296,0,307,200,221,-180" /><INIT seed="2,1,0,1,1,127" ten="156,296,507,41" oya="2" hai0="22,19,1,99,29,10,64,7,56,83,16,114,28" hai1="110,90,72,8,86,73,74,112,81,89,40,44,113" hai2="105,128,14,78,101,41,106,54,24,34,117,96,63" hai3="39,2,37,20,52,0,124,95,61,12,119,80,68"/><V79/><F117/><W49/><G119/><T93/><D114/><U82/><E8/><V125/><F106/><W31/><G124/><T71/><D71/><U32/><E32/><V27/><F27/><W69/><G80/><T87/><D64/><U47/><E110/><V115/><F41/><W123/><G123/><T45/><D56/><U102/><E102/><V97/><F97/><W103/><G103/><T130/><D45/><U58/><E58/><N who="2" m="35287" /><F14/><W129/><G129/><T25/><D130/><U53/><E40/><V38/><F38/><W84/><G69/><T92/><D29/><U48/><E44/><V59/><F59/><W50/><G50/><T134/><D134/><U70/><E70/><V120/><F120/><W67/><G31/><T77/><REACH who="0" step="1"/><D93/><REACH who="0" ten="146,296,507,41" step="2"/><U33/><E112/><V66/><F66/><W76/><G39/><T46/><D46/><U9/><E47/><V135/><F115/><W5/><G37/><T51/><D51/><U15/><E48/><V88/><F135/><W126/><G126/><T94/><D94/><U111/><E113/><V107/><F125/><W62/><G62/><T91/><AGARI ba="1,1" hai="1,7,10,16,19,22,25,28,77,83,87,91,92,99" machi="91" ten="20,5200,0" yaku="1,1,0,1,7,1,54,1,53,0" doraHai="127" doraHaiUra="133" who="0" fromWho="0" sc="146,65,296,-14,507,-27,41,-14" /><INIT seed="3,0,0,4,2,81" ten="211,282,480,27" oya="3" hai0="132,87,6,48,39,63,11,133,43,131,86,121,40" hai1="14,10,106,52,62,27,4,115,67,2,120,105,26" hai2="41,59,21,60,32,54,77,76,15,99,78,55,98" hai3="93,45,122,73,42,127,110,71,68,0,69,36,75"/><W19/><G122/><T103/><D121/><U124/><E115/><V49/><F41/><N who="0" m="15946" /><D39/><U97/><E120/><V7/><F32/><W80/><G127/><T91/><D103/><U18/><E124/><V83/><F83/><W53/><G110/><T107/><D107/><U74/><E74/><V72/><F72/><W22/><G0/><T108/><D108/><U5/><E52/><V66/><F55/><W25/><G93/><T64/><D48/><U30/><E26/><V101/><F101/><W9/><G9/><T37/><D91/><U13/><E13/><V31/><F31/><W112/><G112/><T20/><D20/><N who="1" m="11351" /><E97/><V47/><F21/><W8/><G8/><AGARI ba="0,0" hai="7,8,15,47,49,54,59,60,66,76,77,78,98,99" machi="8" ten="40,1300,0" yaku="8,1" doraHai="81" who="2" fromWho="3" sc="211,0,282,0,480,13,27,-13" owari="211,-18.9,282,8.2,493,59.3,14,-48.6" /></mjloggm>