<mjloggm ver="2.3"><GO type="225" lobby="0"/><UN n0="%72%61%6B%33" n1="%E8%A8%88%E7%AE%97%E6%A9%9F%E8%87%AA%E7%84%B6" n2="%74%2E%6F%2E%6F%2E%73" n3="%E6%98%93%E5%88%A9%E8%96%A9%E4%BC%AF" dan="16,17,17,16" rate="2143.42,2142.58,2143.18,2119.22" sx="M,M,M,F"/><TAIKYOKU oya="0"/><INIT seed="0,0,0,5,0,13" ten="250,250,250,250" oya="0" hai0="128,74,6,1,40,8,72,132,50,91,21,26,23" hai1="133,4,33,35,80,101,103,34,28,126,32,78,108" hai2="55,53,16,30,90,110,70,104,119,93,44,10,29" hai3="115,7,49,59,113,134,65,82,102,100,107,22,85"/><T37/><D128/><U121/><E121/><V56/><F70/><W124/><G124/><T41/><D132/><U64/><E4/><V25/><F104/><W118/><G118/><T63/><D37/><U61/><E126/><V77/><F77/><W5/><G134/><T31/><D63/><U47/><E133/><V76/><F76/><W120/><G120/><T117/><D117/><U20/><E108/><V71/><F71/><W54/><G65/><T15/><D91/><U86/><N who="1" m="8192" /><DORA hai="58" /><U88/><E47/><V112/><F110/><W129/><G129/><T51/><D51/><U109/><E109/><V52/><F112/><W87/><G115/><T135/><D135/><U18/><E28/><N who="2" m="10859" /><F44/><W24/><G87/><T125/><D125/><U95/><E20/><N who="2" m="13447" /><F10/><W45/><G45/><T83/><D74/><U69/><REACH who="1" step="1"/><E18/><REACH who="1" ten="250,240,250,250" step="2"/><V122/><F122/><W105/><G113/><T130/><D130/><U57/><E57/><V48/><F119/><W106/><G5/><T89/><D6/><U96/><AGARI ba="0,1" hai="61,64,69,78,80,86,88,95,96,101,103" m="8192" machi="96" ten="60,8000,1" yaku="1,1,0,1,52,1,54,1,53,1" doraHai="13,58" doraHaiUra="62,27" who="1" fromWho="1" sc="250,-40,240,90,250,-20,250,-20" /><INIT seed="1,0,0,4,4,81" ten="210,330,230,230" oya="1" hai0="5,111,102,129,15,93,74,18,59,98,132,37,9" hai1="35,73,113,92,54,1,13,79,43,65,71,20,119" hai2="34,52,117,22,105,85,67,82,42,19,8,48,63" hai3="56,69,14,115,45,100,40,124,83,55,121,4,29"/><U49/><E1/><V68/><F34/><W30/><G115/><T128/><D37/><U44/><E35/><V90/><F105/><W75/><G69/><T86/><D74/><U38/><E119/><V101/><F101/><W39/><G124/><T123/><D111/><U53/><E79/><V99/><F99/><W25/><G100/><T97/><D132/><U33/><E33/><V51/><F117/><W2/><G14/><T106/><D123/><U64/><E73/><V78/><F8/><W126/><G126/><T24/><D59/><U109/><E113/><V133/><F133/><W84/><G25/><T94/><D106/><U135/><E71/><V125/><F125/><W0/><G75/><T107/><D107/><U32/><E32/><V134/><F134/><W27/><G4/><T58/><D58/><U66/><E38/><V70/><F70/><W77/><G121/><T130/><D86/><U17/><E109/><V80/><F42/><W6/><G27/><T96/><REACH who="0" step="1"/><D102/><REACH who="0" ten="200,330,230,230" step="2"/><U110/><E110/><V28/><F68/><W21/><G56/><T61/><D61/><U16/><E135/><V76/><F63/><W122/><G39/><T26/><D26/><N who="1" m="14599" /><E92/><V7/><F51/><W41/><G122/><T114/><D114/><U62/><E62/><V57/><F48/><W120/><G120/><T95/><D95/><U47/><E44/><V46/><F46/><W112/><G45/><T12/><D12/><U118/><E118/><V60/><F60/><W72/><G112/><T10/><D10/><AGARI ba="0,1" hai="10,13,17,43,47,49,53,54,64,65,66" m="14599" machi="10" ten="30,2900,0" yaku="8,1,54,1" doraHai="81" who="1" fromWho="0" sc="200,-29,330,39,230,0,230,0" /><INIT seed="1,1,0,4,2,82" ten="171,369,230,230" oya="1" hai0="3,12,102,101,40,15,91,106,116,79,113,90,122" hai1="85,44,114,28,70,29,63,5,131,19,123,124,76" hai2="88,17,13,103,18,96,77,121,83,119,4,72,10" hai3="31,47,94,66,112,57,27,53,54,108,64,41,65"/><U0/><E114/><V6/><F119/><W60/><G112/><T59/><D113/><U109/><E123/><V62/><F121/><W129/><G108/><T111/><D122/><U80/><E0/><V22/><F62/><W49/><G94/><T95/><D3/><U43/><E5/><V100/><F100/><W81/><G129/><T130/><D106/><U125/><E131/><V135/><F135/><W8/><G8/><T55/><D130/><U92/><E19/><V86/><F72/><W75/><G75/><T78/><D40/><U33/><E33/><V34/><F34/><W42/><REACH who="3" step="1"/><G81/><REACH who="3" ten="171,369,230,220" step="2"/><T71/><D111/><U132/><E92/><N who="2" m="58759" /><F77/><W37/><G37/><T74/><D74/><U23/><E109/><V1/><F1/><W11/><G11/><T16/><D79/><U128/><E128/><V38/><F38/><W61/><G61/><T73/><D78/><U97/><E63/><V118/><F118/><W30/><G30/><T134/><D73/><U48/><E28/><V9/><F10/><W115/><G115/><T58/><D116/><U117/><E117/><V46/><F46/><W127/><G127/><T89/><D95/><U56/><E125/><V7/><F7/><W39/><G39/><T93/><D93/><U25/><E124/><V24/><AGARI ba="1,1" hai="4,6,9,13,17,18,22,24,83,86,88" m="58759" machi="24" ten="30,4000,0" yaku="8,1,52,1,54,1" doraHai="82" who="2" fromWho="2" sc="171,-11,369,-21,230,53,220,-11" /><INIT seed="2,0,0,4,0,45" ten="160,348,283,209" oya="2" hai0="55,44,25,74,14,73,97,5,27,95,123,84,124" hai1="28,83,93,96,46,102,135,87,50,134,21,7,78" hai2="129,120,89,92,113,38,79,49,48,62,19,77,80" hai3="17,68,60,40,67,18,57,2,108,53,8,100,106"/><V128/><F113/><W65/><G108/><T85/><D123/><U41/><REACH who="1" step="1"/><E7/><REACH who="1" ten="160,338,283,209" step="2"/><V69/><F128/><W70/><G70/><T39/><D5/><U94/><E94/><V132/><F129/><W98/><G68/><T121/><D95/><U127/><E127/><V37/><F69/><W3/><G40/><T112/><D124/><U75/><E75/><V47/><F92/><W90/><G3/><T59/><D74/><U117/><E117/><V109/><F120/><W15/><G2/><T126/><D73/><U54/><E54/><V99/><F109/><W81/><REACH who="3" step="1"/><G18/><REACH who="3" ten="160,338,283,199" step="2"/><T118/><D126/><U11/><E11/><V66/><F19/><W103/><G103/><T125/><D125/><U33/><E33/><V71/><F71/><W61/><G61/><T131/><D121/><U115/><E115/><V10/><F62/><W58/><G58/><T30/><D59/><U114/><E114/><V63/><F63/><W110/><G110/><T16/><D112/><U104/><E104/><V24/><F47/><W64/><G64/><T13/><D44/><U0/><E0/><V116/><F66/><W119/><G119/><T9/><D16/><U56/><E56/><V23/><F116/><W91/><G91/><T86/><D118/><U122/><E122/><V133/><F89/><W82/><G82/><T35/><D9/><U43/><E43/><V107/><F10/><W4/><G4/><T12/><D35/><U42/><E42/><V101/><F80/><W111/><G111/><T29/><D131/><U32/><E32/><V105/><F105/><W34/><G34/><RYUUKYOKU ba="0,2" sc="160,-15,338,15,283,-15,199,15" hai1="21,28,41,46,50,78,83,87,93,96,102,134,135" hai3="8,15,17,53,57,60,65,67,81,90,98,100,106" /><INIT seed="3,1,2,3,5,85" ten="145,353,268,214" oya="3" hai0="18,76,0,37,58,101,36,46,78,89,48,44,114" hai1="19,87,29,8,2,105,104,63,16,94,118,25,103" hai2="96,122,117,50,28,42,32,81,99,54,23,65,102" hai3="111,62,5,30,59,126,135,67,124,97,125,11,57"/><W88/><G135/><T21/><D0/><U129/><E63/><V75/><F32/><W34/><G111/><T15/><D114/><U61/><E61/><V109/><F117/><W121/><G121/><T31/><D37/><U92/><E92/><V22/><F65/><W20/><G34/><T98/><D31/><U9/><E9/><V93/><F42/><W53/><G20/><T130/><D130/><U132/><E19/><V69/><F69/><N who="3" m="42231" /><G30/><T52/><D89/><U17/><E17/><V43/><F43/><W14/><G53/><T119/><D119/><U47/><E87/><V33/><F109/><W27/><G27/><T4/><D4/><U12/><E12/><V84/><F75/><W113/><G113/><T80/><D36/><U40/><E25/><V73/><F73/><W7/><G7/><T41/><D80/><U68/><E40/><V74/><F74/><W66/><G66/><T24/><D24/><U82/><E29/><V120/><F33/><W115/><G115/><T55/><D55/><U127/><E118/><V49/><F28/><W51/><G51/><T91/><D91/><U83/><E132/><V106/><F50/><W39/><G39/><T134/><D134/><U110/><E110/><V108/><F108/><W79/><G79/><T64/><D64/><U13/><E13/><V77/><F120/><W60/><G60/><T86/><D86/><U71/><E68/><V3/><F122/><W45/><G45/><N who="0" m="17515" /><D41/><U26/><E26/><V70/><F3/><W56/><G88/><T107/><D78/><U90/><E71/><V112/><F70/><RYUUKYOKU ba="1,2" sc="145,15,353,-15,268,-15,214,15" hai0="15,18,21,48,52,58,76,98,101,107" hai3="5,11,14,56,57,59,97,124,125,126" /><INIT seed="3,2,2,0,3,2" ten="160,338,253,229" oya="3" hai0="26,121,67,44,103,39,18,70,73,101,96,24,74" hai1="89,78,61,36,84,35,91,80,112,85,115,109,79" hai2="124,30,59,68,94,64,17,127,135,42,37,15,130" hai3="49,22,7,132,21,111,86,119,76,125,56,27,23"/><W20/><G119/><T116/><D116/><U10/><E35/><V41/><F68/><W105/><G105/><T83/><D121/><U48/><E36/><V3/><F3/><W110/><G132/><T34/><D101/><U65/><E109/><N who="3" m="41482" /><G125/><N who="2" m="48201" /><F37/><W60/><G49/><T31/><D83/><U43/><E10/><N who="2" m="6391" /><F135/><W50/><G50/><T75/><D24/><U19/><E19/><V71/><F71/><W133/><G133/><T9/><D18/><U129/><E129/><V46/><F46/><W5/><G86/><T113/><D9/><U120/><E84/><V114/><F114/><W118/><G76/><T123/><D113/><U53/><E78/><V40/><F94/><W92/><G92/><T98/><D123/><U81/><E48/><V47/><F130/><W95/><G95/><T55/><D55/><U82/><E53/><V13/><F47/><W104/><G104/><T99/><D44/><U131/><E131/><V90/><F90/><N who="1" m="34313" /><E120/><V0/><F42/><W8/><G8/><T52/><D52/><U128/><E43/><V33/><F41/><W107/><G107/><T63/><REACH who="0" step="1"/><D39/><REACH who="0" ten="150,338,253,229" step="2"/><U72/><E128/><V100/><F100/><W97/><G118/><T1/><D1/><U93/><E115/><V29/><F0/><W108/><G108/><T45/><D45/><U66/><E112/><V134/><F40/><W88/><G27/><T51/><D51/><U57/><E82/><V126/><F134/><W4/><N who="3" m="5120" /><DORA hai="54" /><W12/><G12/><T69/><D69/><N who="1" m="42159" /><E80/><V58/><F126/><W32/><G97/><T102/><AGARI ba="2,3" hai="26,31,34,63,67,70,73,74,75,96,98,99,102,103" machi="102" ten="40,8000,1" yaku="1,1,0,1,53,3" doraHai="2,54" doraHaiUra="106,14" who="0" fromWho="0" sc="150,116,338,-22,253,-22,229,-42" owari="266,6.6,316,41.6,231,-16.9,187,-31.3" /></mjloggm>