<mjloggm ver="2.3"><GO type="225" lobby="0"/><UN n0="%E6%9C%88%E5%B3%B6%E5%9F%BA" n1="%77%72%77%72%77%72%77%72" n2="%53%61%63%68%69%30%34" n3="%72%65%6E%6B%75%6E" dan="18,16,16,17" rate="2233.53,2099.27,2072.31,2184.84" sx="M,M,M,M"/><TAIKYOKU oya="0"/><INIT seed="0,0,0,2,0,83" ten="250,250,250,250" oya="0" hai0="10,46,76,4,103,86,20,69,132,113,85,96,70" hai1="90,109,37,107,24,3,79,17,134,82,47,88,19" hai2="41,39,120,100,27,36,11,115,98,112,110,33,92" hai3="2,26,95,133,43,94,51,81,93,111,65,75,104"/><T68/><D113/><U63/><E3/><V108/><F120/><W62/><G104/><T122/><D122/><U25/><E107/><N who="2" m="63895" /><F11/><W74/><G2/><T50/><D20/><U15/><E109/><N who="2" m="42091" /><F92/><W128/><G128/><T1/><D76/><U61/><E134/><V8/><F8/><W84/><G133/><T32/><D32/><U44/><E37/><N who="2" m="14411" /><F41/><W21/><G111/><T13/><D1/><U49/><E49/><V118/><F118/><W7/><G7/><T60/><D60/><U89/><E44/><V135/><F135/><W6/><G6/><T80/><D80/><U125/><E47/><V0/><F0/><W114/><G43/><T16/><D4/><U91/><E61/><V28/><AGARI ba="0,0" hai="27,28,33,112,115" m="14411,42091,63895" machi="28" ten="40,2700,0" yaku="14,1,23,1" doraHai="83" who="2" fromWho="2" sc="250,-13,250,-7,250,27,250,-7" /><INIT seed="1,0,0,4,1,40" ten="237,243,277,243" oya="1" hai0="77,64,47,32,66,65,63,118,126,2,92,37,111" hai1="122,21,17,22,14,117,113,16,108,62,75,39,41" hai2="13,24,109,97,34,42,134,130,80,93,98,9,51" hai3="28,124,101,31,12,43,112,20,25,76,68,56,61"/><U30/><E113/><V106/><F106/><W26/><G112/><T114/><D32/><U49/><E117/><V38/><F38/><W53/><G124/><T89/><D114/><U133/><E122/><V86/><F109/><W57/><G68/><T54/><D2/><U119/><E119/><V95/><F130/><W91/><G101/><T48/><D111/><U96/><E108/><V4/><F134/><W5/><G76/><T33/><D33/><U129/><E133/><V125/><F125/><W102/><G102/><T27/><D118/><U135/><E135/><V7/><F7/><W84/><G43/><T8/><D37/><U94/><E129/><V73/><F73/><W116/><G116/><T132/><D132/><U100/><E75/><V90/><F24/><W85/><G57/><N who="0" m="35255" /><D77/><U10/><E39/><V82/><F34/><W3/><G3/><T83/><D83/><N who="2" m="31786" /><F95/><W104/><G104/><T87/><D27/><U110/><E110/><V50/><F42/><W58/><G26/><T88/><D89/><U23/><E62/><V6/><F4/><W55/><G28/><T123/><D123/><U19/><REACH who="1" step="1"/><E30/><REACH who="1" ten="237,233,277,243" step="2"/><V67/><F67/><W70/><G70/><T45/><D126/><U1/><E1/><V105/><F51/><N who="3" m="30783" /><G91/><T107/><D48/><U52/><E52/><V11/><F50/><W18/><G31/><T128/><D128/><U81/><E81/><V15/><F90/><W46/><G46/><AGARI ba="0,1" hai="10,14,16,17,19,21,22,23,41,46,49,94,96,100" machi="46" ten="40,12000,1" yaku="1,1,8,1,52,1,54,1,53,0" doraHai="40" doraHaiUra="72" who="1" fromWho="3" sc="237,0,233,130,277,0,243,-120" /><INIT seed="1,1,0,1,5,76" ten="237,363,277,123" oya="1" hai0="83,120,95,134,14,130,111,70,127,44,90,107,124" hai1="115,31,11,66,105,41,101,110,0,47,102,68,84" hai2="119,48,38,3,65,117,22,57,80,53,18,54,103" hai3="6,39,129,128,87,29,126,23,19,59,20,2,37"/><U135/><E115/><V81/><F38/><W67/><G126/><N who="0" m="48171" /><D70/><U98/><E135/><V85/><F3/><W50/><G29/><T113/><D14/><U112/><E112/><V108/><F65/><W74/><G74/><T7/><D7/><U32/><E110/><V122/><F122/><W75/><G75/><T60/><D60/><U78/><E102/><V52/><F108/><W97/><G6/><T36/><D44/><U1/><E11/><V58/><F103/><W30/><G2/><T27/><D27/><N who="1" m="18559" /><E84/><V93/><F53/><W9/><G9/><T26/><D26/><U121/><E78/><V94/><F119/><W61/><G50/><T4/><D36/><N who="1" m="21927" /><E121/><V118/><F118/><W62/><G62/><AGARI ba="1,0" hai="0,1,62,66,68,98,101,105" m="21927,18559" machi="62" ten="30,5800,0" yaku="25,1,33,2" doraHai="76" who="1" fromWho="3" sc="237,0,363,61,277,0,123,-61" /><INIT seed="1,2,0,0,4,42" ten="237,424,277,62" oya="1" hai0="120,67,44,57,41,132,55,9,40,46,65,12,64" hai1="11,26,74,99,104,7,61,63,106,69,91,29,96" hai2="59,82,34,73,97,80,70,17,13,76,3,122,101" hai3="79,100,89,38,66,23,88,126,28,2,127,62,0"/><U39/><E74/><V105/><F3/><W86/><G38/><T21/><D132/><U24/><E39/><V116/><F70/><W22/><G100/><T37/><D21/><U129/><E129/><V45/><F34/><W124/><G79/><T84/><D84/><U54/><E69/><V49/><F122/><W5/><G89/><T93/><D93/><U83/><E54/><V125/><F125/><W109/><G109/><T32/><D32/><U48/><E48/><V123/><F123/><W94/><G5/><T81/><D81/><U1/><E83/><V90/><F59/><W51/><G51/><N who="0" m="27015" /><D12/><U52/><E91/><V56/><F56/><W111/><G111/><T30/><D9/><U31/><E52/><V19/><F13/><W72/><G72/><T130/><D30/><U92/><E92/><V114/><F114/><W18/><G28/><T95/><D95/><U14/><E14/><V50/><F50/><W4/><G4/><T98/><D98/><U107/><E107/><V6/><F6/><W68/><REACH who="3" step="1"/><G22/><REACH who="3" ten="237,424,277,52" step="2"/><T60/><D130/><U77/><E7/><V36/><F36/><W117/><G117/><T58/><D120/><U134/><E77/><V135/><F116/><W71/><G71/><T35/><D35/><U102/><E102/><V43/><REACH who="2" step="1"/><F135/><REACH who="2" ten="237,424,267,52" step="2"/><W33/><G33/><T128/><D128/><U112/><E134/><V110/><F110/><W78/><G78/><T133/><D133/><U53/><E1/><V119/><F119/><W121/><G121/><T8/><D8/><U16/><E11/><V118/><F118/><W25/><AGARI ba="2,2" hai="0,2,18,23,25,62,66,68,86,88,94,124,126,127" machi="25" ten="30,8000,1" yaku="1,1,5,1,0,1,18,1,54,1,53,0" doraHai="42" doraHaiUra="115" who="3" fromWho="3" sc="237,-22,424,-42,267,-22,52,106" /><INIT seed="2,0,0,2,3,36" ten="215,382,245,158" oya="2" hai0="25,62,104,123,22,130,79,108,31,107,87,124,10" hai1="19,105,112,115,23,59,135,15,91,129,90,77,116" hai2="4,97,92,64,41,61,88,5,29,20,48,56,134" hai3="100,35,121,68,52,24,119,40,71,94,14,80,84"/><V76/><F134/><W45/><G119/><T128/><D123/><U53/><E116/><V17/><F76/><W57/><G121/><T118/><D118/><U44/><E135/><V93/><F29/><W74/><G74/><T72/><D108/><U8/><E129/><N who="0" m="49769" /><D124/><U38/><E105/><V69/><F93/><W127/><G127/><T96/><D72/><U47/><E77/><V70/><F70/><W132/><G132/><T46/><D62/><U89/><E38/><V28/><F28/><W1/><G1/><T67/><D67/><U122/><E122/><V26/><F69/><W58/><G14/><T113/><D113/><U98/><E98/><V117/><F117/><W30/><G100/><T120/><D46/><AGARI ba="0,0" hai="4,5,17,20,26,41,46,48,56,61,64,88,92,97" machi="46" ten="40,7700,0" yaku="8,1,52,1,54,1" doraHai="36" who="2" fromWho="0" sc="215,-77,382,0,245,77,158,0" /><INIT seed="2,1,0,3,3,51" ten="138,382,322,158" oya="2" hai0="101,7,6,69,39,16,60,21,31,66,9,125,18" hai1="4,43,61,10,93,115,62,55,45,81,65,86,25" hai2="20,135,127,94,134,84,124,110,98,29,106,105,132" hai3="76,78,44,104,103,80,17,87,53,24,89,116,122"/><V2/><F2/><W37/><G116/><T34/><D39/><U129/><E115/><V30/><F20/><N who="3" m="13327" /><G122/><T96/><D125/><N who="2" m="48202" /><F29/><W15/><G104/><N who="2" m="40041" /><F30/><W111/><G111/><T91/><D91/><U118/><E118/><V131/><F131/><W68/><G68/><T77/><D77/><N who="3" m="29801" /><G37/><T32/><D32/><U11/><E129/><V50/><F50/><N who="3" m="28871" /><G15/><T109/><D109/><U107/><E107/><V27/><F27/><W70/><G70/><T35/><D35/><U5/><E25/><V56/><F56/><W26/><G26/><T8/><D34/><U100/><E11/><V1/><F1/><W114/><G114/><T33/><D33/><U88/><E10/><V46/><F110/><W52/><G103/><T126/><D126/><U0/><E0/><V108/><F108/><W97/><G97/><T133/><D31/><U12/><E12/><V130/><F130/><W75/><G75/><T38/><D38/><U117/><E117/><V113/><F113/><W83/><G83/><T13/><D9/><U47/><E100/><N who="2" m="60503" /><F46/><W63/><G63/><T67/><D8/><U36/><E45/><V3/><F3/><W42/><G42/><T72/><D18/><U23/><E61/><V74/><F74/><W19/><G19/><T57/><D72/><U22/><E62/><V54/><F54/><AGARI ba="1,0" hai="52,54,80,87,89" m="28871,29801,13327" machi="54" ten="30,8000,1" yaku="8,1,52,3,54,1" doraHai="51" who="3" fromWho="2" sc="138,0,382,0,322,-83,158,83" /><INIT seed="3,0,0,4,0,47" ten="138,382,239,241" oya="3" hai0="12,121,65,118,45,30,52,32,27,76,53,1,8" hai1="96,69,102,29,126,49,0,72,91,22,60,88,127" hai2="19,105,122,112,31,54,99,40,21,42,51,58,128" hai3="98,2,17,38,73,4,117,103,35,104,23,130,68"/><W97/><G35/><T18/><D118/><U56/><E72/><V125/><F112/><W100/><G117/><T124/><D121/><U33/><E0/><V20/><F122/><W111/><G73/><T84/><D124/><N who="1" m="47659" /><E33/><V86/><F125/><W7/><G68/><T113/><D113/><U90/><E49/><V108/><F108/><W25/><G38/><T26/><D65/><N who="1" m="39047" /><E69/><V46/><F128/><W82/><G130/><T83/><D27/><N who="1" m="16631" /><E91/><V132/><F132/><W115/><G115/><T119/><D119/><U14/><E14/><N who="2" m="9335" /><F105/><AGARI ba="0,0" hai="88,90,96,102,105" m="16631,39047,47659" machi="105" ten="30,2000,0" yaku="18,1,54,1" doraHai="47" who="1" fromWho="2" sc="138,0,382,20,239,-20,241,0" owari="138,-36.2,402,50.2,219,-18.1,241,4.1" /></mjloggm>