<mjloggm ver="2.3"><GO type="225" lobby="0"/><UN n0="%E6%9D%B1%E9%A2%A8%E3%81%AE%E3%81%8D%E3%82%83%E3%81%B7%E3%81%95%E3%82%93" n1="%E3%81%93%E3%81%9F%E3%82%8D%E3%81%86%E3%81%8F%E3%82%93" n2="%E3%81%95%E3%81%8D%E3%81%9F%E3%81%BE%E6%9E%97%E6%AA%8E" n3="%E3%83%A9%E3%83%BC%E3%83%A1%E3%83%B3%E4%BA%94%E9%83%8E" dan="16,16,16,16" rate="2106.31,2069.56,2120.19,2158.54" sx="M,M,M,M"/><TAIKYOKU oya="0"/><INIT seed="0,0,0,5,1,2" ten="250,250,250,250" oya="0" hai0="21,14,95,74,89,56,102,98,3,33,122,83,30" hai1="71,110,60,72,100,75,66,78,35,130,93,129,13" hai2="27,127,125,117,84,126,52,43,91,70,112,103,37" hai3="36,88,81,134,128,131,45,135,28,6,49,113,124"/><T16/><D122/><U73/><E110/><V20/><F112/><W118/><G113/><T85/><D3/><U48/><E35/><V123/><F123/><W68/><G118/><T29/><D33/><U10/><E78/><V1/><F1/><W109/><G109/><T53/><REACH who="0" step="1"/><D74/><REACH who="0" ten="240,250,250,250" step="2"/><U108/><E108/><V54/><F117/><W24/><G135/><T76/><D76/><U42/><E73/><V65/><F103/><W18/><G134/><T17/><D17/><U114/><E114/><V25/><F127/><W4/><G18/><T105/><D105/><U82/><E100/><V96/><F126/><W92/><G124/><T106/><D106/><U63/><E75/><V101/><F101/><W86/><G131/><T19/><D19/><U104/><E104/><V39/><F125/><W12/><G128/><T99/><D99/><U94/><E72/><V38/><F96/><W55/><G86/><T133/><D133/><U22/><E129/><V62/><F84/><W0/><G0/><T79/><D79/><U69/><E130/><V121/><F121/><W61/><G28/><T7/><D7/><U119/><E119/><V40/><F91/><W67/><G88/><T23/><D23/><U115/><E22/><V9/><F20/><W77/><G77/><T111/><D111/><U87/><E87/><V59/><F9/><W80/><G4/><T120/><D120/><U58/><E115/><V107/><F107/><W116/><G116/><T8/><D8/><U34/><E10/><V26/><F70/><W132/><G68/><T41/><D41/><U47/><E71/><RYUUKYOKU ba="0,1" sc="240,15,250,-15,250,15,250,-15" hai0="14,16,21,29,30,53,56,83,85,89,95,98,102" hai2="25,26,27,37,38,39,40,43,52,54,59,62,65" /><INIT seed="0,1,1,2,2,47" ten="255,235,265,235" oya="0" hai0="10,21,133,98,113,81,13,101,69,116,91,108,24" hai1="107,89,31,94,22,60,75,50,7,86,61,64,59" hai2="2,8,1,54,129,17,62,104,46,87,56,112,26" hai3="130,105,52,49,118,99,20,128,131,83,72,34,124"/><T88/><D69/><U109/><E109/><V3/><F112/><W90/><G118/><T106/><D113/><U119/><E119/><V14/><F104/><W38/><G34/><T97/><D116/><U11/><E107/><V93/><F129/><W67/><G124/><T32/><D32/><U115/><E115/><V40/><F26/><W63/><G38/><T114/><D114/><U18/><E31/><V51/><F93/><N who="3" m="56759" /><G105/><T55/><D108/><U66/><E75/><V0/><N who="2" m="0" /><DORA hai="19" /><V84/><AGARI ba="1,1" hai="8,14,17,40,46,51,54,56,62,84,87" m="0" machi="84" ten="60,7900,0" yaku="4,1,0,1,52,1" doraHai="47,19" who="2" fromWho="2" sc="255,-40,235,-21,265,92,235,-21" /><INIT seed="1,0,0,2,5,42" ten="215,214,357,214" oya="1" hai0="18,64,92,1,67,110,8,95,37,126,60,48,45" hai1="118,100,21,6,36,133,24,131,113,35,2,38,23" hai2="76,94,20,14,57,50,106,41,105,44,89,26,71" hai3="32,58,84,9,129,63,101,17,5,43,87,69,86"/><U102/><E118/><V96/><F71/><W75/><G75/><T81/><D37/><U62/><E113/><V108/><F108/><W80/><G32/><T77/><D110/><U4/><E35/><V11/><F76/><W125/><G69/><T15/><D1/><U117/><E117/><V29/><REACH who="2" step="1"/><F57/><REACH who="2" ten="215,214,347,214" step="2"/><W107/><G58/><T127/><D127/><U98/><E2/><V12/><F12/><W111/><G125/><T59/><D126/><U91/><E24/><V55/><F55/><W34/><G111/><T82/><D67/><U68/><E68/><V47/><F47/><W135/><G43/><T49/><D77/><U40/><E40/><V123/><F123/><W119/><G119/><T74/><D74/><U121/><E121/><V70/><F70/><W114/><G114/><T90/><D45/><U112/><E112/><V116/><F116/><W31/><G135/><T27/><D64/><U13/><E133/><V56/><F56/><W51/><G129/><T132/><D59/><U83/><E131/><V54/><F54/><W3/><G3/><T39/><D132/><U53/><E53/><V66/><F66/><W25/><G63/><T124/><D15/><U78/><E78/><V28/><F28/><W61/><G61/><T120/><D60/><U7/><E13/><V73/><F73/><W97/><G31/><T16/><D124/><U88/><E62/><V0/><F0/><W19/><G25/><T122/><D27/><U128/><E128/><V72/><F72/><W52/><G52/><T22/><D122/><U93/><E6/><AGARI ba="0,1" hai="6,11,14,20,26,29,41,44,50,89,94,96,105,106" machi="6" ten="30,3900,0" yaku="1,1,7,1,52,1,53,0" doraHai="42" doraHaiUra="109" who="2" fromWho="1" sc="215,0,214,-39,347,49,214,0" /><INIT seed="2,0,0,5,0,37" ten="215,175,396,214" oya="2" hai0="33,44,36,106,43,92,90,91,55,41,77,29,94" hai1="5,47,109,105,113,75,12,50,28,102,17,117,97" hai2="54,122,132,86,83,131,52,130,99,22,49,108,84" hai3="66,96,78,88,58,3,64,53,76,38,68,26,16"/><V1/><F122/><W65/><G3/><T126/><D106/><U15/><E113/><V125/><F1/><W124/><G38/><T110/><D77/><U40/><E109/><V121/><F121/><W31/><G68/><T103/><D110/><U2/><E117/><V107/><F108/><W67/><G124/><T73/><D73/><U56/><E75/><V80/><F125/><W111/><G111/><T70/><D70/><U62/><E28/><V6/><F6/><W100/><N who="3" m="16384" /><DORA hai="19" /><W74/><G74/><T24/><D126/><U30/><E30/><V46/><F99/><W123/><G123/><T89/><D103/><U129/><E129/><V128/><F107/><W10/><G10/><T101/><D101/><U20/><E2/><V25/><F54/><W18/><G31/><T14/><D14/><U112/><E112/><V21/><F25/><W60/><G100/><T23/><D23/><N who="2" m="8714" /><F132/><W69/><G69/><T13/><D13/><U87/><E12/><V85/><AGARI ba="0,0" hai="46,49,52,80,83,84,85,86,128,130,131" m="8714" machi="85" ten="40,12000,1" yaku="19,1,52,3,54,1" doraHai="37,19" who="2" fromWho="2" sc="215,-40,175,-40,396,120,214,-40" /><INIT seed="2,1,0,3,1,132" ten="175,135,516,174" oya="2" hai0="128,9,134,63,97,68,79,10,56,103,78,24,102" hai1="64,76,93,0,54,120,82,31,36,47,130,40,34" hai2="90,66,89,35,44,45,77,12,5,67,107,21,99" hai3="33,26,50,59,129,96,17,112,91,94,16,111,124"/><V118/><F118/><W65/><G111/><T75/><D75/><U69/><E93/><V101/><F35/><W15/><G129/><T121/><D68/><U133/><E54/><V41/><F77/><W115/><G124/><T57/><D128/><U105/><E130/><V123/><F123/><W52/><G65/><T73/><D73/><U122/><E133/><V100/><F100/><W38/><G38/><T37/><D37/><U4/><E105/><V19/><F5/><W20/><REACH who="3" step="1"/><G33/><REACH who="3" ten="175,135,516,164" step="2"/><T84/><D134/><U14/><E64/><V27/><F67/><W3/><G3/><T55/><D121/><U58/><E69/><V30/><F66/><W61/><G61/><T127/><D127/><U6/><E122/><V29/><F29/><W86/><G86/><T48/><D84/><U70/><E70/><V109/><F109/><W87/><G87/><T125/><D125/><U106/><E120/><V8/><F45/><W88/><G88/><T7/><D63/><U28/><E28/><V62/><F62/><W60/><G60/><T23/><D102/><U131/><E31/><V11/><F90/><W85/><G85/><T49/><D103/><U25/><E34/><V80/><F89/><W32/><G32/><T95/><D97/><U116/><E0/><V2/><F80/><W104/><G104/><T71/><D71/><U72/><E106/><V81/><F81/><W110/><G110/><T92/><D79/><U117/><E131/><V135/><F135/><W114/><G114/><T22/><D78/><U43/><E117/><V126/><F126/><W18/><G18/><RYUUKYOKU ba="1,1" sc="175,-10,135,-10,516,-10,164,30" hai3="15,16,17,20,26,50,52,59,91,94,96,112,115" /><INIT seed="3,2,1,2,2,12" ten="165,125,506,194" oya="3" hai0="120,101,105,36,89,103,51,100,125,48,97,43,102" hai1="16,72,57,27,24,58,111,115,124,15,95,78,17" hai2="49,133,94,131,135,46,67,61,2,116,29,30,70" hai3="56,84,87,66,20,33,82,112,40,109,64,77,83"/><W132/><G112/><T98/><D120/><U52/><E115/><V11/><F131/><W76/><G33/><T9/><D125/><U42/><E124/><V4/><F116/><W6/><G132/><N who="2" m="50761" /><F94/><W130/><G130/><T114/><D114/><U1/><E1/><V5/><F5/><W113/><G113/><T80/><D9/><N who="1" m="6255" /><E72/><V65/><F65/><W59/><G109/><T19/><D19/><U85/><E111/><V119/><F119/><W99/><G6/><T7/><D7/><U26/><E42/><AGARI ba="2,1" hai="2,4,11,29,30,42,46,49,61,67,70" m="50761" machi="42" ten="30,1000,0" yaku="20,1" doraHai="12" who="2" fromWho="1" sc="165,0,125,-16,506,26,194,0" owari="165,-23.5,109,-39.1,532,63.2,194,-0.6" /></mjloggm>