<mjloggm ver="2.3"><GO type="225" lobby="0"/><UN n0="%E6%A1%9C%E8%8A%B1%E9%96%83%E3%80%85" n1="%E7%99%BD%E5%80%89%E5%AF%9B%E4%B9%8B" n2="%E3%82%8F%E3%81%8B%E3%81%B0%2A%E3%82%AC%E3%83%BC%E3%83%AB" n3="%E3%81%99%E3%81%84%E3%81%BE%E3%81%9B%E3%83%BC%E3%82%93" dan="17,16,16,18" rate="2222.63,2171.82,2067.18,2183.61" sx="M,M,M,M"/><TAIKYOKU oya="0"/><INIT seed="0,0,0,1,4,78" ten="250,250,250,250" oya="0" hai0="12,52,85,103,123,15,20,82,100,75,122,3,91" hai1="131,31,68,41,76,109,56,16,118,7,11,79,55" hai2="17,14,48,73,67,38,104,45,70,84,5,95,39" hai3="81,129,110,58,77,111,43,13,94,125,50,33,54"/><T112/><D3/><U34/><E68/><V64/><F104/><W35/><G129/><T102/><D112/><U46/><E131/><V30/><F73/><W19/><G125/><T108/><D75/><U37/><E109/><N who="3" m="41482" /><G94/><T89/><D108/><U29/><E118/><V63/><F67/><W133/><G43/><T1/><D1/><U28/><E34/><V10/><F30/><W40/><G40/><T106/><D106/><U24/><E7/><V98/><F84/><N who="3" m="48175" /><G133/><T93/><D20/><AGARI ba="0,0" hai="13,19,20,33,35,50,54,58" m="48175,41482" machi="20" ten="30,2000,0" yaku="14,1,52,1" doraHai="78" who="3" fromWho="0" sc="250,-20,250,0,250,0,250,20" /><INIT seed="1,0,0,5,0,3" ten="230,250,250,270" oya="1" hai0="71,22,45,120,104,125,14,32,80,35,111,95,85" hai1="65,6,83,93,130,30,49,129,13,52,124,43,40" hai2="114,12,105,5,102,98,15,121,54,2,9,123,66" hai3="58,0,25,36,31,119,44,128,118,55,86,107,110"/><U69/><E124/><V134/><F134/><W62/><G110/><T100/><D71/><U60/><E30/><V38/><F114/><W72/><G72/><T29/><D111/><U90/><E83/><V61/><F38/><W89/><G107/><T8/><D104/><U108/><E108/><V57/><REACH who="2" step="1"/><F66/><REACH who="2" ten="230,250,240,270" step="2"/><W97/><G36/><T109/><D109/><U106/><E129/><V91/><F91/><W33/><G89/><T96/><D125/><U73/><E130/><V77/><F77/><W28/><G128/><T94/><D120/><AGARI ba="0,1" hai="2,5,9,12,15,54,57,61,98,102,105,120,121,123" machi="120" ten="40,2600,0" yaku="1,1,52,1,53,0" doraHai="3" doraHaiUra="37" who="2" fromWho="0" sc="230,-26,250,0,240,36,270,0" /><INIT seed="2,0,0,0,3,0" ten="204,250,276,270" oya="2" hai0="95,86,57,37,133,123,31,114,16,69,34,9,22" hai1="124,29,115,1,44,36,55,75,129,7,45,128,98" hai2="105,85,11,113,14,50,32,119,92,72,81,68,8" hai3="3,91,63,109,103,66,2,26,20,4,19,12,42"/><V99/><F119/><W46/><G109/><T118/><D123/><U40/><E115/><V104/><F113/><W102/><G91/><T125/><D114/><U120/><E120/><V74/><F68/><W49/><G26/><N who="0" m="16855" /><D34/><U100/><E75/><V53/><F32/><W35/><G35/><T116/><D37/><U60/><E29/><V47/><F72/><W71/><REACH who="3" step="1"/><G4/><REACH who="3" ten="204,250,276,260" step="2"/><T112/><D112/><U56/><E7/><V38/><F74/><W33/><G33/><T59/><D125/><U27/><E124/><V106/><F38/><W96/><G96/><T43/><D118/><U17/><E98/><V87/><F99/><W82/><G82/><T110/><D116/><U58/><E36/><V80/><F81/><W127/><G127/><T73/><D73/><U78/><E128/><V41/><F80/><W101/><AGARI ba="0,1" hai="2,3,12,19,20,42,46,49,63,66,71,101,102,103" machi="101" ten="30,4000,0" yaku="1,1,0,1,53,1" doraHai="0" doraHaiUra="39" who="3" fromWho="3" sc="204,-10,250,-10,276,-20,260,50" /><INIT seed="3,0,0,0,1,57" ten="194,240,256,310" oya="3" hai0="33,38,119,116,16,69,6,126,36,63,100,97,45" hai1="7,86,0,19,61,51,104,105,123,118,88,84,120" hai2="107,25,115,134,127,125,34,91,73,135,64,71,2" hai3="111,1,35,85,98,66,112,81,103,133,87,74,9"/><W79/><G35/><T114/><D126/><N who="2" m="48138" /><F115/><W99/><G112/><T132/><D114/><U56/><E118/><V11/><F73/><W20/><G133/><N who="2" m="50697" /><F91/><W54/><G111/><T42/><D132/><U26/><E86/><V46/><F107/><W106/><G99/><T60/><D6/><U72/><E72/><V53/><F53/><W76/><G66/><T37/><D33/><U10/><E51/><V14/><F46/><W48/><G79/><T39/><D16/><U130/><E105/><V52/><F52/><W27/><G9/><T121/><D121/><U22/><E104/><V102/><F102/><W108/><G1/><T28/><D28/><U24/><E123/><V50/><F50/><W59/><G108/><T44/><D44/><U17/><E120/><V89/><F89/><W93/><G106/><T62/><REACH who="0" step="1"/><D69/><REACH who="0" ten="184,240,256,310" step="2"/><U82/><E19/><AGARI ba="0,1" hai="19,20,27,48,54,59,74,76,81,85,87,93,98,103" machi="19" ten="30,1500,0" yaku="7,1" doraHai="57" who="3" fromWho="1" sc="184,0,240,-15,256,0,310,25" owari="184,-31.6,225,-17.5,256,5.6,335,43.5" /></mjloggm>