<mjloggm ver="2.3"><GO type="225" lobby="0"/><UN n0="%E3%81%8B%E3%82%8F%E3%81%A1%E3%82%83%E3%82%93%35%38" n1="%E7%B4%94%E6%BD%94%E3%83%94%E3%83%A9%E3%83%8B%E3%82%A2" n2="%E6%9C%88%E5%B3%B6%E5%9F%BA" n3="%E3%83%96%E3%83%83%E3%83%91%E3%82%AA%E3%83%96%E3%83%81%E3%82%AD%E3%83%B3" dan="16,17,17,16" rate="2152.03,2188.38,2198.09,2193.59" sx="M,M,M,M"/><TAIKYOKU oya="0"/><INIT seed="0,0,0,1,5,69" ten="250,250,250,250" oya="0" hai0="108,36,7,110,67,112,132,103,41,51,127,128,46" hai1="26,8,73,54,71,12,117,4,87,62,125,129,44" hai2="130,22,11,30,56,75,120,20,105,43,24,123,113" hai3="49,92,59,10,45,17,72,6,47,114,74,76,85"/><T28/><D28/><U111/><E111/><N who="0" m="42537" /><D7/><U68/><E125/><V121/><F105/><W89/><G114/><T0/><D0/><U100/><E129/><V109/><F75/><W13/><G76/><T93/><D103/><U35/><E73/><V97/><F109/><W63/><G47/><N who="0" m="23975" /><D93/><U42/><E117/><V33/><F113/><W80/><G92/><T3/><D3/><U29/><E100/><V102/><F130/><W39/><G6/><T95/><D95/><U131/><E131/><V70/><F97/><W91/><G91/><T115/><D128/><U104/><E104/><V9/><F102/><W15/><G39/><T65/><D127/><U90/><E62/><V1/><F33/><W53/><REACH who="3" step="1"/><G15/><REACH who="3" ten="250,250,250,240" step="2"/><T66/><D132/><U124/><E124/><V94/><F1/><W106/><G106/><T50/><D50/><U48/><REACH who="1" step="1"/><E42/><AGARI ba="0,1" hai="10,13,17,42,45,49,53,59,63,72,74,80,85,89" machi="42" ten="30,2000,0" yaku="1,1,7,1,53,0" doraHai="69" doraHaiUra="96" who="3" fromWho="1" sc="250,0,250,-20,250,0,240,30" /><AGARI ba="0,0" hai="42,46,51,65,66,67,112,115" m="23975,42537" machi="42" ten="30,12000,1" yaku="14,1,10,1,34,2,52,1" doraHai="69" who="0" fromWho="1" sc="250,120,230,-120,250,0,270,0" /><INIT seed="0,1,0,4,3,123" ten="370,110,250,270" oya="0" hai0="66,46,63,9,85,129,6,82,59,83,7,37,96" hai1="98,30,1,131,41,106,93,89,64,132,28,23,71" hai2="119,15,21,95,90,18,115,126,11,53,124,52,57" hai3="5,117,16,49,73,14,56,122,68,107,26,134,20"/><T70/><D129/><U72/><E89/><V99/><F115/><W109/><G122/><T80/><D6/><U42/><E93/><V135/><F135/><W62/><G117/><T108/><D96/><U12/><E98/><V44/><F119/><W58/><G134/><T110/><D70/><U133/><E64/><V79/><F79/><W61/><G107/><T0/><REACH who="0" step="1"/><D85/><REACH who="0" ten="360,110,250,270" step="2"/><U31/><E71/><V128/><F128/><W103/><G68/><T88/><D88/><U84/><E131/><V81/><F99/><W38/><G103/><T75/><D75/><U40/><E84/><V39/><F90/><W118/><G73/><T76/><D76/><U47/><E72/><V19/><F124/><W4/><G118/><T87/><D87/><U2/><E132/><V54/><F126/><W8/><G5/><T91/><D91/><U43/><E133/><V35/><F81/><W92/><G4/><T67/><D67/><U22/><E106/><V111/><F95/><W101/><G92/><T24/><D24/><U34/><E34/><V60/><F35/><W29/><G26/><T113/><D113/><U27/><E12/><V116/><F116/><W48/><G14/><T77/><D77/><U125/><E125/><V104/><F104/><W45/><G101/><T17/><D17/><U100/><E100/><V25/><F19/><W94/><G16/><T114/><D114/><U86/><E86/><V51/><F25/><W13/><G13/><T105/><D105/><U33/><E33/><V69/><F69/><W112/><G112/><T10/><D10/><U50/><E27/><RYUUKYOKU ba="1,1" sc="360,15,110,15,250,-15,270,-15" hai0="0,7,9,37,46,59,63,66,80,82,83,108,110" hai1="1,2,22,23,28,30,31,40,41,42,43,47,50" /><INIT seed="0,2,1,0,2,16" ten="375,125,235,255" oya="0" hai0="2,116,24,130,82,10,127,9,59,111,68,80,114" hai1="33,70,103,72,131,95,0,7,87,105,122,20,55" hai2="77,119,76,53,27,126,3,12,110,62,101,48,74" hai3="34,91,104,125,26,90,65,37,97,83,129,8,61"/><T32/><D68/><U51/><E122/><V132/><F3/><W128/><G37/><T6/><D116/><U38/><E38/><V36/><F36/><W124/><G8/><T41/><D114/><U58/><E33/><V100/><F119/><W49/><G49/><T120/><D120/><U22/><E72/><V85/><F74/><W133/><G34/><T67/><D41/><U115/><E115/><V46/><F110/><W94/><G26/><T64/><D130/><N who="3" m="50281" /><G104/><T43/><D43/><U107/><E131/><V23/><F126/><N who="3" m="48747" /><G83/><T99/><D6/><U73/><E73/><V14/><F48/><W25/><G25/><T54/><D24/><U108/><E108/><V15/><F27/><W113/><G113/><T63/><D32/><U109/><E109/><V92/><F15/><W4/><G4/><T135/><D82/><U81/><E70/><V44/><F12/><W79/><G79/><T31/><D80/><U52/><E107/><V17/><F76/><W28/><G28/><T56/><D31/><U50/><E105/><V89/><F77/><W75/><G75/><T39/><D39/><U18/><E0/><V112/><F112/><W123/><G123/><T11/><D2/><U40/><E40/><V13/><F13/><W78/><G78/><T45/><D127/><U86/><E81/><V5/><F5/><W66/><G133/><T60/><D135/><U1/><E1/><V21/><F132/><W35/><G35/><T106/><D111/><U118/><E7/><V84/><F14/><W98/><G61/><T88/><D106/><U121/><E121/><RYUUKYOKU ba="2,1" sc="375,-10,125,-10,235,-10,255,30" hai3="65,66,90,91,94,97,98" /><INIT seed="1,3,1,0,4,128" ten="365,115,225,285" oya="1" hai0="61,68,75,37,74,49,78,19,112,115,108,116,65" hai1="123,88,120,26,63,134,11,13,35,30,24,107,98" hai2="54,29,129,83,97,7,60,16,10,100,96,87,93" hai3="66,57,21,101,28,39,110,58,94,91,69,8,31"/><U27/><E107/><V43/><F129/><W113/><G113/><T46/><D116/><U25/><E63/><V132/><F132/><W50/><G39/><T95/><D108/><U130/><E130/><V40/><F29/><N who="3" m="11339" /><G69/><T48/><D19/><N who="1" m="8639" /><E98/><V109/><F109/><W84/><G110/><T127/><D95/><U111/><E88/><N who="2" m="51327" /><F96/><N who="3" m="59543" /><G8/><T0/><D37/><U9/><E111/><V135/><F7/><W131/><G131/><T80/><D0/><U52/><E52/><V5/><F5/><W103/><G103/><T117/><D117/><U34/><E9/><V67/><F67/><W33/><G33/><N who="1" m="12298" /><E134/><V79/><F135/><W99/><G99/><T32/><D75/><U86/><E86/><V56/><F79/><W76/><G76/><T47/><D32/><AGARI ba="3,1" hai="24,25,26,27,30,32,120,123" m="12298,8639" machi="32" ten="30,2900,0" yaku="34,2" doraHai="128" who="1" fromWho="0" sc="365,-38,115,48,225,0,285,0" /><INIT seed="1,4,0,2,0,8" ten="327,163,225,285" oya="1" hai0="20,18,61,27,96,5,119,125,72,73,30,45,86" hai1="3,68,130,76,51,39,41,55,118,135,108,15,101" hai2="77,24,14,10,40,81,59,131,16,89,36,113,17" hai3="83,47,126,35,133,112,92,50,7,23,1,134,78"/><U104/><E118/><V111/><F111/><W121/><G121/><T43/><D119/><U103/><E3/><V65/><F131/><W74/><G112/><T22/><D125/><U106/><E130/><V122/><F122/><W21/><G35/><T102/><D5/><U53/><E68/><V63/><F113/><W132/><G126/><T60/><D86/><U84/><E108/><V69/><F69/><W49/><G49/><T48/><D73/><U11/><E135/><V71/><F71/><W13/><G1/><T85/><D72/><U32/><E32/><V56/><F36/><W127/><G127/><T82/><D96/><U97/><E39/><V6/><F40/><N who="3" m="24935" /><G92/><T87/><D102/><N who="1" m="38923" /><E97/><V29/><F59/><W19/><G7/><T129/><D87/><U128/><E128/><V98/><F89/><W26/><G23/><T33/><D33/><U105/><E105/><V34/><REACH who="2" step="1"/><F98/><REACH who="2" ten="327,163,215,285" step="2"/><W54/><G54/><T57/><D57/><U28/><E106/><V70/><F70/><W38/><G38/><T99/><D99/><U0/><E104/><V44/><F44/><W64/><G64/><T66/><D66/><U95/><E55/><V31/><F31/><W9/><G9/><T58/><D58/><N who="1" m="33087" /><E28/><V90/><F90/><W124/><G124/><T116/><D129/><U120/><E41/><V67/><F67/><W37/><G37/><T91/><D116/><U100/><E120/><V93/><F93/><W25/><AGARI ba="4,1" hai="13,19,21,25,26,74,78,83,132,133,134" m="24935" machi="25" ten="40,2700,0" yaku="20,1,52,1" doraHai="8" who="3" fromWho="3" sc="327,-11,163,-17,215,-11,285,49" /><INIT seed="2,0,0,3,4,85" ten="316,146,204,334" oya="2" hai0="96,131,104,33,43,28,50,37,0,133,64,4,23" hai1="20,126,88,17,34,135,83,38,65,21,113,100,120" hai2="8,41,54,14,47,30,87,125,12,59,115,129,114" hai3="2,74,117,128,53,76,63,56,134,95,122,55,99"/><V127/><F30/><W107/><G117/><T79/><D50/><U97/><E113/><V106/><F106/><W52/><G122/><T67/><D23/><U112/><E112/><V62/><F129/><W48/><G2/><T68/><D67/><U10/><E120/><V105/><F105/><W19/><G107/><T5/><D79/><U119/><E119/><V77/><F14/><W91/><G128/><T90/><D131/><U86/><E126/><N who="2" m="48139" /><F87/><W18/><G134/><T40/><D133/><U1/><E135/><V110/><F77/><W9/><G9/><N who="0" m="2183" /><D90/><U49/><E34/><V130/><F130/><W44/><REACH who="3" step="1"/><G55/><REACH who="3" ten="316,146,204,324" step="2"/><T75/><D104/><U121/><E1/><V73/><F114/><W101/><G101/><T42/><D5/><U15/><E121/><V51/><F115/><W84/><G84/><T16/><D75/><U93/><E38/><V66/><F73/><W3/><G3/><T58/><D37/><U103/><E103/><V46/><F8/><W89/><G89/><T92/><D96/><U111/><E111/><V94/><F110/><W35/><G35/><T123/><D33/><U26/><E65/><V72/><F72/><W108/><G108/><T7/><D64/><U27/><E49/><V45/><F66/><W80/><AGARI ba="0,1" hai="18,19,44,48,52,53,56,63,74,76,80,91,95,99" machi="80" ten="30,7900,0" yaku="1,1,0,1,52,1,54,1,53,0" doraHai="85" doraHaiUra="39" who="3" fromWho="3" sc="316,-20,146,-20,204,-39,324,89" /><INIT seed="3,0,0,2,2,126" ten="296,126,165,413" oya="3" hai0="47,43,52,24,115,33,5,93,135,78,48,69,90" hai1="118,87,29,131,56,85,82,100,128,21,86,35,66" hai2="111,18,8,45,4,102,134,121,58,120,109,127,65" hai3="133,76,57,113,22,68,99,3,28,110,50,41,2"/><W108/><G113/><T20/><D135/><U63/><E35/><V116/><F116/><W15/><G68/><T30/><D115/><U49/><E118/><V73/><F73/><W23/><G133/><T72/><D69/><U106/><E49/><V32/><F32/><W19/><G76/><T132/><D132/><U124/><E124/><V44/><F134/><W88/><G28/><T80/><D5/><U12/><E106/><V105/><F18/><W103/><G23/><T79/><D79/><U7/><E100/><V53/><F65/><W125/><G88/><T25/><D25/><U83/><E29/><V107/><F127/><W0/><G125/><T42/><REACH who="0" step="1"/><D33/><REACH who="0" ten="286,126,165,413" step="2"/><U37/><E37/><V96/><F120/><W62/><G2/><T94/><D94/><U67/><E67/><V27/><F121/><W16/><G0/><T89/><D89/><U13/><E13/><V38/><F27/><W84/><G3/><T77/><D77/><U26/><E26/><V81/><F107/><W104/><G15/><T14/><D14/><U70/><E70/><V95/><F4/><W129/><G104/><T40/><D40/><U9/><REACH who="1" step="1"/><E21/><REACH who="1" ten="286,116,165,413" step="2"/><V71/><F105/><W123/><G22/><T6/><D6/><U98/><E98/><AGARI ba="0,2" hai="20,24,30,42,43,47,48,52,72,78,80,90,93,98" machi="98" ten="30,3900,0" yaku="1,1,7,1,54,1,53,0" doraHai="126" doraHaiUra="114" who="0" fromWho="1" sc="286,59,116,-39,165,0,413,0" owari="345,14.5,77,-42.3,165,-23.5,413,51.3" /></mjloggm>