<mjloggm ver="2.3"><GO type="225" lobby="0"/><UN n0="%E3%83%B4%E3%82%A3%E3%83%AF%E3%82%B3%E3%82%B0%E3%83%8B" n1="%E4%BC%8A%E7%B9%94%E3%82%82%E3%81%88" n2="%53%61%63%68%69%30%34" n3="%E6%97%A5%E6%9B%9C%E6%97%A5%E3%82%88%E3%82%8A%E3%81%AE%E4%BD%BF%E8%80%85" dan="17,16,16,17" rate="2215.13,2144.15,2078.25,2196.86" sx="M,M,M,M"/><TAIKYOKU oya="0"/><INIT seed="0,0,0,2,2,98" ten="250,250,250,250" oya="0" hai0="116,15,126,71,67,111,57,10,37,63,39,115,21" hai1="97,77,74,131,1,80,14,26,56,79,28,92,87" hai2="22,83,75,6,122,42,58,23,129,96,89,133,85" hai3="11,47,2,30,119,132,124,54,38,8,62,101,34"/><T36/><D126/><U127/><E1/><V123/><F129/><W100/><G119/><T46/><D116/><U99/><E127/><V52/><F133/><W70/><G124/><T44/><D115/><U31/><E131/><V48/><F75/><W128/><G128/><T82/><D21/><U5/><E74/><V7/><F123/><W121/><G132/><T95/><D82/><U18/><E5/><V9/><F122/><W78/><G34/><T86/><D71/><U110/><E97/><V135/><F135/><W114/><G30/><T16/><REACH who="0" step="1"/><D111/><REACH who="0" ten="240,250,250,250" step="2"/><U41/><E110/><V55/><F23/><W112/><G112/><T53/><D53/><U59/><E41/><V90/><F55/><W29/><G54/><T65/><D65/><U33/><E31/><V20/><F20/><W19/><G29/><T91/><AGARI ba="0,1" hai="10,15,16,36,37,39,44,46,57,63,67,86,91,95" machi="91" ten="40,7800,0" yaku="1,1,0,1,54,1,53,0" doraHai="98" doraHaiUra="106" who="0" fromWho="0" sc="240,88,250,-26,250,-26,250,-26" /><INIT seed="0,1,0,4,0,108" ten="328,224,224,224" oya="0" hai0="134,116,98,80,36,79,7,11,76,95,121,65,42" hai1="69,23,21,35,25,91,47,26,90,66,112,29,18" hai2="77,89,43,10,102,68,94,92,49,84,46,96,117" hai3="14,16,125,114,57,127,106,20,132,3,101,1,8"/><T19/><D116/><U75/><E75/><V128/><F117/><W56/><G101/><T71/><D121/><U45/><E69/><V78/><F128/><W50/><G106/><T86/><D134/><U97/><E66/><V119/><F119/><W51/><G132/><T6/><D76/><U64/><E64/><V61/><F68/><W38/><G38/><T111/><D111/><U28/><E97/><V120/><F120/><W129/><G129/><T63/><D36/><U32/><E18/><V55/><F61/><W41/><G41/><T100/><REACH who="0" step="1"/><D42/><REACH who="0" ten="318,224,224,224" step="2"/><U22/><REACH who="1" step="1"/><E22/><REACH who="1" ten="318,214,224,224" step="2"/><V103/><F43/><W123/><G20/><T52/><D52/><U82/><E82/><V31/><F55/><W104/><G123/><T130/><D130/><U13/><E13/><AGARI ba="1,2" hai="6,7,11,13,19,63,65,71,79,80,86,95,98,100" machi="13" ten="40,2000,0" yaku="1,1,53,0" doraHai="108" doraHaiUra="37" who="0" fromWho="1" sc="318,43,214,-23,224,0,224,0" /><INIT seed="0,2,0,4,4,117" ten="361,191,224,224" oya="0" hai0="98,118,38,66,112,23,44,75,77,135,111,24,59" hai1="6,27,1,5,125,25,49,40,32,53,12,134,72" hai2="18,31,8,133,3,62,43,47,48,86,116,94,42" hai3="114,10,11,90,126,2,96,97,105,67,56,61,9"/><T64/><D118/><U7/><E72/><V106/><F106/><W128/><G114/><T74/><D112/><U81/><E134/><V104/><F104/><W26/><G126/><T82/><D135/><U0/><E125/><V54/><F133/><W51/><G128/><T124/><D124/><U95/><E40/><V21/><F116/><W99/><G105/><T30/><D74/><U127/><E127/><V73/><F73/><W80/><G26/><T103/><D111/><U14/><E95/><V36/><F3/><N who="1" m="1097" /><E81/><V123/><F123/><W63/><G2/><T119/><D119/><U15/><E49/><V13/><F36/><W41/><G63/><T79/><D79/><U58/><E58/><V29/><F62/><W19/><G19/><T22/><D59/><U76/><E53/><V130/><F130/><W71/><G71/><T101/><D101/><U46/><E46/><V52/><F54/><W50/><REACH who="3" step="1"/><G41/><REACH who="3" ten="361,191,224,214" step="2"/><N who="2" m="15369" /><F31/><W122/><G122/><T100/><D30/><N who="1" m="19535" /><E76/><V78/><F78/><W115/><G115/><T108/><D77/><U113/><E113/><V110/><F29/><W129/><G129/><T132/><D132/><U45/><E45/><V39/><F39/><W57/><G57/><T89/><D38/><U91/><E91/><N who="2" m="53623" /><F110/><W109/><G109/><T84/><D44/><U17/><E27/><V69/><F69/><W87/><AGARI ba="2,1" hai="9,10,11,50,51,56,61,67,80,87,90,96,97,99" machi="87" ten="40,8000,1" yaku="1,1,0,1,8,1,53,1" doraHai="117" doraHaiUra="55" who="3" fromWho="3" sc="361,-42,191,-22,224,-22,214,96" /><INIT seed="1,0,0,1,1,129" ten="319,169,202,310" oya="1" hai0="90,53,8,86,98,62,107,7,76,102,0,113,31" hai1="26,49,47,80,134,38,9,74,54,118,16,50,12" hai2="85,15,84,108,63,71,101,11,14,22,99,125,131" hai3="44,95,57,69,100,37,48,77,52,83,103,106,19"/><U65/><E118/><V123/><F123/><W82/><G106/><T70/><D113/><U23/><E38/><V104/><F131/><W135/><G135/><T97/><D31/><U75/><E134/><V78/><F108/><W92/><G69/><T121/><D121/><U91/><E65/><V45/><F125/><W3/><G3/><T59/><D70/><U60/><E60/><V61/><F45/><W114/><G114/><T128/><D128/><U30/><REACH who="1" step="1"/><E50/><REACH who="1" ten="319,159,202,310" step="2"/><V21/><F63/><W42/><G37/><T81/><REACH who="0" step="1"/><D98/><REACH who="0" ten="309,159,202,310" step="2"/><U88/><E88/><AGARI ba="0,2" hai="0,7,8,53,59,62,76,81,86,88,90,97,102,107" machi="88" ten="40,5200,0" yaku="1,1,2,1,54,1,53,0" doraHai="129" doraHaiUra="124" who="0" fromWho="1" sc="309,72,159,-52,202,0,310,0" /><INIT seed="2,0,0,2,3,7" ten="381,107,202,310" oya="2" hai0="66,5,106,39,51,22,57,97,130,135,134,125,0" hai1="38,99,124,94,12,77,29,41,70,116,60,98,18" hai2="132,52,21,110,1,47,113,46,48,120,89,15,16" hai3="75,61,121,31,78,90,26,53,82,58,105,28,35"/><V36/><F113/><W103/><G121/><T92/><D39/><U64/><E116/><V112/><F112/><W50/><BYE who="2" /><G31/><UN n2="%53%61%63%68%69%30%34" /><T111/><D111/><U115/><E115/><V119/><F120/><W2/><G2/><T25/><D106/><U91/><E124/><V117/><F110/><W128/><G128/><T96/><D125/><U84/><E29/><V76/><F1/><W102/><G105/><T4/><D97/><U79/><E79/><V44/><F132/><N who="0" m="50730" /><D130/><U107/><E107/><V37/><F76/><W3/><G3/><T108/><D108/><U69/><E69/><V81/><F37/><W40/><G90/><T54/><D66/><U72/><E38/><V133/><F133/><W8/><G8/><T13/><D13/><U10/><REACH who="1" step="1"/><E41/><REACH who="1" ten="381,97,202,310" step="2"/><V49/><F36/><W85/><G40/><T24/><D0/><U23/><E23/><V30/><F30/><W123/><G123/><T11/><D22/><U33/><E33/><V95/><F117/><W73/><G28/><T109/><D109/><U131/><E131/><V86/><F119/><W80/><G35/><T63/><D63/><U32/><E32/><V62/><F62/><W55/><G61/><T20/><D20/><U93/><E93/><V6/><F49/><W101/><G50/><T9/><D92/><U88/><E88/><V45/><F95/><W34/><G34/><T126/><D126/><U100/><E100/><V42/><F42/><W118/><G118/><T71/><D71/><U122/><E122/><V19/><F6/><W127/><G127/><T87/><D4/><U114/><E114/><RYUUKYOKU ba="0,1" sc="381,-15,97,15,202,15,310,-15" hai1="10,12,18,60,64,70,72,77,84,91,94,98,99" hai2="15,16,19,21,44,45,46,47,48,52,81,86,89" /><INIT seed="2,1,1,5,5,81" ten="366,112,217,295" oya="2" hai0="89,21,122,45,104,101,106,79,51,85,16,15,128" hai1="36,84,92,103,69,115,100,70,135,87,25,41,44" hai2="58,7,124,82,112,35,80,117,40,121,23,116,60" hai3="86,77,75,127,33,39,43,76,120,66,57,67,53"/><V123/><F35/><W73/><G120/><N who="2" m="46153" /><F23/><W28/><G39/><T48/><D122/><U125/><E115/><V110/><F7/><W2/><G2/><T96/><D128/><U61/><E135/><V30/><F30/><W42/><G73/><T74/><D106/><U24/><E125/><V54/><F82/><W10/><G75/><T26/><D74/><U46/><E92/><V31/><F31/><W14/><G28/><T37/><D79/><U83/><E61/><V12/><F12/><W102/><G102/><T99/><D99/><U91/><E83/><V47/><F80/><N who="3" m="47367" /><G77/><T18/><D37/><U88/><E36/><N who="2" m="21895" /><F112/><W1/><G1/><T95/><REACH who="0" step="1"/><D45/><REACH who="0" ten="356,112,217,295" step="2"/><U59/><REACH who="1" step="1"/><E41/><REACH who="1" ten="356,102,217,295" step="2"/><V109/><F124/><W13/><G43/><T68/><D68/><U8/><E8/><AGARI ba="1,3" hai="8,15,16,18,21,26,48,51,85,89,95,96,101,104" machi="8" ten="30,8000,1" yaku="1,1,7,1,52,1,54,1,53,1" doraHai="81" doraHaiUra="17" who="0" fromWho="1" sc="356,113,102,-83,217,0,295,0" /><INIT seed="3,0,0,3,5,24" ten="469,19,217,295" oya="3" hai0="99,63,49,78,85,33,91,115,79,45,13,26,48" hai1="55,95,113,106,117,88,128,109,114,62,89,73,82" hai2="126,76,36,4,96,16,5,15,92,110,46,97,52" hai3="23,1,67,21,129,80,119,11,70,125,75,122,104"/><W127/><G104/><T41/><D115/><U37/><E128/><V22/><F110/><W71/><G119/><T134/><D134/><U84/><E109/><V38/><F126/><N who="3" m="48139" /><G122/><T44/><D99/><BYE who="1" /><U68/><E68/><N who="3" m="26154" /><G67/><T17/><D63/><U94/><E94/><V12/><F76/><N who="3" m="44063" /><G129/><T29/><D91/><U32/><E32/><V40/><F38/><W39/><G39/><T9/><D85/><U43/><E43/><AGARI ba="0,0" hai="9,13,17,26,29,33,41,43,44,45,48,49,78,79" machi="43" ten="30,3900,0" yaku="7,1,9,1,52,1" doraHai="24" who="0" fromWho="1" sc="469,39,19,-39,217,0,295,0" owari="508,60.8,-20,-52.0,217,-18.3,295,9.5" /></mjloggm>