<mjloggm ver="2.3"><GO type="225" lobby="0"/><UN n0="%E3%83%B4%E3%83%A0%EF%BC%99%E3%81%A6" n1="%43%68%65" n2="%33%74%72%65%65" n3="%E3%81%99%E3%81%84%E3%81%BE%E3%81%9B%E3%83%BC%E3%82%93" dan="16,16,16,18" rate="2170.70,2128.15,2176.82,2195.14" sx="M,M,F,M"/><TAIKYOKU oya="0"/><INIT seed="0,0,0,5,1,74" ten="250,250,250,250" oya="0" hai0="60,117,28,36,23,29,92,55,95,13,122,105,19" hai1="34,82,123,45,127,126,68,62,132,38,47,58,65" hai2="104,78,53,80,1,37,99,116,101,15,79,7,14" hai3="5,63,31,133,87,2,42,115,8,100,64,6,91"/><T135/><D117/><U109/><E34/><V129/><F116/><W121/><G115/><T96/><D122/><U103/><E103/><V27/><F129/><W26/><G121/><T73/><D36/><U56/><E123/><V9/><F37/><W11/><G133/><T12/><D135/><U97/><E132/><V61/><F27/><W94/><G42/><T48/><D73/><U40/><E97/><V81/><F61/><W111/><G100/><T84/><D105/><U21/><E21/><V16/><F53/><W98/><G98/><T57/><D12/><U50/><E82/><V130/><F130/><W77/><G77/><N who="2" m="29193" /><F104/><W75/><G75/><T102/><D60/><U113/><E113/><V0/><F0/><W125/><G111/><T76/><D76/><U54/><E109/><V108/><F1/><W89/><G89/><AGARI ba="0,0" hai="13,19,23,28,29,48,55,57,84,89,92,95,96,102" machi="89" ten="40,7700,0" yaku="25,2,8,1" doraHai="74" who="0" fromWho="3" sc="250,77,250,0,250,0,250,-77" /><INIT seed="0,1,0,2,5,26" ten="327,250,250,173" oya="0" hai0="14,99,64,67,109,52,36,127,9,123,101,128,86" hai1="54,65,6,100,95,78,38,115,7,116,20,17,31" hai2="10,49,56,24,23,60,8,84,114,94,111,63,28" hai3="74,105,34,118,112,45,42,33,124,89,22,97,110"/><T18/><D123/><U121/><E121/><V29/><F111/><W87/><G112/><T134/><D36/><U19/><E116/><V96/><F114/><W103/><G118/><T47/><D109/><U61/><E38/><V135/><F135/><W119/><G119/><T88/><D134/><U70/><E78/><V62/><F84/><W75/><G110/><T108/><D108/><U58/><E115/><V76/><F76/><W133/><G133/><T43/><D43/><U32/><E32/><V83/><F83/><W41/><G124/><T59/><D127/><U27/><E70/><V5/><F29/><W102/><G102/><T48/><D59/><U129/><E54/><N who="2" m="31823" /><F5/><N who="1" m="1545" /><E129/><V2/><F2/><W35/><G22/><T77/><D77/><U15/><E15/><V25/><F25/><W85/><G85/><T104/><D128/><U91/><E100/><AGARI ba="1,0" hai="8,10,23,24,28,60,62,63,94,96,100" m="31823" machi="100" ten="30,2000,0" yaku="8,1,52,1" doraHai="26" who="2" fromWho="1" sc="327,0,250,-23,250,23,173,0" /><INIT seed="1,0,0,4,5,69" ten="327,227,273,173" oya="1" hai0="28,49,84,61,116,48,41,113,79,134,100,121,32" hai1="103,3,133,52,9,101,24,108,15,72,26,78,34" hai2="114,43,112,122,40,97,2,59,66,86,62,127,55" hai3="67,95,50,60,107,0,4,31,132,92,87,45,94"/><U68/><E68/><N who="2" m="42071" /><F86/><W123/><G123/><T124/><D113/><N who="2" m="43626" /><F97/><W90/><G132/><T75/><D75/><U33/><E3/><V88/><F88/><W128/><G107/><T118/><D100/><U93/><E133/><V53/><F2/><W117/><G117/><T36/><D134/><U82/><E108/><V10/><F10/><W57/><G128/><T44/><D121/><U111/><E111/><V64/><F127/><W131/><G131/><T63/><D124/><U85/><E34/><V17/><F17/><W5/><G31/><T16/><D16/><N who="1" m="8303" /><E72/><V98/><F98/><W35/><G35/><T38/><D32/><U91/><E33/><V99/><F99/><W51/><G51/><T81/><D28/><U27/><E93/><V37/><F122/><W7/><REACH who="3" step="1"/><G0/><REACH who="3" ten="327,227,273,163" step="2"/><T105/><D105/><U30/><E30/><V126/><F126/><W96/><G96/><T21/><D116/><U22/><E22/><V20/><F20/><W80/><G80/><T29/><D118/><U54/><E78/><V71/><F71/><W46/><G46/><T25/><D79/><U56/><E54/><AGARI ba="0,1" hai="4,5,7,45,50,54,57,60,67,87,90,92,94,95" machi="54" ten="40,2600,0" yaku="1,1,8,1,53,0" doraHai="69" doraHaiUra="76" who="3" fromWho="1" sc="327,0,227,-26,273,0,163,36" /><INIT seed="2,0,0,3,2,34" ten="327,201,273,199" oya="2" hai0="26,66,115,33,108,51,67,88,80,79,119,12,92" hai1="106,130,22,44,19,55,36,15,124,93,60,135,0" hai2="126,73,50,82,63,56,104,68,57,114,107,48,96" hai3="131,90,89,129,39,27,4,101,3,11,94,72,5"/><V32/><F114/><W2/><G72/><T20/><D115/><U98/><E106/><V76/><F32/><W24/><G39/><T118/><D108/><U9/><E124/><V29/><F126/><W38/><G38/><T125/><D125/><U81/><E130/><N who="3" m="49674" /><G101/><T91/><D33/><U43/><E135/><V30/><F68/><W83/><G83/><T121/><D12/><U54/><E81/><V128/><F128/><W99/><G90/><N who="0" m="34347" /><D51/><U103/><REACH who="1" step="1"/><E60/><REACH who="1" ten="327,191,273,199" step="2"/><V46/><F63/><W111/><G111/><T62/><D62/><U112/><E112/><V100/><F107/><W75/><G75/><T10/><D92/><U31/><E31/><V53/><F29/><W13/><G5/><AGARI ba="0,1" hai="0,5,9,15,19,22,36,43,44,54,55,93,98,103" machi="5" ten="40,2600,0" yaku="1,1,52,1,53,0" doraHai="34" doraHaiUra="113" who="1" fromWho="3" sc="327,0,191,36,273,0,199,-26" /><INIT seed="3,0,0,1,5,43" ten="327,227,273,173" oya="3" hai0="27,90,32,57,48,82,123,74,122,22,20,106,11" hai1="87,132,109,17,37,134,30,3,25,133,0,49,68" hai2="21,52,81,41,117,51,78,36,120,86,59,73,33" hai3="99,113,53,4,69,35,8,126,119,6,125,135,31"/><W95/><G113/><T34/><D106/><U104/><E37/><V115/><F33/><W111/><G119/><T89/><D74/><U72/><E72/><V76/><F117/><W1/><G135/><T38/><D38/><U65/><E109/><V16/><F115/><W79/><G111/><T67/><D11/><U98/><E17/><V63/><F120/><W83/><G6/><T46/><D57/><U44/><E87/><V61/><F36/><W112/><G112/><T116/><D116/><U127/><E127/><N who="3" m="48650" /><G69/><T60/><D123/><U15/><E15/><N who="2" m="9375" /><F73/><N who="3" m="43503" /><G53/><T19/><D122/><U55/><E65/><V47/><F63/><W118/><G118/><T2/><D2/><U107/><E68/><V23/><F23/><W66/><G66/><T105/><D22/><N who="1" m="15671" /><E107/><V103/><F103/><AGARI ba="0,0" hai="0,3,44,49,55,98,103,104,132,133,134" m="15671" machi="103" ten="30,2000,0" yaku="20,1,52,1" doraHai="43" who="1" fromWho="2" sc="327,0,227,20,273,-20,173,0" owari="327,42.7,247,-15.3,253,5.3,173,-32.7" /></mjloggm>