<mjloggm ver="2.3"><GO type="225" lobby="0"/><UN n0="%E3%82%AF%E3%82%A3%E3%82%A6" n1="%4E%61%76%69%74%61%73" n2="%E3%81%BF%E3%81%BF%E3%81%9A" n3="%6C%61%6D%62" dan="16,16,17,16" rate="2089.90,2120.87,2179.58,2220.15" sx="M,M,M,M"/><TAIKYOKU oya="0"/><INIT seed="0,0,0,0,4,63" ten="250,250,250,250" oya="0" hai0="32,127,16,35,48,89,10,0,93,3,104,119,77" hai1="91,57,99,90,47,100,75,95,1,2,101,126,72" hai2="67,73,30,27,5,115,64,108,53,44,59,21,69" hai3="80,133,33,11,87,17,52,41,79,55,14,7,78"/><T54/><D104/><U76/><E126/><V39/><F115/><W74/><G133/><T23/><D119/><U34/><E34/><V13/><F73/><W31/><G33/><T86/><D127/><U134/><E134/><V96/><F108/><W70/><G70/><T110/><D110/><U65/><E47/><V43/><F69/><W6/><G31/><T58/><D77/><U37/><E37/><V46/><F96/><W122/><G122/><T116/><D116/><U129/><E129/><V113/><F113/><W92/><G41/><T82/><D82/><U18/><E18/><V4/><F44/><W83/><REACH who="3" step="1"/><G92/><REACH who="3" ten="250,250,250,240" step="2"/><T109/><D109/><U125/><E125/><V94/><F94/><W112/><G112/><T107/><D107/><U38/><E95/><V26/><F30/><W15/><G15/><N who="0" m="9631" /><D0/><U88/><E1/><V61/><F13/><W106/><G106/><T28/><D28/><U68/><E2/><V20/><F27/><W40/><G40/><T105/><D105/><U98/><E68/><V114/><F114/><W71/><G71/><T9/><D3/><U25/><E25/><V103/><F26/><W117/><G117/><T81/><D32/><U12/><E12/><V24/><F24/><W132/><G132/><T135/><D135/><U124/><E124/><V22/><REACH who="2" step="1"/><F103/><REACH who="2" ten="250,250,240,240" step="2"/><W111/><G111/><T97/><D35/><U102/><E102/><V8/><F8/><N who="0" m="3178" /><D93/><U131/><E100/><V51/><F51/><W36/><G36/><T84/><D97/><U120/><E99/><V56/><F56/><W118/><G118/><T45/><D58/><RYUUKYOKU ba="0,2" sc="250,10,250,-30,240,10,240,10" hai0="45,48,54,81,84,86,89" hai2="4,5,20,21,22,39,43,46,53,59,61,64,67" hai3="6,7,11,14,17,52,55,74,78,79,80,83,87" /><INIT seed="0,1,2,2,1,24" ten="260,220,250,250" oya="0" hai0="125,67,4,38,63,20,90,120,73,61,80,6,43" hai1="85,66,115,103,42,96,2,122,102,11,60,101,99" hai2="108,29,70,22,77,131,113,62,118,129,91,94,110" hai3="112,9,17,72,127,1,13,56,64,74,39,106,31"/><T50/><D120/><U10/><E122/><V41/><F113/><W121/><G112/><T89/><D125/><U3/><E115/><V75/><F41/><W35/><G121/><T119/><D38/><U5/><E42/><V30/><F118/><W134/><G39/><T117/><D73/><U52/><E85/><V57/><F70/><W126/><G106/><T82/><D20/><U79/><E79/><V18/><F77/><W107/><G107/><T12/><D117/><U97/><E52/><N who="2" m="34087" /><F75/><W58/><G1/><T104/><D104/><U21/><E21/><V51/><F51/><W7/><G134/><T28/><D28/><N who="2" m="10858" /><F18/><W100/><G100/><T14/><D119/><U53/><E53/><V0/><F0/><W109/><G17/><T93/><D43/><U83/><E60/><V135/><F135/><W128/><G74/><T37/><D37/><U65/><E83/><N who="0" m="31785" /><D50/><U98/><N who="1" m="24576" /><DORA hai="23" /><U44/><E44/><V27/><F94/><W88/><G72/><T33/><D93/><U76/><E76/><V130/><F91/><N who="0" m="34826" /><D67/><U47/><E47/><V48/><F48/><W105/><G64/><T26/><D63/><U68/><E68/><V87/><F87/><W71/><G105/><T132/><D61/><U16/><E3/><V49/><F49/><W111/><G71/><T69/><D69/><U116/><REACH who="1" step="1"/><E116/><REACH who="1" ten="260,210,250,250" step="2"/><V55/><F55/><W124/><G124/><T84/><D84/><U95/><E95/><V78/><F78/><W40/><G126/><T86/><D86/><U46/><E46/><V25/><F22/><W32/><G127/><T133/><D133/><RYUUKYOKU ba="1,3" sc="260,-15,210,15,250,15,250,-15" hai1="2,5,10,11,16,65,66,101,102,103" hai2="25,27,108,110,129,130,131" /><INIT seed="1,2,3,1,0,25" ten="245,225,265,235" oya="1" hai0="24,87,41,0,18,38,120,72,62,12,99,47,84" hai1="81,119,77,73,76,57,128,123,109,69,107,104,129" hai2="40,50,21,125,11,44,67,53,65,28,5,2,51" hai3="118,102,54,66,108,20,45,75,17,49,27,29,68"/><U134/><E69/><V135/><F125/><W90/><G75/><T131/><D120/><U60/><E123/><V16/><F135/><W82/><G108/><T91/><D0/><U100/><E119/><V32/><F32/><W34/><G118/><T64/><D72/><U39/><E39/><V130/><F28/><W98/><G68/><T13/><D131/><N who="1" m="50251" /><E134/><V52/><F130/><W59/><G82/><T114/><D114/><U97/><E109/><V92/><F92/><W111/><G90/><T63/><D99/><U101/><E77/><V56/><REACH who="2" step="1"/><F40/><REACH who="2" ten="245,225,255,235" step="2"/><W15/><G111/><T7/><D41/><U95/><E101/><V10/><F10/><W122/><G122/><T36/><D36/><U42/><E42/><V85/><F85/><W6/><G34/><T124/><D84/><U26/><E26/><AGARI ba="2,4" hai="2,5,11,16,21,26,44,50,51,52,53,56,65,67" machi="26" ten="30,7700,0" yaku="1,1,7,1,54,2,53,0" doraHai="25" doraHaiUra="58" who="2" fromWho="1" sc="245,0,225,-83,255,123,235,0" /><INIT seed="2,0,0,5,3,33" ten="245,142,378,235" oya="2" hai0="10,20,57,42,28,67,119,110,120,103,0,5,23" hai1="54,134,96,4,52,63,94,8,19,99,78,115,98" hai2="40,71,46,100,12,61,70,135,56,109,112,113,132" hai3="95,107,124,130,32,26,101,116,82,27,126,49,76"/><V72/><F100/><W97/><G116/><T65/><D120/><U87/><E115/><N who="2" m="44107" /><F12/><W3/><G3/><T50/><D110/><U48/><E134/><N who="2" m="51243" /><F72/><W80/><G130/><T88/><D119/><U9/><E63/><V31/><F31/><N who="3" m="19575" /><G27/><T17/><D103/><U14/><E48/><N who="2" m="26695" /><F109/><W22/><G49/><T75/><D75/><U125/><E125/><N who="3" m="48234" /><G22/><T91/><D28/><U36/><E36/><V104/><F104/><W127/><G127/><T106/><D106/><U37/><E37/><V117/><F117/><W43/><G76/><T44/><D23/><U133/><E133/><V62/><F62/><W53/><G107/><T18/><D18/><U41/><E41/><V47/><F47/><W15/><G43/><T11/><D11/><U84/><E84/><V108/><F108/><W85/><G85/><T92/><D44/><U45/><E45/><V129/><F129/><W35/><G35/><T25/><D42/><U30/><E30/><V86/><F86/><W81/><G15/><T66/><D50/><U111/><E111/><V68/><F68/><W21/><G21/><T34/><D34/><U58/><E94/><V128/><F128/><W24/><G24/><T60/><REACH who="0" step="1"/><D92/><REACH who="0" ten="235,142,378,235" step="2"/><U64/><E4/><V90/><F90/><AGARI ba="0,1" hai="0,5,10,17,20,25,57,60,65,66,67,88,90,91" machi="90" ten="40,8000,1" yaku="1,1,2,1,52,1,54,1,53,0" doraHai="33" doraHaiUra="131" who="0" fromWho="2" sc="235,90,142,0,378,-80,235,0" /><INIT seed="3,0,0,0,5,37" ten="325,142,298,235" oya="3" hai0="22,44,108,106,10,115,126,72,17,73,91,64,24" hai1="59,56,84,127,98,55,96,128,99,116,32,102,2" hai2="132,25,20,131,26,85,119,47,4,103,63,67,74" hai3="43,3,31,114,105,27,123,60,57,112,29,83,122"/><W53/><G105/><T16/><D108/><U113/><E2/><V76/><F119/><W48/><G3/><T86/><D106/><U87/><E32/><V15/><F74/><W120/><G83/><T93/><D126/><U135/><E113/><V70/><F131/><W30/><REACH who="3" step="1"/><G27/><REACH who="3" ten="325,142,298,225" step="2"/><T133/><D24/><U49/><E128/><V77/><F132/><W5/><G5/><T8/><D133/><U129/><E135/><V95/><F26/><W100/><G100/><T6/><D115/><U21/><E129/><V82/><F77/><W65/><G65/><T68/><D64/><U109/><E127/><V62/><F103/><W79/><G79/><T130/><D130/><U7/><E116/><V11/><F95/><W51/><G51/><T94/><D6/><U34/><E109/><V36/><F67/><W40/><G40/><T121/><D121/><U111/><E111/><V104/><F104/><W50/><G50/><T18/><D94/><U33/><E102/><V88/><F76/><W23/><G23/><T46/><D22/><U124/><E124/><V42/><F70/><W35/><G35/><N who="1" m="13322" /><E7/><V101/><F101/><W45/><AGARI ba="0,1" hai="29,30,31,43,45,48,53,57,60,112,114,120,122,123" machi="45" ten="40,7800,0" yaku="1,1,0,1,52,1,53,0" doraHai="37" doraHaiUra="80" who="3" fromWho="3" sc="325,-26,142,-26,298,-26,225,88" owari="299,9.9,116,-38.4,272,-12.8,313,41.3" /></mjloggm>