<mjloggm ver="2.3"><GO type="225" lobby="0"/><UN n0="%E5%91%A8%E6%9D%B1" n1="%E7%99%BD%E5%80%89%E5%AF%9B%E4%B9%8B" n2="%E6%A1%9C%E8%8A%B1%E9%96%83%E3%80%85" n3="%E3%81%BE%E3%81%A8%E3%81%9F" dan="17,16,16,16" rate="2182.50,2142.91,2102.26,2122.10" sx="M,M,M,M"/><TAIKYOKU oya="0"/><INIT seed="0,0,0,0,5,80" ten="250,250,250,250" oya="0" hai0="59,6,52,78,84,25,16,10,62,46,89,121,87" hai1="129,19,1,112,73,44,18,15,99,110,85,111,40" hai2="22,33,0,24,51,130,12,66,97,55,65,92,43" hai3="135,132,119,30,115,106,103,63,31,64,74,39,124"/><T134/><D121/><U29/><E73/><V88/><F0/><W3/><G3/><T93/><D134/><N who="3" m="51241" /><G39/><T5/><D46/><U70/><E1/><V105/><F130/><W13/><G74/><T27/><D27/><U38/><E70/><V48/><F105/><W117/><G115/><T23/><D10/><U68/><E68/><V118/><F118/><N who="3" m="45067" /><G13/><T98/><D78/><U95/><E112/><V61/><F33/><W86/><G86/><AGARI ba="0,0" hai="5,6,16,23,25,52,59,62,84,86,87,89,93,98" machi="86" ten="40,24000,3" yaku="25,2,8,1,52,3,54,2" doraHai="80" who="0" fromWho="3" sc="250,240,250,0,250,0,250,-240" /><INIT seed="0,1,0,0,3,108" ten="490,250,250,10" oya="0" hai0="36,129,14,114,24,102,80,131,34,73,71,121,35" hai1="20,25,69,48,23,8,0,88,82,110,109,103,90" hai2="115,106,10,37,105,22,122,86,126,75,107,49,61" hai3="30,78,70,51,98,65,38,95,112,99,7,74,26"/><T46/><D71/><U127/><E69/><V124/><F37/><W68/><G38/><T97/><D121/><U119/><E119/><V118/><F122/><W111/><G70/><T33/><D24/><U31/><E127/><N who="2" m="48683" /><F75/><W40/><G111/><N who="1" m="42506" /><E103/><V5/><F118/><W3/><G78/><N who="0" m="44111" /><D14/><U77/><E48/><V21/><F115/><W39/><G39/><T17/><D17/><U120/><E120/><V60/><F86/><W11/><G74/><T53/><D36/><U130/><E130/><V15/><F49/><W133/><G133/><T43/><D46/><U57/><E57/><V135/><F135/><W83/><G83/><T134/><D134/><U62/><E62/><AGARI ba="1,0" hai="5,10,15,21,22,60,61,62,105,106,107" m="48683" machi="62" ten="40,1300,0" yaku="18,1" doraHai="108" who="2" fromWho="1" sc="490,0,250,-16,250,16,10,0" /><INIT seed="1,0,0,5,3,121" ten="490,234,266,10" oya="1" hai0="21,32,57,99,82,23,36,96,55,125,133,117,10" hai1="2,7,94,18,47,128,131,112,58,95,41,86,90" hai2="56,110,39,26,107,48,49,13,46,71,105,25,78" hai3="59,35,104,75,22,44,40,68,72,119,62,79,76"/><U118/><E118/><V64/><F78/><W134/><G35/><T97/><D32/><U61/><E112/><V114/><F114/><W1/><G68/><T38/><D117/><U17/><E94/><V52/><F110/><W109/><G1/><T6/><D133/><U84/><E86/><V66/><F39/><W4/><G104/><T123/><D123/><U73/><E73/><V93/><F71/><W89/><G134/><T122/><D82/><U8/><E131/><V98/><F13/><W132/><G132/><T16/><D23/><U108/><E108/><V5/><F5/><W12/><G119/><T33/><D33/><U28/><E28/><V9/><F9/><W51/><G75/><T37/><D122/><U43/><E128/><V83/><F83/><W54/><G72/><T100/><D100/><U29/><E29/><V74/><F74/><W63/><G109/><T85/><D85/><U60/><E60/><V91/><F107/><W77/><G89/><T116/><D116/><U87/><E87/><V14/><F14/><W11/><REACH who="3" step="1"/><G22/><REACH who="3" ten="490,234,266,0" step="2"/><T70/><D21/><U113/><E113/><V67/><F105/><W126/><G126/><T124/><D125/><U102/><E102/><V81/><F81/><W20/><G20/><T24/><D124/><U115/><E115/><V31/><F31/><W34/><G34/><T106/><D106/><U0/><E0/><V101/><F101/><W30/><G30/><T111/><D111/><U120/><E120/><V88/><F91/><W19/><G19/><N who="1" m="7178" /><E47/><V127/><F127/><W135/><G135/><T3/><D3/><RYUUKYOKU ba="0,1" sc="490,-30,234,10,266,10,0,10" hai1="2,7,8,41,43,58,61,84,90,95" hai2="25,26,46,48,49,52,56,64,66,67,88,93,98" hai3="4,11,12,40,44,51,54,59,62,63,76,77,79" /><INIT seed="1,1,1,2,4,94" ten="460,244,276,10" oya="1" hai0="108,88,18,98,16,79,122,39,130,89,21,57,56" hai1="92,119,28,32,129,64,17,5,46,33,0,69,43" hai2="71,90,101,97,1,62,103,91,30,73,127,2,96" hai3="104,112,22,12,86,114,99,93,54,3,67,106,75"/><U123/><E123/><V50/><F73/><W59/><G3/><T87/><D39/><U60/><E119/><V44/><F30/><W63/><G75/><T109/><D122/><U72/><E129/><V85/><F127/><W81/><G106/><T125/><D125/><U102/><E17/><V20/><F20/><W15/><G104/><T116/><D116/><U111/><E111/><N who="0" m="42569" /><D130/><U132/><E132/><V34/><F34/><W25/><G112/><T61/><D98/><N who="2" m="37994" /><F71/><W95/><G95/><T13/><D18/><U36/><E92/><N who="2" m="54351" /><F1/><W48/><G114/><T76/><D89/><U70/><E102/><V49/><F2/><W66/><G66/><N who="0" m="39207" /><D57/><U41/><E28/><V6/><F6/><W29/><G86/><T9/><D21/><U45/><E70/><V23/><F91/><W52/><G81/><AGARI ba="1,1" hai="9,13,16,76,79,81,87,88" m="39207,42569" machi="81" ten="30,3900,0" yaku="14,1,54,2" doraHai="94" who="0" fromWho="3" sc="460,52,244,0,276,0,10,-42" owari="512,61.2,244,-15.6,276,7.6,-32,-53.2" /></mjloggm>