<mjloggm ver="2.3"><GO type="225" lobby="0"/><UN n0="%2D%E8%B1%8A%E5%8F%A3%E3%82%81%E3%81%90%E3%81%BF%2D" n1="%E3%83%96%E3%83%83%E3%83%91%E3%82%AA%E3%83%96%E3%83%81%E3%82%AD%E3%83%B3" n2="%E8%81%B7%E6%A5%AD%E3%80%81%E9%A2%A8%32" n3="%E6%9D%B1%E9%A2%A8%E3%81%AE%E3%81%8D%E3%82%83%E3%81%B7%E3%81%95%E3%82%93" dan="17,17,16,16" rate="2213.05,2194.08,2166.41,2181.07" sx="F,M,M,M"/><TAIKYOKU oya="0"/><INIT seed="0,0,0,4,0,63" ten="250,250,250,250" oya="0" hai0="37,7,129,87,80,97,65,69,118,135,112,48,93" hai1="79,100,42,36,40,51,25,21,70,10,110,29,108" hai2="99,86,101,81,116,20,89,11,92,132,13,28,67" hai3="85,106,75,83,6,15,71,12,102,2,94,22,9"/><T88/><D112/><U16/><E70/><V59/><F116/><W27/><G71/><T17/><D37/><U26/><E36/><V90/><F132/><W96/><G75/><T133/><D118/><U1/><E79/><V117/><F117/><W124/><G106/><T14/><D7/><U5/><E100/><V0/><F0/><W23/><G124/><T107/><D107/><U127/><E127/><V105/><F105/><W84/><G84/><T18/><D129/><U103/><E103/><V130/><F130/><W52/><G52/><T45/><D69/><U104/><E104/><V38/><F38/><W41/><G41/><T8/><D65/><U72/><E72/><V126/><F126/><W44/><G44/><T119/><D119/><U58/><E58/><V131/><F131/><W91/><REACH who="3" step="1"/><G22/><REACH who="3" ten="250,250,250,240" step="2"/><T74/><D74/><U122/><E42/><V43/><F43/><W4/><G4/><N who="0" m="3335" /><D135/><U125/><E125/><V114/><F20/><W53/><G53/><N who="0" m="29839" /><D133/><U57/><E40/><V50/><F86/><W109/><G109/><T120/><D120/><U121/><E121/><V33/><F33/><W32/><G32/><T68/><D68/><U111/><E122/><V82/><F67/><W78/><G78/><AGARI ba="0,1" hai="17,18,78,80,87,88,93,97" m="29839,3335" machi="78" ten="30,2900,0" yaku="8,1,54,1" doraHai="63" who="0" fromWho="3" sc="250,39,250,0,250,0,240,-29" /><INIT seed="0,1,0,2,1,83" ten="289,250,250,211" oya="0" hai0="55,132,104,6,109,15,16,30,76,102,129,45,133" hai1="10,47,89,92,100,23,94,18,2,67,50,65,135" hai2="49,98,111,52,5,13,112,70,41,11,51,117,22" hai3="17,28,25,87,64,95,3,46,110,39,9,66,56"/><T77/><D6/><U32/><E32/><V85/><F112/><W61/><G110/><T84/><D30/><U33/><E33/><V119/><F111/><W115/><G115/><T43/><D55/><U101/><E135/><N who="0" m="51785" /><D109/><U36/><E36/><V27/><F70/><W44/><G39/><N who="0" m="21759" /><D129/><U118/><E118/><N who="2" m="45067" /><F41/><W74/><G74/><T21/><D84/><N who="1" m="52263" /><E10/><V107/><F107/><W108/><G66/><N who="1" m="25098" /><E94/><V124/><F124/><W60/><G60/><T126/><D126/><U127/><E2/><V37/><F37/><W113/><G113/><T79/><D104/><U40/><E127/><V91/><F98/><W31/><G108/><T86/><D102/><U1/><E1/><V54/><F51/><W14/><G3/><T80/><AGARI ba="1,0" hai="15,16,21,76,77,79,80,86" m="21759,51785" machi="80" ten="30,6000,0" yaku="20,1,52,1,54,1" doraHai="83" who="0" fromWho="0" sc="289,63,250,-21,250,-21,211,-21" /><INIT seed="0,2,0,4,0,91" ten="352,229,229,190" oya="0" hai0="101,110,24,12,55,133,40,103,28,0,125,68,95" hai1="98,107,5,1,50,78,45,18,90,42,119,71,62" hai2="112,9,57,105,127,77,81,37,63,130,114,120,48" hai3="23,27,34,52,123,14,99,92,93,60,85,129,36"/><T6/><D0/><U108/><E119/><V32/><F120/><W51/><G36/><T121/><D121/><U13/><E108/><V96/><F37/><W17/><G123/><T70/><D40/><U104/><E78/><V134/><F32/><W65/><G129/><T82/><D82/><U15/><E1/><V22/><F130/><W72/><G72/><T53/><D125/><U100/><E5/><V111/><F111/><W113/><G113/><T21/><D110/><U128/><E128/><V56/><F22/><W38/><G38/><T49/><D55/><U20/><E107/><V122/><F9/><W102/><G34/><T87/><D103/><U131/><E131/><V47/><F57/><W86/><G27/><T30/><D30/><U8/><E90/><V3/><F3/><W11/><G11/><T39/><D39/><U135/><E135/><V35/><F35/><W97/><G60/><T118/><D118/><U2/><E2/><V126/><F122/><W94/><G65/><T80/><D12/><U43/><E43/><N who="2" m="24703" /><F127/><W88/><G94/><T116/><D6/><U75/><E75/><N who="2" m="43199" /><F126/><W106/><G106/><T19/><D28/><U115/><E115/><V16/><F16/><W89/><G102/><T46/><D133/><U4/><REACH who="1" step="1"/><E62/><REACH who="1" ten="352,219,229,190" step="2"/><V124/><F124/><W25/><REACH who="3" step="1"/><G25/><REACH who="3" ten="352,219,229,180" step="2"/><N who="0" m="14527" /><D116/><U44/><E44/><AGARI ba="2,2" hai="14,17,23,44,51,52,85,86,88,89,92,93,97,99" machi="44" ten="30,16000,3" yaku="1,1,7,1,9,1,8,1,52,2,54,2,53,0" doraHai="91" doraHaiUra="31" who="3" fromWho="1" sc="352,0,219,-166,229,0,180,186" /><INIT seed="1,0,0,2,3,102" ten="352,53,229,366" oya="1" hai0="28,61,29,79,17,94,86,106,34,124,103,26,32" hai1="131,68,84,85,22,122,57,116,105,8,21,91,109" hai2="99,18,63,19,125,121,14,126,51,120,74,89,24" hai3="113,73,67,69,6,81,39,50,1,114,42,46,48"/><U56/><E116/><V66/><F74/><W80/><G80/><T36/><D36/><U65/><E122/><V55/><F24/><W101/><G101/><T130/><D124/><N who="2" m="47722" /><F89/><W60/><G50/><T11/><D130/><U129/><E68/><N who="2" m="42079" /><F99/><W15/><G15/><T64/><D32/><U128/><E109/><V23/><F19/><W12/><G12/><T25/><D29/><U111/><E111/><V90/><F90/><W37/><G48/><T5/><D17/><U4/><E85/><V41/><F41/><W134/><G134/><T27/><D79/><U78/><E78/><V3/><F3/><W87/><G37/><T35/><D35/><U93/><E105/><V88/><F88/><W0/><G87/><T110/><D94/><U123/><E123/><V77/><F77/><N who="3" m="44207" /><G0/><N who="0" m="423" /><D110/><U49/><E4/><V108/><F108/><W107/><G107/><T52/><D86/><U16/><E8/><AGARI ba="0,0" hai="1,6,8,39,42,46,60,67,69,113,114" m="44207" machi="8" ten="30,2000,0" yaku="25,1,23,1" doraHai="102" who="3" fromWho="1" sc="352,0,53,-20,229,0,366,20" /><INIT seed="2,0,0,3,4,105" ten="352,33,229,386" oya="2" hai0="56,35,10,127,126,55,110,74,42,17,96,118,81" hai1="43,21,115,25,19,122,119,90,32,7,49,28,131" hai2="0,24,80,31,124,53,68,121,112,40,132,27,79" hai3="106,135,88,58,3,100,22,101,1,83,20,94,134"/><V45/><F112/><W4/><G58/><T78/><D110/><U15/><E115/><V71/><F121/><W57/><G57/><T46/><D35/><U36/><E122/><V30/><F132/><N who="3" m="50731" /><G83/><T116/><D96/><U103/><E119/><N who="0" m="45609" /><D17/><U108/><E108/><V89/><F53/><W51/><G51/><N who="0" m="27095" /><D10/><U62/><E131/><V65/><F65/><W84/><G106/><T113/><D113/><U34/><E103/><N who="3" m="39498" /><G4/><T64/><D64/><U50/><E34/><V29/><F89/><W26/><G22/><T92/><D92/><U48/><E62/><AGARI ba="0,0" hai="55,56,62,74,78,81,126,127" m="27095,45609" machi="62" ten="30,2000,0" yaku="12,1,52,1" doraHai="105" who="0" fromWho="1" sc="352,20,33,-20,229,0,386,0" /><INIT seed="3,0,0,4,5,3" ten="372,13,229,386" oya="3" hai0="64,128,100,91,117,36,133,72,76,62,14,125,34" hai1="105,79,122,87,49,116,126,48,66,35,67,114,51" hai2="50,33,25,120,29,94,11,39,130,65,60,19,17" hai3="47,77,123,104,69,22,37,85,32,6,4,99,53"/><W5/><G69/><T121/><D117/><U12/><E122/><V92/><F39/><W20/><G32/><T8/><D121/><U129/><E114/><V131/><F120/><W59/><G123/><T55/><D36/><U16/><E116/><V135/><F135/><W45/><G104/><T109/><D34/><U95/><E105/><V52/><F92/><W106/><G106/><T90/><D100/><U63/><E35/><V98/><F11/><W108/><G99/><T2/><D2/><U107/><E107/><V43/><F43/><W86/><G37/><T101/><D101/><U70/><E129/><V112/><F112/><W1/><G108/><T89/><D133/><U78/><E126/><V113/><F113/><W15/><G1/><T102/><D102/><U71/><E95/><V7/><F17/><N who="3" m="10303" /><G22/><T88/><D109/><U42/><E42/><V83/><F19/><W18/><G18/><T96/><D125/><U73/><E73/><V38/><F38/><W58/><G58/><N who="0" m="36951" /><D128/><U74/><E74/><V30/><F30/><W82/><G86/><T57/><D72/><U9/><REACH who="1" step="1"/><E87/><REACH who="1" ten="372,3,229,386" step="2"/><V23/><F33/><W10/><G10/><T93/><N who="0" m="22528" /><DORA hai="21" /><T124/><D124/><U28/><E28/><V27/><F29/><W41/><G41/><T54/><D93/><U84/><E84/><V103/><F94/><W119/><G119/><T26/><D96/><U44/><E44/><V61/><F98/><W13/><G47/><T127/><D127/><U111/><E111/><V132/><F130/><W110/><G110/><T24/><D8/><U0/><E0/><RYUUKYOKU ba="0,1" sc="372,-10,3,30,229,-10,386,-10" hai1="9,12,16,48,49,51,63,66,67,70,71,78,79" owari="362,16.2,33,-46.7,219,-18.1,386,48.6" /></mjloggm>