<mjloggm ver="2.3"><GO type="225" lobby="0"/><UN n0="%E7%99%BD%E9%B9%BF%E6%84%9B%E8%8E%89" n1="%72%61%6B%33" n2="%E5%B0%8F%E9%B3%A5%E9%81%8A%E7%B7%B4%E7%84%A1%32%31%E6%AD%B3" n3="%E9%A6%AC%E5%BC%95%E7%81%AB%33" dan="17,16,17,16" rate="2117.71,2102.09,2222.48,2131.69" sx="F,M,F,M"/><TAIKYOKU oya="0"/><INIT seed="0,0,0,1,0,125" ten="250,250,250,250" oya="0" hai0="27,87,104,44,75,124,88,47,29,11,111,103,18" hai1="60,68,26,37,108,93,112,30,54,36,126,98,102" hai2="74,113,51,39,83,90,84,82,8,40,64,123,31" hai3="135,76,45,5,94,72,117,110,21,34,77,73,32"/><T35/><D75/><U15/><E126/><V101/><F39/><W48/><G117/><T71/><D124/><U132/><E108/><V120/><F113/><W69/><G69/><T131/><D71/><U53/><E112/><V0/><F64/><W66/><G66/><T49/><D111/><U86/><E132/><V14/><F0/><W46/><G110/><T24/><D104/><U96/><E86/><V114/><F31/><W56/><G135/><T55/><D103/><U122/><E15/><V70/><F70/><W43/><G5/><T20/><D131/><U118/><E122/><V42/><F101/><W58/><G94/><T133/><D133/><U89/><E54/><V65/><F65/><W17/><G48/><T16/><D11/><U78/><E78/><V100/><F100/><W13/><G13/><T129/><D129/><U33/><E118/><V127/><F127/><W25/><G25/><T50/><D24/><U19/><E19/><V22/><F114/><W12/><G12/><T92/><D35/><U109/><E109/><V79/><F22/><W128/><G21/><T57/><D57/><U134/><E134/><V105/><F105/><W85/><G128/><T62/><D62/><U28/><E28/><V121/><REACH who="2" step="1"/><F51/><REACH who="2" ten="250,250,240,250" step="2"/><W63/><G32/><T61/><D61/><U119/><E119/><V91/><F91/><W41/><G34/><T59/><D59/><N who="1" m="34927" /><E68/><V99/><F99/><W67/><G63/><T115/><D115/><U95/><E36/><V107/><F107/><W38/><G38/><T130/><D130/><U80/><E37/><V23/><F23/><RYUUKYOKU ba="0,1" sc="250,10,250,10,240,10,250,-30" hai0="16,18,20,27,29,44,47,49,50,55,87,88,92" hai1="26,30,33,80,89,93,95,96,98,102" hai2="8,14,40,42,74,79,82,83,84,90,120,121,123" /><INIT seed="0,1,1,3,2,101" ten="260,260,250,220" oya="0" hai0="72,109,98,48,44,21,19,79,41,127,0,42,129" hai1="82,15,75,71,6,20,89,99,37,111,24,4,50" hai2="120,124,108,1,33,78,11,105,130,132,117,122,121" hai3="57,60,25,8,58,95,70,12,87,96,125,66,31"/><T128/><D0/><U27/><E37/><V76/><F76/><W97/><G125/><T59/><D127/><U86/><E111/><V26/><F78/><W133/><G133/><T104/><D59/><U68/><E75/><V35/><F26/><W93/><G87/><T29/><D29/><U45/><E24/><V18/><F18/><W36/><G36/><T39/><D109/><U55/><E71/><V5/><F11/><W2/><G2/><T81/><D42/><U112/><E68/><V69/><F5/><W23/><G96/><T53/><D39/><U113/><E99/><V67/><F67/><W119/><G95/><T3/><D3/><U34/><E34/><V30/><F30/><W49/><G49/><T91/><D41/><U84/><E84/><V65/><F65/><W103/><G119/><T10/><D10/><U114/><REACH who="1" step="1"/><E15/><REACH who="1" ten="260,250,250,220" step="2"/><V74/><F121/><W110/><G110/><T51/><D98/><U52/><E52/><V102/><F33/><W115/><G115/><T131/><D53/><U134/><E134/><V43/><F43/><W47/><G12/><T64/><D72/><U94/><E94/><V62/><F120/><W14/><G14/><T17/><D129/><U118/><E118/><V13/><F13/><W80/><G8/><T85/><D128/><U32/><E32/><V92/><F92/><W73/><G73/><T116/><D116/><U54/><E54/><V56/><F74/><W88/><G80/><T83/><D81/><U7/><E7/><V22/><F117/><W107/><G93/><N who="0" m="54511" /><D131/><U90/><E90/><V77/><F130/><RYUUKYOKU ba="1,2" sc="260,-10,250,30,250,-10,220,-10" hai1="4,6,20,27,45,50,55,82,86,89,112,113,114" /><INIT seed="1,2,2,4,4,6" ten="250,280,240,210" oya="1" hai0="96,59,43,20,4,23,25,44,107,26,121,103,15" hai1="54,97,50,79,122,57,81,101,31,75,48,13,85" hai2="37,55,135,2,3,77,110,69,125,127,53,27,104" hai3="76,10,29,14,39,95,118,58,133,98,72,56,64"/><U112/><E112/><V109/><F104/><W113/><G113/><T35/><D121/><U18/><E122/><V30/><F37/><W45/><G133/><T84/><D35/><U21/><E31/><V65/><F77/><W114/><G114/><T132/><D132/><U0/><E0/><N who="2" m="43" /><F135/><W40/><G29/><T36/><D59/><U51/><REACH who="1" step="1"/><E75/><REACH who="1" ten="250,270,240,210" step="2"/><V80/><F30/><W83/><G118/><T19/><D4/><U67/><E67/><V100/><F65/><W12/><G64/><T60/><D60/><U87/><E87/><V94/><F127/><W41/><G72/><T89/><REACH who="0" step="1"/><D23/><REACH who="0" ten="240,270,240,210" step="2"/><U128/><E128/><V126/><F125/><W99/><G10/><T102/><D102/><U8/><E8/><V108/><F100/><W7/><G7/><T129/><D129/><U62/><E62/><V91/><F126/><W117/><G117/><T61/><D61/><U22/><E22/><V74/><F109/><W124/><G124/><T120/><D120/><U66/><E66/><V9/><F110/><W92/><G45/><T32/><D32/><U42/><E42/><V17/><F108/><W82/><G40/><T24/><D24/><U78/><E78/><V116/><F27/><W71/><G41/><T47/><D47/><U115/><E115/><V46/><F46/><W33/><G33/><T28/><D28/><U63/><E63/><V93/><F17/><W68/><G76/><T111/><D111/><U123/><E123/><V90/><F116/><W134/><G134/><T86/><D86/><U38/><E38/><AGARI ba="2,4" hai="12,14,38,39,56,58,68,71,82,83,92,95,98,99" machi="38" ten="25,1600,0" yaku="22,2" doraHai="6" who="3" fromWho="1" sc="240,0,270,-22,240,0,210,62" /><INIT seed="2,0,0,3,1,97" ten="240,248,240,272" oya="2" hai0="43,108,10,131,135,19,77,27,94,90,37,126,5" hai1="30,75,51,118,86,40,111,82,67,33,56,129,116" hai2="119,49,59,29,38,47,79,1,6,120,101,50,3" hai3="8,80,95,60,48,18,12,78,96,69,31,102,88"/><V112/><F112/><W115/><G115/><T36/><D108/><U73/><E111/><V83/><F120/><W55/><G31/><T25/><D131/><U133/><E129/><V32/><F119/><W85/><G69/><T54/><D77/><U23/><E33/><V109/><F109/><W127/><G60/><T63/><D135/><U4/><E133/><V39/><F59/><N who="3" m="33255" /><G127/><T81/><D81/><U15/><E67/><V45/><F29/><W34/><G34/><T93/><D126/><U0/><E0/><V121/><F32/><W41/><G41/><T17/><D43/><U61/><E75/><V11/><F121/><W122/><G122/><T46/><D63/><U107/><E73/><V53/><F1/><W130/><G130/><T113/><D113/><U64/><E82/><V72/><REACH who="2" step="1"/><F101/><AGARI ba="0,0" hai="8,12,18,78,80,85,88,95,96,101,102" m="33255" machi="101" ten="30,7700,0" yaku="8,1,52,2,54,1" doraHai="97" who="3" fromWho="2" sc="240,0,248,0,240,-77,272,77" /><INIT seed="3,0,0,1,0,28" ten="240,248,163,349" oya="3" hai0="90,118,82,58,49,121,57,128,21,78,89,15,68" hai1="54,135,134,39,117,56,34,133,29,5,74,4,69" hai2="79,37,129,60,96,48,93,22,32,113,75,9,86" hai3="130,43,101,97,44,51,14,125,83,61,66,132,126"/><W52/><BYE who="1" /><G130/><T16/><D118/><U85/><E85/><V104/><F37/><W41/><G132/><T26/><D121/><U30/><E30/><V114/><F129/><W84/><G14/><T76/><D68/><U115/><E115/><V47/><F104/><W65/><G41/><T6/><D128/><U17/><E17/><V59/><F75/><UN n1="%72%61%6B%33" /><W24/><G24/><T23/><D6/><U40/><E69/><V67/><F114/><W3/><G43/><T91/><D49/><U92/><E74/><V33/><F113/><W95/><G3/><T99/><D99/><U25/><E117/><V7/><F22/><W35/><G35/><T98/><D98/><U1/><E92/><V72/><F72/><W111/><G111/><T100/><D100/><U80/><E80/><V62/><F62/><W88/><G61/><T77/><D82/><U19/><E19/><AGARI ba="0,0" hai="15,16,19,21,23,26,57,58,76,77,78,89,90,91" machi="19" ten="40,2600,0" yaku="8,1,54,1" doraHai="28" who="0" fromWho="1" sc="240,26,248,-26,163,0,349,0" owari="266,6.6,222,-17.8,163,-33.7,349,44.9" /></mjloggm>