<mjloggm ver="2.3"><GO type="225" lobby="0"/><UN n0="%E6%9C%88%E5%B3%B6%E5%9F%BA" n1="%E3%83%96%E3%83%83%E3%83%91%E3%82%AA%E3%83%96%E3%83%81%E3%82%AD%E3%83%B3" n2="%E3%82%AF%E3%82%A3%E3%82%A6" n3="%E5%B8%86%E7%AB%8B%E5%A4%8F%E8%A1%A3" dan="16,16,16,17" rate="2132.68,2089.71,2063.59,2206.54" sx="M,M,M,M"/><TAIKYOKU oya="0"/><INIT seed="0,0,0,1,5,99" ten="250,250,250,250" oya="0" hai0="13,5,2,92,59,65,102,0,95,28,40,33,90" hai1="109,81,17,48,27,24,134,107,56,69,36,31,72" hai2="62,43,121,133,83,97,58,4,9,8,53,45,25" hai3="116,78,106,135,105,87,127,88,73,14,103,125,130"/><T129/><D129/><U70/><E36/><V96/><F121/><W41/><G41/><T89/><D40/><U124/><E107/><N who="3" m="40970" /><G130/><T30/><D33/><U94/><E109/><V68/><F133/><W57/><G57/><T122/><D122/><U54/><E124/><N who="3" m="47690" /><G14/><T117/><D117/><U110/><E110/><V108/><F108/><W126/><N who="3" m="47698" /><W113/><DORA hai="60" /><G113/><T11/><D2/><U93/><E56/><V67/><F83/><N who="3" m="45519" /><G116/><T79/><D0/><U66/><E70/><V80/><F80/><N who="3" m="49255" /><G103/><T19/><D79/><U86/><E69/><V12/><F25/><W104/><N who="3" m="40978" /><W1/><DORA hai="61" /><G1/><T77/><D77/><U64/><E27/><V114/><F114/><W10/><G10/><T39/><D39/><U82/><E24/><V55/><F9/><W16/><G16/><T119/><D119/><U52/><E17/><V20/><F20/><W111/><G111/><T46/><D46/><U118/><E31/><N who="0" m="11817" /><D19/><U112/><E118/><V101/><F101/><W115/><G115/><T22/><D22/><U51/><E112/><V131/><F131/><W85/><G85/><T6/><D6/><U47/><E86/><V100/><F100/><W7/><G7/><T23/><D23/><U38/><E38/><V132/><F132/><AGARI ba="0,0" hai="132,135" m="49255,45519,47698,40978" machi="132" ten="60,8000,1" yaku="18,1,34,2,54,1" doraHai="99,60,61" who="3" fromWho="2" sc="250,0,250,0,250,-80,250,80" /><INIT seed="1,0,0,4,5,62" ten="250,250,170,330" oya="1" hai0="109,117,7,96,66,115,101,94,116,27,124,69,31" hai1="102,79,105,57,6,82,98,90,119,40,12,59,25" hai2="19,72,89,125,91,33,23,24,11,88,44,70,45" hai3="106,63,2,51,1,103,16,37,135,74,100,3,77"/><U32/><E119/><V123/><F123/><W73/><G37/><T107/><D115/><U50/><E90/><V58/><F70/><W17/><G135/><T5/><D109/><U34/><E34/><V14/><F125/><W130/><G130/><T30/><D124/><U35/><E32/><V48/><F72/><W120/><G120/><T71/><D31/><U111/><E111/><V28/><REACH who="2" step="1"/><F33/><REACH who="2" ten="250,250,160,330" step="2"/><W121/><G74/><T81/><D71/><U99/><E35/><V126/><F126/><W87/><G73/><T113/><D69/><U92/><E25/><V112/><F112/><W61/><G121/><T76/><D113/><U46/><E6/><V56/><F56/><W133/><G133/><T53/><D5/><U41/><E59/><V110/><F110/><W104/><G1/><T80/><D7/><U49/><E57/><V129/><F129/><W4/><G4/><T85/><D27/><U122/><E122/><V52/><AGARI ba="0,1" hai="11,14,19,23,24,28,44,45,48,52,58,88,89,91" machi="52" ten="30,12000,2" yaku="1,1,0,1,8,1,54,2,53,1" doraHai="62" doraHaiUra="21" who="2" fromWho="2" sc="250,-30,250,-60,160,130,330,-30" /><INIT seed="2,0,0,0,2,115" ten="220,190,290,300" oya="2" hai0="3,116,78,41,38,105,72,17,73,119,20,93,107" hai1="57,56,53,111,65,88,15,21,27,46,68,131,18" hai2="8,75,114,97,108,98,4,101,47,64,23,82,135" hai3="118,70,1,42,30,44,59,102,32,89,117,84,86"/><V81/><F114/><W124/><G70/><T63/><D3/><U133/><E111/><V52/><F135/><W6/><G102/><T126/><D126/><U22/><E133/><V122/><F122/><W128/><G124/><T95/><D63/><U9/><E131/><V33/><F33/><W60/><G128/><T67/><D67/><U103/><E103/><V40/><F108/><W25/><G6/><T55/><D55/><U66/><E68/><V112/><F112/><W113/><G1/><T36/><D41/><U76/><E76/><V7/><F64/><W129/><G86/><T71/><D71/><U94/><E46/><V96/><F101/><W48/><G129/><T39/><D78/><U58/><E53/><V74/><F23/><W83/><G113/><T35/><D35/><U61/><E65/><AGARI ba="0,0" hai="25,30,32,42,44,48,59,60,65,83,84,89,117,118" machi="65" ten="30,3900,0" yaku="7,1,52,2" doraHai="115" who="3" fromWho="1" sc="220,0,190,-39,290,0,300,39" /><INIT seed="3,0,0,2,0,53" ten="220,151,290,339" oya="3" hai0="59,83,84,113,25,79,96,78,132,32,35,106,63" hai1="28,135,34,131,126,58,65,103,87,104,133,57,105" hai2="71,16,72,3,99,1,9,101,123,27,52,81,102" hai3="5,68,8,90,2,56,6,21,97,119,22,37,30"/><W47/><G68/><T130/><D130/><U15/><E131/><V74/><F71/><W61/><G119/><T122/><D122/><U100/><E126/><V4/><F123/><W38/><G6/><T66/><D132/><N who="1" m="50763" /><E65/><V62/><F81/><W92/><G30/><T88/><D113/><U109/><E87/><V73/><F1/><W45/><G38/><T107/><D25/><N who="1" m="18703" /><E109/><V11/><F99/><W23/><REACH who="3" step="1"/><G37/><REACH who="3" ten="220,151,290,329" step="2"/><T77/><REACH who="0" step="1"/><D107/><REACH who="0" ten="210,151,290,329" step="2"/><N who="1" m="41035" /><E15/><V89/><F3/><W111/><G111/><T29/><D29/><U49/><E49/><V12/><F16/><W7/><G7/><T36/><D36/><U44/><E44/><V54/><F4/><W124/><G124/><T95/><D95/><U26/><E26/><V18/><F27/><W55/><AGARI ba="0,2" hai="2,5,8,21,22,23,45,47,55,56,61,90,92,97" machi="55" ten="30,6000,0" yaku="1,1,0,1,52,1,53,0" doraHai="53" doraHaiUra="118" who="3" fromWho="3" sc="210,-20,151,-20,290,-20,329,80" owari="190,-21.0,131,-36.9,270,7.0,409,50.9" /></mjloggm>