<mjloggm ver="2.3"><GO type="225" lobby="0"/><UN n0="%E3%83%9D%E3%82%B1%E3%83%83%E3%83%88" n1="%E4%BF%BA%E3%81%A8%E5%A6%96%E5%A4%A2" n2="%E3%81%BF%E3%81%BF%E3%81%9A" n3="%43%68%65" dan="16,16,18,16" rate="2060.82,2192.97,2205.24,2155.61" sx="M,F,M,M"/><TAIKYOKU oya="0"/><INIT seed="0,0,0,2,3,111" ten="250,250,250,250" oya="0" hai0="84,36,107,120,28,45,52,106,125,3,31,7,134" hai1="109,96,128,121,118,59,100,81,132,113,25,58,87" hai2="65,75,56,44,53,115,43,61,10,49,50,83,105" hai3="14,23,119,77,19,80,99,22,102,27,92,93,38"/><T69/><D120/><U85/><E121/><V104/><F115/><W30/><G38/><T89/><D69/><U94/><E109/><V33/><F33/><W47/><G119/><T1/><D134/><U101/><E118/><V116/><F116/><W91/><G47/><T133/><D133/><U12/><E132/><V66/><F66/><W18/><G30/><T9/><D1/><U88/><E128/><V46/><REACH who="2" step="1"/><F10/><REACH who="2" ten="250,250,240,250" step="2"/><W48/><G48/><T103/><D36/><U21/><E113/><V76/><AGARI ba="0,1" hai="43,44,46,49,50,53,56,61,65,75,76,83,104,105" machi="76" ten="30,4000,0" yaku="1,1,2,1,0,1,53,0" doraHai="111" doraHaiUra="130" who="2" fromWho="2" sc="250,-20,250,-10,240,50,250,-10" /><INIT seed="1,0,0,3,2,102" ten="230,240,290,240" oya="1" hai0="117,122,23,85,56,96,82,119,92,1,94,97,11" hai1="103,77,6,41,18,108,39,66,28,116,101,55,5" hai2="27,49,3,88,91,86,126,99,33,109,50,87,34" hai3="74,7,44,78,2,127,130,114,133,25,45,80,132"/><U16/><E116/><N who="0" m="44617" /><D23/><U90/><E66/><V53/><F109/><W107/><G114/><T73/><D11/><U134/><E108/><V29/><F126/><W51/><G127/><T115/><D1/><U113/><E113/><V0/><F99/><N who="0" m="37962" /><D56/><U36/><E77/><V48/><F53/><W67/><G130/><T9/><D9/><U59/><E90/><V125/><F125/><W42/><G67/><T52/><D52/><U93/><E93/><N who="0" m="35945" /><D115/><U83/><E55/><V31/><F49/><W79/><G25/><AGARI ba="0,0" hai="0,3,25,27,29,31,33,34,48,50,86,87,88,91" machi="25" ten="25,3200,0" yaku="22,2,54,1" doraHai="102" who="2" fromWho="3" sc="230,0,240,0,290,32,240,-32" /><INIT seed="2,0,0,5,2,22" ten="230,240,322,208" oya="2" hai0="109,98,25,57,29,24,20,38,43,128,74,8,80" hai1="42,32,73,70,124,100,79,56,86,0,99,59,1" hai2="28,34,68,33,111,117,27,130,105,122,116,52,36" hai3="126,125,17,134,47,89,15,10,45,69,88,51,110"/><V108/><F105/><W129/><G110/><N who="2" m="42025" /><F122/><W123/><G123/><T31/><D109/><U72/><E70/><V3/><F130/><W40/><G129/><T103/><D128/><U19/><E124/><N who="3" m="47722" /><G134/><T113/><D113/><U118/><E118/><V95/><F36/><N who="3" m="21639" /><G69/><T48/><D8/><U58/><E42/><AGARI ba="0,0" hai="10,15,17,42,47,51,88,89" m="21639,47722" machi="42" ten="30,2000,0" yaku="18,1,54,1" doraHai="22" who="3" fromWho="1" sc="230,0,240,-20,322,0,208,20" /><INIT seed="3,0,0,3,1,12" ten="230,220,322,228" oya="3" hai0="25,31,26,16,46,15,131,4,76,77,87,102,37" hai1="3,112,20,75,43,135,8,54,24,6,38,11,86" hai2="72,19,68,84,13,58,133,117,116,44,63,51,134" hai3="123,82,101,92,104,39,88,53,81,9,129,73,10"/><W95/><G123/><T91/><D131/><U100/><E112/><V109/><F72/><W67/><G129/><T57/><D4/><U121/><E121/><V28/><F28/><W94/><G39/><T120/><D102/><U48/><E75/><V124/><F68/><W5/><G104/><T80/><D120/><U97/><E135/><N who="2" m="51723" /><F109/><W99/><G67/><T30/><D57/><U130/><E130/><V17/><F84/><W0/><G73/><T21/><D46/><U55/><E38/><V74/><F74/><W115/><G115/><T126/><D37/><U32/><E32/><V34/><F34/><W65/><G65/><T125/><D125/><U40/><E86/><V60/><F19/><W14/><G53/><T70/><D70/><U78/><E78/><V122/><F124/><W7/><REACH who="3" step="1"/><G95/><REACH who="3" ten="230,220,322,218" step="2"/><T59/><D126/><U42/><E55/><N who="2" m="30183" /><F122/><W56/><G56/><T113/><D59/><U118/><E118/><N who="2" m="45675" /><F58/><W105/><G105/><T110/><D113/><U22/><E40/><V18/><F18/><W47/><G47/><T29/><D110/><U85/><E43/><V98/><F98/><AGARI ba="0,1" hai="0,5,7,9,10,14,81,82,88,92,94,98,99,101" machi="98" ten="30,5800,0" yaku="1,1,7,1,54,1,53,0" doraHai="12" doraHaiUra="23" who="3" fromWho="2" sc="230,0,220,0,322,-58,218,68" /><INIT seed="3,1,0,4,0,71" ten="230,220,264,286" oya="3" hai0="93,21,57,43,86,95,108,91,62,24,81,18,22" hai1="75,79,49,64,16,77,67,70,123,134,102,19,105" hai2="99,126,6,87,29,13,35,11,23,63,85,88,89" hai3="82,45,55,44,107,38,106,2,36,9,83,12,129"/><W121/><G121/><T97/><D108/><U27/><E123/><V118/><F118/><W122/><G122/><T115/><D115/><U112/><E112/><V109/><F109/><W31/><G2/><T65/><D43/><U100/><E134/><V15/><F126/><W60/><G31/><T131/><D131/><U117/><E117/><V40/><F40/><W69/><G129/><T128/><D128/><U7/><E70/><V113/><F113/><W73/><G69/><T72/><D72/><U124/><E124/><V50/><F35/><W32/><G32/><T1/><D1/><U10/><E105/><V76/><F50/><W33/><G33/><T84/><D84/><U61/><E75/><V8/><F63/><W98/><G60/><T125/><D125/><U37/><E49/><V48/><F48/><N who="3" m="29063" /><G45/><T52/><D65/><N who="1" m="25163" /><E61/><V103/><F76/><N who="1" m="29257" /><E37/><N who="3" m="14442" /><G73/><T74/><D74/><U54/><E54/><V101/><F87/><W132/><G132/><T47/><D47/><U56/><E56/><V133/><F133/><W104/><G98/><T39/><D39/><U51/><E51/><V68/><F99/><W25/><G25/><T110/><D110/><U59/><E59/><V17/><F68/><W53/><G53/><T20/><D95/><U90/><E27/><N who="2" m="16639" /><F85/><W116/><G116/><T130/><D130/><U58/><E58/><V46/><F46/><W4/><G107/><T14/><REACH who="0" step="1"/><D24/><REACH who="0" ten="220,220,264,286" step="2"/><U96/><E96/><V28/><F28/><W135/><G135/><T78/><AGARI ba="1,1" hai="14,18,20,21,22,52,57,62,78,81,86,91,93,97" machi="78" ten="20,12000,2" yaku="1,1,2,1,0,1,7,1,8,1,54,1,53,0" doraHai="71" doraHaiUra="30" who="0" fromWho="0" sc="220,133,220,-31,264,-31,286,-61" owari="353,45.3,189,-31.1,233,3.3,225,-17.5" /></mjloggm>