<mjloggm ver="2.3"><GO type="225" lobby="0"/><UN n0="%E3%83%96%E3%83%83%E3%83%91%E3%82%AA%E3%83%96%E3%83%81%E3%82%AD%E3%83%B3" n1="%E3%83%A9%E3%82%A4%E3%83%B3%E3%81%AE%E8%99%8E" n2="%E9%A6%AC%E5%BC%95%E7%81%AB%33" n3="%E3%81%94%E3%81%BE%E6%B2%B9%E9%A3%B2%E3%81%BF%E5%A4%AA%E9%83%8E" dan="16,16,16,16" rate="2138.01,2195.87,2055.51,2102.67" sx="M,M,M,M"/><TAIKYOKU oya="0"/><INIT seed="0,0,0,0,1,26" ten="250,250,250,250" oya="0" hai0="110,12,13,16,133,98,2,100,4,53,3,1,56" hai1="107,55,52,50,77,97,37,15,47,102,111,63,83" hai2="34,6,27,5,84,9,104,19,119,58,68,45,121" hai3="48,94,88,44,57,24,127,21,70,72,0,73,18"/><T25/><D133/><U131/><E111/><V114/><F114/><W95/><G70/><T65/><D65/><U59/><E37/><V89/><F121/><W118/><G118/><T108/><D4/><U51/><E131/><V43/><F68/><W93/><G0/><T132/><D132/><U101/><E101/><V79/><F104/><W117/><G117/><T60/><D25/><U120/><E120/><V62/><F79/><W42/><G127/><T128/><D128/><U80/><E77/><V66/><F119/><W54/><REACH who="3" step="1"/><G88/><REACH who="3" ten="250,250,250,240" step="2"/><T135/><D135/><U7/><REACH who="1" step="1"/><E63/><AGARI ba="0,1" hai="18,21,24,42,44,48,54,57,63,72,73,93,94,95" machi="63" ten="40,2600,0" yaku="1,1,2,1,53,0" doraHai="26" doraHaiUra="122" who="3" fromWho="1" sc="250,0,250,-26,250,0,240,36" /><INIT seed="1,0,0,1,1,44" ten="250,224,250,276" oya="1" hai0="96,18,68,61,128,97,74,11,107,121,120,101,93" hai1="13,76,67,55,62,115,46,132,109,88,60,124,64" hai2="84,36,123,1,103,25,2,42,0,130,79,99,52" hai3="125,45,81,87,72,102,10,135,35,6,23,126,91"/><U37/><E115/><V78/><F123/><N who="0" m="47178" /><D128/><U30/><E76/><V43/><F130/><W110/><G35/><T26/><D74/><U65/><E30/><V24/><F99/><W33/><G33/><T85/><D85/><U112/><E112/><V39/><F84/><W134/><G23/><N who="0" m="13687" /><D11/><U129/><E129/><V92/><F92/><W49/><G102/><N who="0" m="62919" /><D61/><U117/><E117/><V5/><F1/><N who="3" m="335" /><G110/><T100/><D68/><U94/><E109/><V108/><F108/><W14/><G14/><T32/><D32/><U20/><E124/><N who="3" m="47722" /><G72/><T71/><D71/><U19/><E132/><V80/><F103/><AGARI ba="0,0" hai="93,97,100,101,103" m="62919,13687,47178" machi="103" ten="30,1000,0" yaku="13,1" doraHai="44" who="0" fromWho="2" sc="250,10,224,0,250,-10,276,0" /><INIT seed="2,0,0,2,2,14" ten="260,224,240,276" oya="2" hai0="113,49,84,119,59,108,26,60,15,61,117,4,11" hai1="91,124,71,107,50,128,1,45,96,76,114,53,78" hai2="98,104,123,0,41,72,75,65,13,39,18,23,125" hai3="19,116,55,33,122,29,74,28,127,120,6,51,86"/><V126/><F123/><W47/><G74/><T85/><D113/><U42/><E114/><V88/><F0/><W131/><G116/><N who="0" m="44619" /><D108/><U27/><E124/><N who="2" m="47723" /><F65/><W134/><G131/><T64/><D49/><U109/><E109/><V63/><F63/><W36/><G134/><T69/><D26/><U58/><E128/><V121/><F121/><W118/><G6/><T82/><D82/><U44/><E1/><V102/><F88/><W56/><G118/><T46/><D46/><AGARI ba="0,0" hai="13,18,23,39,41,46,72,75,98,102,104" m="47723" machi="46" ten="30,2900,0" yaku="18,1,52,1" doraHai="14" who="2" fromWho="0" sc="260,-29,224,0,240,29,276,0" /><INIT seed="2,1,0,3,0,79" ten="231,224,269,276" oya="2" hai0="40,76,36,18,29,127,11,100,88,51,104,75,4" hai1="90,92,70,74,130,26,86,60,119,48,82,56,65" hai2="122,46,114,37,129,71,61,34,134,125,43,13,95" hai3="87,64,8,97,77,132,59,9,63,109,22,17,0"/><V94/><F114/><W23/><G109/><T66/><D127/><U72/><E119/><V28/><F122/><W19/><G0/><T42/><D29/><U32/><E130/><V121/><F121/><W49/><G97/><T115/><D115/><U27/><E32/><V135/><F125/><W85/><G49/><T113/><D113/><U118/><E118/><V91/><F129/><W96/><G96/><T116/><D66/><U57/><E70/><V93/><F13/><N who="3" m="9519" /><G132/><N who="2" m="50729" /><F61/><W41/><G41/><T101/><D104/><U131/><E131/><V128/><F128/><W47/><G47/><T102/><D36/><U107/><E107/><V103/><F103/><W126/><G126/><T81/><D116/><U99/><E72/><V133/><F71/><W1/><G1/><T69/><D69/><U24/><E74/><V108/><F108/><W52/><G64/><T98/><D51/><U84/><REACH who="1" step="1"/><E82/><REACH who="1" ten="231,214,269,276" step="2"/><V110/><F133/><W68/><G68/><T35/><D35/><U44/><E44/><V123/><F123/><W112/><G112/><T117/><D117/><U3/><E3/><V73/><F73/><W78/><G87/><T39/><D75/><U55/><AGARI ba="1,1" hai="24,26,27,48,55,56,57,60,65,84,86,90,92,99" machi="55" ten="30,8000,1" yaku="1,1,0,1,8,1,53,2" doraHai="79" doraHaiUra="80" who="1" fromWho="1" sc="231,-21,214,93,269,-41,276,-21" /><INIT seed="3,0,0,5,5,20" ten="210,307,228,255" oya="3" hai0="51,10,21,123,108,18,68,7,48,110,114,100,12" hai1="106,35,67,44,17,91,2,125,90,87,5,41,40" hai2="115,98,15,76,84,11,64,58,60,52,24,82,81" hai3="92,122,50,131,94,132,9,89,6,86,43,103,26"/><W3/><G122/><T8/><D123/><U130/><E106/><V88/><F115/><W46/><G131/><T1/><D68/><U75/><E75/><V36/><F36/><W121/><G132/><T61/><D114/><U74/><E74/><V33/><F33/><W119/><G121/><T105/><D61/><U78/><E35/><V49/><F24/><W65/><G65/><T83/><D83/><N who="1" m="47607" /><E2/><V32/><F32/><W25/><G119/><T124/><D124/><U37/><E37/><V29/><F29/><W93/><REACH who="3" step="1"/><G103/><REACH who="3" ten="210,307,228,245" step="2"/><T113/><D113/><U120/><E67/><V27/><F27/><AGARI ba="0,1" hai="3,6,9,25,26,27,43,46,50,86,89,92,93,94" machi="27" ten="40,12000,1" yaku="1,1,2,1,52,3,53,0" doraHai="20" doraHaiUra="71" who="3" fromWho="2" sc="210,0,307,0,228,-120,245,130" owari="210,-19.0,307,10.7,108,-39.2,375,47.5" /></mjloggm>