<mjloggm ver="2.3"><GO type="225" lobby="0"/><UN n0="%E6%9C%88%E5%B3%B6%E5%9F%BA" n1="%E6%B7%91%E5%A5%B3%E3%81%AE%E5%97%9C%E3%81%BF" n2="%E4%BF%BA%E3%81%A8%E5%A6%96%E5%A4%A2" n3="%E3%83%81%E3%83%83%E3%82%BF%E3%82%BD%E3%83%BC" dan="17,16,16,17" rate="2232.72,2155.95,2164.07,2201.00" sx="M,M,F,F"/><TAIKYOKU oya="0"/><INIT seed="0,0,0,4,2,98" ten="250,250,250,250" oya="0" hai0="66,101,78,135,65,54,127,129,19,45,20,9,53" hai1="91,89,64,77,5,10,22,113,73,100,83,96,119" hai2="67,4,7,47,133,55,29,25,1,11,124,95,90" hai3="112,93,44,48,52,97,32,103,34,88,15,81,121"/><T71/><D129/><U26/><E119/><V84/><F133/><W68/><G112/><T75/><D135/><U38/><E64/><N who="0" m="24681" /><D75/><U108/><E108/><V134/><F134/><W35/><G68/><T79/><D71/><U51/><E51/><V74/><F74/><W104/><G81/><T99/><D9/><U126/><E38/><V58/><F124/><W27/><G121/><T33/><D33/><U122/><E126/><V105/><F105/><W70/><G70/><T59/><D45/><U13/><E122/><V16/><F67/><W21/><G15/><N who="0" m="9343" /><D127/><U125/><E125/><V94/><F47/><W111/><G111/><T60/><D54/><U14/><E14/><N who="2" m="7263" /><F1/><W0/><G0/><T37/><D37/><U118/><E113/><V82/><F25/><W117/><G117/><T57/><D57/><U116/><E116/><V86/><F29/><W114/><G114/><T123/><D123/><U2/><E2/><V130/><F130/><W85/><G34/><T63/><D63/><U42/><E118/><V18/><F18/><AGARI ba="0,0" hai="18,21,27,32,35,44,48,52,85,88,93,97,103,104" machi="18" ten="30,7700,0" yaku="7,1,52,1,54,2" doraHai="98" who="3" fromWho="2" sc="250,0,250,0,250,-77,250,77" /><INIT seed="1,0,0,4,4,118" ten="250,250,173,327" oya="1" hai0="103,5,37,64,31,77,50,29,100,48,83,61,58" hai1="104,127,12,111,121,42,88,67,22,46,76,59,93" hai2="92,24,44,109,110,112,113,36,3,4,11,60,26" hai3="80,75,81,62,90,98,130,18,131,106,2,85,43"/><U134/><E134/><V135/><F36/><W105/><G2/><T95/><D37/><U101/><E127/><V40/><F40/><W35/><G35/><T14/><D50/><U57/><E76/><V82/><F44/><W70/><G43/><T116/><D116/><U47/><E111/><N who="2" m="42507" /><F60/><W6/><G6/><T52/><D95/><U13/><E121/><V117/><F117/><W66/><G18/><T39/><D39/><U114/><E114/><N who="2" m="44139" /><F82/><W102/><G106/><T65/><D103/><U51/><E101/><V119/><F119/><W1/><G1/><T34/><D34/><U124/><E124/><V129/><F92/><W33/><G33/><T27/><D27/><N who="2" m="10282" /><F135/><W15/><G80/><T10/><D100/><U55/><E104/><V74/><F74/><W20/><G75/><T125/><D125/><U97/><E67/><V19/><F19/><W49/><G49/><T122/><D122/><U86/><E97/><V99/><F99/><W21/><G105/><T126/><D126/><U115/><E42/><V89/><F89/><W25/><G102/><T120/><D120/><U38/><E115/><V8/><F8/><W107/><G107/><T23/><D64/><U69/><E38/><V94/><F94/><W30/><G98/><T78/><D83/><U128/><E93/><V96/><F96/><W73/><G73/><T0/><D78/><U45/><E51/><V123/><F123/><W87/><G85/><T132/><D77/><U7/><E86/><V16/><F16/><N who="3" m="10271" /><G90/><T71/><D132/><U54/><E88/><V63/><F63/><W68/><G70/><RYUUKYOKU ba="0,0" sc="250,10,250,-30,173,10,327,10" hai0="0,5,10,14,23,29,31,48,52,58,61,65,71" hai2="3,4,11,129" hai3="21,25,30,62,66,68,81,87,130,131" /><INIT seed="2,1,0,4,1,61" ten="260,220,183,337" oya="2" hai0="25,20,35,50,37,52,86,59,7,54,34,57,102" hai1="89,44,82,16,113,10,58,31,21,0,109,56,74" hai2="23,45,90,91,100,51,98,11,14,97,43,63,108" hai3="67,106,5,135,121,53,114,76,12,13,4,87,111"/><V27/><F108/><W101/><G121/><T134/><D37/><U33/><E113/><V118/><F118/><W6/><G111/><T24/><D134/><U17/><E109/><V40/><F40/><W77/><G135/><T30/><D102/><U68/><E68/><V83/><F83/><W105/><G114/><T132/><D132/><U42/><E33/><V81/><F81/><W15/><G53/><T95/><D7/><U93/><E31/><V127/><F127/><W2/><G2/><T88/><D25/><U92/><E92/><V75/><F75/><W126/><G126/><T133/><D133/><U69/><E69/><V64/><F14/><W9/><G9/><T104/><D104/><U62/><E56/><N who="2" m="36967" /><F11/><W1/><G1/><T66/><D66/><U94/><E74/><V39/><F39/><W55/><G55/><T84/><D84/><N who="1" m="50327" /><E0/><V49/><F49/><AGARI ba="1,0" hai="20,24,30,34,35,49,50,52,54,57,59,86,88,95" machi="49" ten="30,7700,0" yaku="7,1,9,1,54,2" doraHai="61" who="0" fromWho="2" sc="260,80,220,0,183,-80,337,0" /><INIT seed="3,0,0,5,0,55" ten="340,220,103,337" oya="3" hai0="25,73,40,93,50,103,71,8,33,10,12,91,31" hai1="45,18,13,65,113,19,3,100,122,30,135,80,14" hai2="49,111,54,101,129,57,32,4,120,110,24,97,104" hai3="27,96,28,6,82,22,23,0,66,34,76,114,38"/><W121/><G114/><T116/><D116/><U5/><E122/><V94/><F120/><W134/><G121/><T123/><D123/><U58/><E3/><V130/><F32/><W86/><G134/><T68/><D73/><U72/><E113/><V133/><F24/><W64/><G38/><T118/><D118/><U16/><E135/><V15/><F133/><W1/><G1/><T109/><D109/><U74/><E30/><V119/><F119/><W39/><G39/><T87/><D103/><U2/><E2/><V70/><F70/><W107/><G6/><T117/><D10/><U63/><E100/><V75/><F75/><W29/><G0/><T62/><D62/><U9/><E14/><V26/><F26/><W51/><G28/><T56/><D117/><U11/><E11/><V42/><F42/><W115/><G115/><T69/><D40/><U105/><E105/><V48/><F48/><W67/><REACH who="3" step="1"/><G51/><REACH who="3" ten="340,220,103,327" step="2"/><T37/><D37/><U47/><REACH who="1" step="1"/><E72/><REACH who="1" ten="340,210,103,327" step="2"/><V81/><F104/><W92/><G92/><T95/><D95/><U43/><E43/><V98/><F81/><W60/><G60/><T126/><D93/><U83/><E83/><V35/><F97/><W20/><G20/><T106/><D106/><U46/><E46/><V53/><F35/><W85/><G85/><T21/><D87/><U125/><E125/><V131/><REACH who="2" step="1"/><F54/><REACH who="2" ten="340,210,93,327" step="2"/><W90/><G90/><T41/><D91/><U77/><AGARI ba="0,3" hai="5,9,13,16,18,19,45,47,58,63,65,74,77,80" machi="77" ten="30,7900,0" yaku="1,1,0,1,52,1,54,1,53,0" doraHai="55" doraHaiUra="89" who="1" fromWho="1" sc="340,-20,210,109,93,-20,327,-39" owari="320,42.0,319,11.9,73,-42.7,288,-11.2" /></mjloggm>