<mjloggm ver="2.3"><GO type="225" lobby="0"/><UN n0="%E9%A6%AC%E5%BC%95%E7%81%AB%33" n1="%E7%89%B9%E6%9D%B1%E3%81%AF%E4%B8%96%E7%95%8C%E3%82%92%E6%95%91%E3%81%86" n2="%E3%83%96%E3%83%83%E3%83%91%E3%82%AA%E3%83%96%E3%83%81%E3%82%AD%E3%83%B3" n3="%73%73%6B%5F%66%72%65%65" dan="16,16,16,16" rate="2087.31,2211.31,2141.14,2122.60" sx="M,M,M,M"/><TAIKYOKU oya="0"/><INIT seed="0,0,0,5,0,129" ten="250,250,250,250" oya="0" hai0="98,134,135,120,107,72,100,73,118,32,57,79,122" hai1="35,7,37,70,123,114,68,36,119,101,104,33,80" hai2="13,31,89,29,69,71,99,124,30,15,90,8,0" hai3="34,121,83,27,12,59,87,46,130,22,74,105,4"/><T127/><D32/><N who="1" m="12363" /><E80/><V23/><F124/><W56/><G130/><T84/><D57/><U19/><E19/><V48/><F48/><W77/><G34/><T78/><D127/><U82/><E82/><V10/><F23/><W102/><G74/><N who="0" m="28779" /><D118/><U81/><E81/><V40/><F40/><W42/><G121/><N who="0" m="46699" /><D84/><U95/><E123/><V92/><F0/><W39/><G12/><T131/><D131/><U116/><E7/><V55/><F55/><W108/><G4/><T132/><AGARI ba="0,0" hai="78,79,98,100,107,132,134,135" m="46699,28779" machi="132" ten="40,18000,2" yaku="20,1,34,2,52,3" doraHai="129" who="0" fromWho="0" sc="250,180,250,-60,250,-60,250,-60" /><INIT seed="0,1,0,0,3,81" ten="430,190,190,190" oya="0" hai0="67,111,15,134,60,129,92,17,83,57,128,21,59" hai1="79,9,126,10,96,20,103,50,53,87,40,85,14" hai2="23,109,34,114,122,76,18,56,32,107,102,22,74" hai3="27,124,110,44,16,66,104,121,132,43,63,70,29"/><T55/><D134/><U19/><E126/><V58/><F122/><W100/><G124/><T97/><D83/><U37/><E37/><V130/><F114/><W46/><G132/><T61/><D111/><U51/><E40/><V47/><F109/><W119/><G119/><T73/><D73/><U2/><E79/><V71/><F130/><N who="0" m="50282" /><D92/><N who="1" m="58759" /><E2/><V68/><F47/><W48/><G110/><T118/><D97/><U8/><E51/><V25/><F107/><W1/><G104/><T7/><D7/><U12/><E12/><V39/><F74/><W49/><G1/><T5/><D5/><U94/><E94/><V30/><F102/><W26/><G100/><T127/><D127/><U106/><E106/><V116/><F116/><AGARI ba="1,0" hai="15,17,21,55,57,59,60,61,67,116,118" m="50282" machi="116" ten="30,1500,0" yaku="19,1" doraHai="81" who="0" fromWho="2" sc="430,18,190,0,190,-18,190,0" /><INIT seed="0,2,0,2,1,88" ten="448,190,172,190" oya="0" hai0="109,60,17,22,91,123,103,101,87,1,23,90,114" hai1="125,37,59,79,86,14,19,67,74,75,69,43,121" hai2="5,95,50,106,122,65,118,52,130,77,72,9,93" hai3="45,100,12,56,55,112,54,51,133,40,128,132,41"/><T20/><D114/><U36/><E121/><V83/><F122/><W102/><G112/><T28/><D123/><U15/><E69/><V8/><F106/><W16/><G128/><T61/><D1/><U18/><E125/><V97/><F130/><W70/><G70/><T124/><D124/><U42/><E86/><V32/><F118/><W120/><G120/><T26/><D109/><U35/><E59/><V39/><F39/><W94/><G132/><T135/><D135/><U92/><E79/><V80/><F32/><W131/><G131/><T0/><D0/><U115/><E115/><V10/><F65/><W81/><G81/><N who="2" m="31305" /><F77/><W111/><G111/><T57/><D90/><U64/><REACH who="1" step="1"/><E35/><REACH who="1" ten="448,180,172,190" step="2"/><V62/><F72/><W129/><G129/><T71/><D57/><U105/><E105/><V38/><F38/><W4/><G133/><T25/><D87/><U110/><E110/><V73/><F73/><W78/><G78/><T108/><D108/><U44/><E44/><N who="2" m="27719" /><F62/><W107/><G107/><T134/><D61/><U11/><E11/><N who="2" m="4171" /><F97/><W85/><G85/><T104/><D60/><U33/><E33/><V119/><F119/><W76/><G76/><T27/><D71/><U127/><E127/><V30/><F30/><W126/><G126/><T24/><D28/><U117/><E117/><V48/><F48/><W84/><G51/><T99/><D104/><U66/><E66/><V2/><F2/><W53/><G84/><T98/><D134/><U34/><E34/><V47/><F47/><W116/><G45/><T31/><D99/><U82/><E82/><V29/><F29/><RYUUKYOKU ba="2,1" sc="448,-15,180,15,172,15,190,-15" hai1="14,15,18,19,36,37,42,43,64,67,74,75,92" hai2="5,10,93,95" /><INIT seed="1,3,1,0,5,23" ten="433,195,187,175" oya="1" hai0="6,68,100,113,88,53,7,124,22,58,118,116,126" hai1="44,75,65,50,27,28,30,13,12,20,69,56,33" hai2="35,57,93,51,42,14,19,74,45,54,2,90,80" hai3="16,43,66,132,31,112,32,96,73,109,102,94,52"/><U63/><E75/><V1/><F35/><W76/><G112/><T9/><D113/><U15/><E69/><V8/><F80/><W60/><G132/><T122/><D68/><U21/><REACH who="1" step="1"/><E30/><REACH who="1" ten="433,185,187,175" step="2"/><V133/><F74/><W0/><G73/><T125/><D125/><U121/><E121/><V34/><F133/><W115/><G31/><T47/><D122/><U106/><E106/><V101/><F34/><W84/><G115/><T55/><D126/><U67/><E67/><V91/><F101/><W127/><G102/><T25/><D100/><U97/><E97/><V46/><F90/><W131/><G96/><T86/><D88/><U99/><E99/><V62/><REACH who="2" step="1"/><F45/><REACH who="2" ten="433,185,177,175" step="2"/><W81/><G32/><T38/><D47/><U107/><E107/><V10/><F10/><W49/><G127/><T77/><D9/><U70/><E70/><V117/><F117/><W39/><G131/><T40/><D116/><U85/><E85/><AGARI ba="3,3" hai="1,2,8,14,19,42,46,51,54,57,62,85,91,93" machi="85" ten="30,3900,0" yaku="1,1,7,1,53,1" doraHai="23" doraHaiUra="36" who="2" fromWho="1" sc="433,0,185,-48,177,78,175,0" /><INIT seed="2,0,0,4,0,1" ten="433,137,255,175" oya="2" hai0="42,51,47,55,116,72,93,129,75,67,3,16,37" hai1="19,106,32,62,71,135,52,89,113,45,7,114,125" hai2="48,39,5,131,107,122,34,8,64,33,119,26,98" hai3="31,134,18,121,0,90,59,60,11,2,35,96,118"/><V78/><F119/><W28/><G121/><T76/><D3/><U109/><E32/><V132/><F39/><W13/><G118/><T111/><D116/><U24/><E106/><V117/><F122/><W86/><G96/><T69/><D111/><U68/><E7/><V50/><F117/><W101/><G101/><T9/><D129/><U53/><E89/><V36/><F36/><W49/><G49/><T115/><D115/><N who="1" m="44043" /><E19/><V25/><F78/><W130/><G130/><T6/><D67/><N who="1" m="41079" /><E24/><V81/><F81/><W85/><G85/><T21/><D55/><N who="1" m="21067" /><E109/><V105/><F98/><W83/><G35/><T110/><D93/><U61/><E135/><V30/><F132/><W91/><G134/><T133/><D16/><U12/><E12/><V58/><F8/><W54/><G91/><T80/><D9/><U108/><E108/><V14/><F14/><W10/><G0/><T94/><D21/><U63/><E125/><V43/><F5/><W120/><G120/><T70/><D6/><U40/><E71/><V27/><F30/><W29/><G2/><T4/><D4/><U124/><E124/><V92/><F107/><W100/><G100/><T17/><D69/><U82/><E82/><V41/><F105/><W22/><AGARI ba="0,0" hai="10,11,13,18,22,28,29,31,54,59,60,83,86,90" machi="22" ten="30,2000,0" yaku="0,1,8,1" doraHai="1" who="3" fromWho="3" sc="433,-5,137,-5,255,-10,175,20" /><INIT seed="3,0,0,5,5,93" ten="428,132,245,195" oya="3" hai0="125,113,8,71,96,47,84,12,133,44,114,77,131" hai1="68,120,124,5,129,56,117,19,7,118,10,130,72" hai2="67,64,101,15,86,46,36,100,69,13,75,122,90" hai3="85,115,0,95,63,50,59,66,42,80,62,109,107"/><W132/><G115/><N who="0" m="44043" /><D131/><N who="1" m="50187" /><E56/><V74/><F122/><W45/><G95/><T52/><D96/><U106/><E68/><V94/><F36/><W22/><G22/><T43/><D71/><U16/><E72/><V2/><F2/><W70/><G59/><T31/><D125/><U87/><E87/><V25/><F46/><W83/><G45/><T91/><D77/><U55/><E55/><V27/><F90/><W51/><G85/><T14/><D14/><N who="2" m="5130" /><F94/><W116/><G51/><T73/><D12/><N who="1" m="7191" /><E106/><V60/><F69/><W58/><G66/><N who="2" m="25129" /><F60/><W76/><G63/><T17/><D17/><U3/><E120/><V102/><F86/><W37/><G37/><T48/><D31/><U127/><E19/><V65/><F65/><W88/><G58/><T110/><D73/><AGARI ba="0,0" hai="25,27,73,74,75,100,101,102" m="25129,5130" machi="73" ten="40,2600,0" yaku="28,2" doraHai="93" who="2" fromWho="0" sc="428,-26,132,0,245,26,195,0" owari="402,50.2,132,-36.8,271,7.1,195,-20.5" /></mjloggm>