<mjloggm ver="2.3"><GO type="225" lobby="0"/><UN n0="%E3%83%A9%E3%83%BC%E3%83%A1%E3%83%B3%E4%BA%94%E9%83%8E" n1="%E3%83%A9%E3%82%B9%E7%8E%87%EF%BC%93%E5%89%B2" n2="%E5%A4%8F%E9%88%B4%E9%88%B4%E5%A4%8F" n3="%E7%9A%AE%E3%80%85" dan="16,17,16,16" rate="2146.50,2200.34,2132.93,2132.24" sx="M,F,F,F"/><TAIKYOKU oya="0"/><INIT seed="0,0,0,5,2,65" ten="250,250,250,250" oya="0" hai0="129,66,0,49,10,100,92,48,51,128,11,54,86" hai1="18,64,58,135,115,88,117,2,131,4,123,57,8" hai2="47,59,67,87,52,33,12,5,89,30,24,72,14" hai3="119,41,130,21,101,90,122,91,71,44,108,96,7"/><T81/><D66/><U93/><E117/><V43/><F72/><W77/><G119/><T16/><D0/><U110/><E123/><V42/><F67/><W60/><G108/><T35/><D35/><U118/><E118/><V106/><F106/><W31/><G122/><T34/><D34/><U79/><E110/><V85/><F5/><W37/><G77/><T121/><D121/><U111/><E111/><V107/><F107/><W15/><G71/><T23/><D54/><U95/><E131/><N who="0" m="50249" /><D92/><U17/><E135/><V29/><F29/><W83/><G60/><T114/><D100/><U53/><E79/><V78/><F78/><W32/><G32/><T116/><D114/><U25/><E115/><V9/><F9/><W46/><G83/><T50/><N who="0" m="12288" /><DORA hai="127" /><T126/><D126/><U19/><E53/><V36/><F43/><W68/><G41/><T74/><D74/><U112/><E112/><V63/><REACH who="2" step="1"/><F85/><REACH who="2" ten="250,250,240,250" step="2"/><W62/><G130/><T76/><D116/><U98/><E64/><V104/><F104/><W99/><G68/><T61/><D61/><U103/><REACH who="1" step="1"/><E25/><AGARI ba="0,1" hai="10,11,16,23,25,76,81,86" m="12288,50249" machi="25" ten="40,12000,1" yaku="19,1,52,3,54,1" doraHai="65,127" who="0" fromWho="1" sc="250,130,250,-120,240,0,250,0" /><INIT seed="0,1,0,1,2,63" ten="380,130,240,250" oya="0" hai0="117,24,54,78,111,4,87,105,119,75,8,84,17" hai1="5,128,23,38,32,95,55,93,96,77,79,71,89" hai2="115,107,66,85,58,19,82,103,13,26,18,11,7" hai3="120,56,113,3,68,106,14,88,67,46,51,22,57"/><T21/><D105/><U118/><E32/><V44/><F115/><W65/><G113/><T12/><D75/><U25/><E38/><V127/><F127/><W43/><G106/><T108/><D54/><U130/><E118/><N who="0" m="45065" /><D78/><U49/><E71/><V131/><F131/><W37/><G3/><T15/><D24/><U72/><E72/><V6/><F103/><W64/><G68/><T83/><D83/><U59/><E5/><V114/><F107/><W20/><G120/><T42/><D42/><U124/><E124/><V90/><F44/><W126/><G126/><T122/><D122/><U36/><E36/><V121/><F121/><W98/><G37/><T41/><D41/><U80/><E80/><V48/><F114/><W123/><G123/><T53/><D53/><U16/><REACH who="1" step="1"/><E95/><REACH who="1" ten="380,120,240,250" step="2"/><V91/><F6/><W101/><G101/><T70/><D70/><U50/><E50/><V34/><F48/><W129/><G129/><AGARI ba="1,1" hai="16,23,25,49,55,59,77,79,89,93,96,128,129,130" machi="129" ten="40,12000,2" yaku="1,1,19,1,54,1,53,3" doraHai="63" doraHaiUra="125" who="1" fromWho="3" sc="380,0,120,133,240,0,250,-123" /><INIT seed="1,0,0,5,0,90" ten="380,253,240,127" oya="1" hai0="34,129,67,70,103,35,2,82,45,122,18,89,113" hai1="20,5,91,107,110,39,42,40,19,96,26,17,111" hai2="52,23,108,43,124,47,6,58,133,72,9,77,128" hai3="80,61,114,105,101,63,38,74,106,92,98,119,41"/><U84/><E5/><V57/><F108/><N who="1" m="41513" /><E39/><V36/><F128/><W127/><G114/><T95/><D113/><U87/><E87/><V86/><F124/><W99/><G127/><T3/><D129/><U126/><E126/><V117/><F133/><W56/><G119/><T109/><D109/><U104/><E19/><V49/><F117/><W88/><G105/><N who="1" m="40522" /><E96/><V54/><F72/><W93/><G106/><T7/><D18/><U85/><E85/><V59/><F23/><W4/><G4/><T62/><D7/><U10/><E10/><V32/><F32/><W44/><REACH who="3" step="1"/><G56/><REACH who="3" ten="380,253,240,117" step="2"/><T21/><D70/><U11/><E11/><V66/><F66/><W130/><G130/><T0/><D67/><U116/><E116/><V48/><F59/><W51/><G51/><T12/><D0/><U29/><E17/><V81/><F6/><W97/><G97/><T46/><D2/><U79/><E79/><AGARI ba="0,1" hai="38,41,44,61,63,74,79,80,88,92,93,98,99,101" machi="79" ten="40,8000,1" yaku="1,1,52,2,54,1,53,1" doraHai="90" doraHaiUra="37" who="3" fromWho="1" sc="380,0,253,-80,240,0,117,90" /><INIT seed="2,0,0,3,2,28" ten="380,173,240,207" oya="2" hai0="48,120,67,128,80,129,0,7,135,106,101,109,112" hai1="39,108,74,127,55,116,13,35,81,45,83,75,107" hai2="10,6,40,69,110,12,47,111,100,103,66,53,54" hai3="20,16,95,4,85,49,73,130,24,1,21,121,117"/><V41/><F100/><W79/><G117/><T97/><D120/><U123/><E107/><V105/><F103/><W82/><G121/><T60/><D112/><U104/><E104/><V90/><F105/><W86/><G130/><N who="0" m="50283" /><D109/><N who="2" m="41482" /><F90/><W30/><G95/><T131/><D135/><U133/><E13/><V68/><F66/><W25/><REACH who="3" step="1"/><G49/><REACH who="3" ten="380,173,240,197" step="2"/><T87/><D48/><U5/><E123/><V52/><F40/><W118/><G118/><T46/><D131/><U99/><E116/><V72/><F72/><W50/><G50/><AGARI ba="0,1" hai="6,10,12,41,47,50,52,53,54,68,69" m="41482" machi="50" ten="30,5800,0" yaku="14,1,10,1,54,1" doraHai="28" who="2" fromWho="3" sc="380,0,173,0,240,68,197,-58" /><INIT seed="2,1,0,5,2,54" ten="380,173,308,139" oya="2" hai0="8,14,37,35,106,86,105,110,116,90,59,66,122" hai1="95,17,117,4,112,5,7,97,15,81,1,29,113" hai2="52,42,50,79,55,26,76,53,99,47,77,43,98" hai3="121,64,120,111,23,87,129,67,46,100,41,21,11"/><V3/><F3/><W75/><G75/><T72/><D122/><U10/><E117/><V78/><N who="2" m="19456" /><DORA hai="124" /><V61/><F42/><W123/><G100/><T114/><D114/><N who="1" m="44139" /><E95/><V80/><F80/><W118/><G118/><T44/><D72/><U94/><E94/><V57/><REACH who="2" step="1"/><F26/><REACH who="2" ten="380,173,298,139" step="2"/><W40/><G121/><T115/><D115/><U132/><E81/><V63/><F63/><W74/><G123/><T56/><D116/><U20/><E97/><AGARI ba="1,1" hai="43,47,50,52,53,55,57,61,97,98,99" m="19456" machi="97" ten="50,12000,1" yaku="1,1,8,1,52,1,54,1,53,0" doraHai="54,124" doraHaiUra="130,25" who="2" fromWho="1" sc="380,0,173,-123,298,133,139,0" /><INIT seed="2,2,0,5,4,58" ten="380,50,431,139" oya="2" hai0="112,1,110,97,89,47,38,45,90,85,11,94,99" hai1="126,9,120,21,132,42,96,41,62,67,76,130,59" hai2="113,65,73,14,127,39,46,31,20,106,61,30,135" hai3="78,16,98,54,119,55,122,10,80,95,29,68,15"/><V43/><F113/><W49/><G119/><T107/><D112/><U133/><E76/><V131/><F73/><W105/><G105/><T3/><D110/><U19/><E9/><V40/><F106/><W35/><G122/><T60/><D38/><U23/><E96/><V124/><F131/><W86/><G68/><T92/><D107/><U66/><E130/><V93/><F135/><N who="1" m="51785" /><E19/><N who="2" m="10359" /><F93/><W8/><G49/><T108/><D108/><U28/><E28/><V17/><F17/><N who="3" m="8423" /><G29/><T125/><D125/><N who="2" m="48202" /><F43/><N who="1" m="16393" /><E21/><V32/><F32/><W56/><G35/><T74/><D74/><U103/><E23/><V100/><F100/><N who="3" m="60511" /><G56/><AGARI ba="2,0" hai="30,31,39,40,46,56,61,65" m="48202,10359" machi="56" ten="30,2900,0" yaku="18,1,52,1" doraHai="58" who="2" fromWho="3" sc="380,0,50,0,431,35,139,-35" /><INIT seed="2,3,0,4,4,13" ten="380,50,466,104" oya="2" hai0="19,96,135,103,110,115,107,46,108,48,95,101,126" hai1="50,131,124,123,64,129,2,102,116,47,97,29,74" hai2="33,31,57,81,133,127,43,10,4,125,36,34,106" hai3="18,28,77,87,45,100,39,35,67,61,84,90,38"/><V120/><F106/><W6/><G100/><T51/><D115/><U88/><E2/><V8/><F120/><W94/><G6/><T16/><D126/><N who="2" m="48138" /><F133/><W105/><G105/><T37/><D135/><U25/><E124/><V82/><F57/><W53/><G35/><N who="2" m="13321" /><F31/><W62/><G28/><T5/><D5/><U122/><E74/><V68/><F68/><W72/><G72/><T15/><D37/><U9/><E9/><N who="2" m="3691" /><F4/><W99/><G45/><AGARI ba="3,0" hai="36,43,45,81,82" m="3691,13321,48138" machi="45" ten="40,2000,0" yaku="18,1" doraHai="13" who="2" fromWho="3" sc="380,0,50,0,466,29,104,-29" /><INIT seed="2,4,0,2,4,36" ten="380,50,495,75" oya="2" hai0="33,107,9,37,44,20,112,127,49,15,54,104,16" hai1="115,61,121,102,113,128,116,6,64,65,47,57,4" hai2="135,60,124,82,13,28,114,17,0,56,68,91,30" hai3="19,87,39,71,18,89,46,99,120,22,75,110,70"/><V10/><F114/><N who="1" m="43529" /><E102/><V26/><F124/><W96/><G75/><T97/><D127/><U27/><E27/><V59/><F135/><W86/><G110/><T93/><D112/><U8/><E8/><V66/><F0/><W62/><G120/><T12/><D37/><U58/><E6/><V122/><F122/><W111/><G111/><T1/><D33/><U35/><E4/><V25/><F82/><W130/><G130/><T23/><D1/><U90/><E90/><V43/><F43/><W31/><G31/><T53/><D53/><N who="1" m="33967" /><E35/><V76/><F91/><W126/><G126/><T119/><D119/><U32/><E32/><V123/><F76/><W2/><G2/><T98/><D98/><U21/><E21/><V69/><F123/><W132/><G132/><T106/><REACH who="0" step="1"/><D15/><REACH who="0" ten="370,50,495,75" step="2"/><U5/><E121/><V131/><F131/><W77/><G39/><T72/><D72/><U52/><E116/><V109/><F109/><W3/><G3/><T94/><D94/><U103/><E128/><V74/><F74/><W81/><G99/><T45/><D45/><U67/><E103/><AGARI ba="4,1" hai="9,12,16,20,23,44,49,54,93,97,103,104,106,107" machi="103" ten="40,5200,0" yaku="1,1,54,1,53,1" doraHai="36" doraHaiUra="88" who="0" fromWho="1" sc="370,74,50,-64,495,0,75,0" owari="444,24.4,-14,-51.4,495,59.5,75,-32.5" /></mjloggm>