<mjloggm ver="2.3"><GO type="225" lobby="0"/><UN n0="%E5%91%A8%E6%9D%B1" n1="%E5%91%89%E5%AF%8C%E6%98%A5" n2="%E3%81%A0%E3%81%8A" n3="%E3%81%A4%E3%81%A3%E3%81%B1%E3%82%8A%E3%83%9D%E3%83%BC%E3%83%AB" dan="17,16,17,17" rate="2153.71,2119.24,2067.87,2157.80" sx="M,M,M,M"/><TAIKYOKU oya="0"/><INIT seed="0,0,0,3,2,29" ten="250,250,250,250" oya="0" hai0="62,68,63,131,81,35,36,31,112,121,67,125,123" hai1="79,93,122,99,0,60,47,87,85,104,38,37,133" hai2="72,55,89,105,103,7,102,135,108,41,20,24,120" hai3="94,70,59,119,91,115,43,98,57,96,21,52,78"/><T109/><D112/><U95/><E122/><V90/><F120/><W118/><G70/><T42/><D131/><U73/><E0/><V53/><F72/><W19/><G115/><T82/><D125/><U23/><E133/><V14/><F41/><W101/><G78/><T1/><D1/><U66/><E104/><V9/><F108/><W128/><G128/><T74/><D63/><U5/><E5/><V10/><F10/><W107/><G57/><T76/><D82/><U80/><E23/><V40/><F40/><W15/><REACH who="3" step="1"/><G43/><REACH who="3" ten="250,250,250,240" step="2"/><T49/><D109/><U110/><E79/><V111/><F111/><W65/><G65/><T6/><D123/><U17/><E66/><V51/><F135/><W33/><G33/><T127/><D121/><U39/><E110/><V11/><F103/><W116/><G116/><T58/><D127/><U113/><E113/><V130/><F102/><W16/><G16/><T132/><D132/><U69/><E17/><V84/><F130/><W48/><AGARI ba="0,1" hai="15,19,21,48,52,59,91,94,96,98,101,107,118,119" machi="48" ten="20,8000,1" yaku="1,1,0,1,7,1,54,1,53,1" doraHai="29" doraHaiUra="88" who="3" fromWho="3" sc="250,-40,250,-20,250,-20,240,90" /><INIT seed="1,0,0,4,4,99" ten="210,230,230,330" oya="1" hai0="25,46,90,22,114,7,59,126,15,119,113,21,34" hai1="40,74,57,41,86,45,37,6,36,95,33,121,84" hai2="102,10,120,69,23,73,9,98,17,68,12,133,122" hai3="132,91,135,4,106,30,111,93,18,129,103,104,1"/><U55/><E121/><V42/><F73/><W3/><G111/><T48/><D119/><U94/><E74/><V43/><F133/><N who="3" m="51275" /><G129/><T110/><D110/><U85/><E33/><V123/><F69/><W32/><G103/><T65/><D34/><U56/><E6/><V60/><F68/><W61/><G61/><N who="0" m="38079" /><D114/><U88/><E94/><V112/><F60/><W101/><G101/><T89/><D113/><U118/><E118/><V20/><F112/><W105/><G4/><T66/><D66/><U79/><E79/><V81/><F20/><N who="0" m="7786" /><D126/><U125/><E125/><V76/><F9/><W0/><G18/><T97/><D97/><U35/><E35/><V63/><F10/><W109/><G109/><T13/><D25/><U58/><REACH who="1" step="1"/><E55/><REACH who="1" ten="210,220,230,330" step="2"/><V47/><F120/><W11/><G106/><T39/><D7/><U31/><E31/><V128/><F122/><W67/><G30/><T83/><D83/><U24/><E24/><V50/><F123/><W127/><G32/><T28/><D28/><U52/><E52/><V5/><F81/><W92/><G127/><T27/><D27/><U130/><E130/><V14/><F128/><W124/><G124/><T16/><D15/><U78/><E78/><V117/><F76/><W77/><G77/><T87/><D13/><U38/><E38/><V2/><F117/><W96/><G105/><T72/><D39/><U26/><E26/><V115/><F12/><W107/><G107/><T116/><D116/><U62/><E62/><V54/><F14/><W44/><G104/><T8/><D72/><U100/><E100/><V82/><F102/><RYUUKYOKU ba="0,1" sc="210,-10,220,30,230,-10,330,-10" hai1="36,37,40,41,45,56,57,58,84,85,86,88,95" /><INIT seed="1,1,1,5,0,95" ten="200,250,220,320" oya="1" hai0="106,32,111,135,7,131,119,15,78,114,70,24,26" hai1="134,40,12,16,45,104,129,49,3,74,52,38,51" hai2="21,82,92,124,116,56,46,68,63,35,84,67,61" hai3="133,29,66,121,123,108,22,65,27,2,5,43,87"/><U54/><E129/><V36/><F35/><W53/><G108/><T86/><D119/><U132/><E104/><V89/><F116/><W69/><G133/><N who="1" m="51306" /><E3/><V33/><F33/><W107/><G107/><T100/><D114/><U8/><E74/><V98/><F124/><W122/><G43/><T75/><D70/><U71/><E71/><V115/><F115/><W126/><G126/><T79/><D75/><U125/><E125/><V102/><F21/><W88/><G69/><T101/><D106/><U117/><E117/><V31/><F31/><W18/><G53/><AGARI ba="1,1" hai="8,12,16,38,40,45,49,51,52,53,54" m="51306" machi="53" ten="30,5800,0" yaku="20,1,54,2" doraHai="95" who="1" fromWho="3" sc="200,0,250,71,220,0,320,-61" /><INIT seed="1,2,0,2,0,73" ten="200,321,220,259" oya="1" hai0="55,37,71,66,11,33,119,64,86,68,75,90,107" hai1="52,78,29,124,84,101,80,125,106,9,103,14,25" hai2="21,7,43,2,40,36,39,28,88,1,102,61,12" hai3="87,77,19,130,115,31,109,105,34,82,23,44,116"/><U96/><E103/><V35/><F35/><W117/><G115/><T120/><D119/><N who="3" m="45641" /><G109/><T89/><D33/><U92/><E106/><V95/><F102/><W24/><G105/><T83/><D107/><U51/><E25/><V8/><F2/><W48/><G130/><T113/><D113/><U104/><E29/><V128/><F128/><W126/><G126/><T59/><D37/><U135/><E135/><V74/><F74/><W32/><G31/><T94/><D120/><U79/><E79/><V118/><F36/><W0/><G0/><T38/><D38/><U123/><E123/><V13/><F39/><W57/><G57/><T26/><D26/><U30/><E30/><V62/><F28/><W121/><G121/><T41/><D41/><AGARI ba="2,0" hai="19,23,24,32,34,41,44,48,77,82,87" m="45641" machi="41" ten="30,2000,0" yaku="12,1,52,1" doraHai="73" who="3" fromWho="0" sc="200,-26,321,0,220,0,259,26" /><INIT seed="2,0,0,5,3,36" ten="174,321,220,285" oya="2" hai0="128,31,38,50,24,74,133,6,123,46,114,107,20" hai1="99,122,30,23,60,25,39,69,33,90,81,101,47" hai2="29,61,59,111,94,72,53,4,58,75,129,17,27" hai3="70,48,89,126,97,9,105,106,96,121,87,102,40"/><V45/><F129/><W52/><G70/><T0/><D123/><U19/><E122/><V2/><F111/><W71/><G71/><T3/><D114/><U125/><E125/><V10/><F17/><W13/><G121/><T130/><D107/><N who="1" m="63935" /><E90/><V124/><F124/><W117/><G117/><T104/><D104/><U100/><E100/><V84/><F45/><W92/><G126/><T134/><D74/><U64/><E81/><V43/><F43/><W42/><G97/><T113/><D38/><U51/><E39/><V41/><F41/><W15/><G15/><T110/><D110/><U77/><E77/><V98/><F59/><W131/><G106/><T5/><D113/><U65/><E65/><V26/><F26/><W85/><G85/><T79/><D79/><U119/><E119/><V35/><REACH who="2" step="1"/><F84/><REACH who="2" ten="174,321,210,285" step="2"/><W95/><G131/><N who="0" m="50219" /><D46/><U55/><E19/><V57/><F57/><N who="3" m="32903" /><G105/><T56/><D56/><U132/><E132/><N who="0" m="50793" /><D50/><U103/><E103/><AGARI ba="0,1" hai="2,4,10,27,29,35,53,58,61,72,75,94,98,103" machi="103" ten="30,2900,0" yaku="1,1,7,1,53,0" doraHai="36" doraHaiUra="80" who="2" fromWho="1" sc="174,0,321,-29,210,39,285,0" /><INIT seed="2,1,0,2,3,131" ten="174,292,249,285" oya="2" hai0="21,98,129,29,63,57,61,41,37,81,95,46,112" hai1="56,93,86,20,16,10,122,36,35,70,30,19,15" hai2="9,14,33,67,108,6,79,76,66,88,5,51,43" hai3="100,117,77,24,119,105,11,3,0,130,2,65,87"/><V1/><F33/><W53/><G130/><T13/><D129/><U27/><E70/><V32/><F32/><W52/><G65/><T82/><D112/><U39/><E122/><V74/><F108/><W126/><G126/><T134/><D63/><U31/><E31/><V22/><F74/><W38/><G38/><T59/><D59/><U91/><REACH who="1" step="1"/><E56/><REACH who="1" ten="174,282,249,285" step="2"/><V42/><F76/><W85/><G77/><T116/><D116/><U111/><E111/><V72/><F79/><W109/><G109/><T132/><D29/><U101/><E101/><V110/><F110/><W17/><G100/><T23/><D57/><U96/><E96/><V104/><F67/><W54/><G119/><T75/><D75/><U50/><E50/><V7/><F51/><W123/><G123/><T73/><D73/><U62/><E62/><V18/><F66/><W89/><G87/><T8/><D61/><U128/><E128/><V115/><F72/><W106/><G117/><T102/><D81/><U84/><E84/><V135/><F115/><W47/><G85/><T68/><D82/><U80/><E80/><V121/><F121/><W34/><G34/><T40/><D68/><U113/><E113/><V64/><F64/><W92/><G92/><T90/><D102/><U120/><E120/><V83/><F104/><W25/><G106/><T103/><D103/><U48/><E48/><V133/><F83/><W94/><G105/><T97/><D97/><U44/><E44/><V45/><F45/><W60/><G47/><T118/><D118/><U28/><E28/><V69/><F69/><W12/><G60/><RYUUKYOKU ba="1,1" sc="174,-15,282,15,249,-15,285,15" hai1="10,15,16,19,20,27,30,35,36,39,86,91,93" hai3="0,2,3,11,12,17,24,25,52,53,54,89,94" /><INIT seed="3,2,1,2,4,89" ten="159,297,234,300" oya="3" hai0="92,41,13,76,26,114,24,58,94,98,21,82,2" hai1="23,34,56,42,66,84,38,30,20,45,43,91,113" hai2="40,103,95,112,85,96,102,3,37,63,68,12,51" hai3="31,126,122,109,54,17,116,65,19,62,108,69,15"/><W79/><G116/><T127/><D2/><U107/><E113/><V29/><F3/><W104/><G122/><T60/><D114/><U59/><E107/><V77/><F37/><W61/><G126/><T106/><D127/><U134/><E134/><V83/><F29/><W132/><G132/><T111/><D111/><N who="3" m="42569" /><G104/><T44/><D13/><U25/><E43/><V124/><F112/><W130/><G130/><T128/><D106/><U125/><E125/><V47/><F124/><W117/><G117/><T18/><D98/><U121/><E121/><V101/><F68/><W49/><G79/><T14/><D128/><U129/><E129/><V105/><F105/><W50/><G31/><T97/><D97/><U73/><E73/><V86/><F63/><N who="3" m="40127" /><G19/><T75/><D26/><U133/><E133/><V99/><F12/><W35/><G35/><T46/><D14/><U52/><E66/><V33/><F33/><W88/><G88/><AGARI ba="2,1" hai="40,47,51,77,83,85,86,88,95,96,99,101,102,103" machi="88" ten="40,5200,0" yaku="8,1,52,1,54,1" doraHai="89" who="2" fromWho="3" sc="159,0,297,0,234,68,300,-58" owari="159,-34.1,297,9.7,302,40.2,242,-15.8" /></mjloggm>