<mjloggm ver="2.3"><GO type="225" lobby="0"/><UN n0="%72%61%6B%33" n1="%E3%83%96%E3%83%83%E3%83%91%E3%82%AA%E3%83%96%E3%83%81%E3%82%AD%E3%83%B3" n2="%33%74%72%65%65" n3="%E3%82%B3%E3%83%90%E3%83%AC%E3%82%A4" dan="16,16,17,16" rate="2076.99,2202.25,2205.89,2154.56" sx="M,M,F,M"/><TAIKYOKU oya="0"/><INIT seed="0,0,0,1,4,69" ten="250,250,250,250" oya="0" hai0="127,133,130,63,81,8,114,108,74,89,10,123,32" hai1="117,131,124,24,36,107,119,129,52,60,91,56,101" hai2="46,134,104,37,88,42,3,58,87,103,28,90,94" hai3="92,78,122,45,26,106,84,6,71,128,95,50,57"/><T77/><D114/><U112/><E107/><V59/><F134/><W67/><G71/><T70/><D123/><U11/><E101/><V132/><F132/><W31/><G106/><T9/><D133/><U72/><E72/><V15/><F3/><W7/><G122/><T86/><D127/><U80/><E124/><V79/><F79/><W14/><G128/><N who="1" m="49226" /><E112/><V21/><F90/><W49/><G49/><T41/><D130/><U96/><E11/><V54/><F54/><W64/><G67/><T82/><D32/><U83/><E24/><V44/><F44/><W98/><G14/><T76/><D108/><U68/><E68/><V100/><F100/><W20/><G92/><T30/><D30/><U115/><E115/><V121/><F121/><W22/><G22/><T116/><D116/><N who="1" m="44619" /><E36/><V13/><F13/><W17/><G7/><T62/><D70/><U48/><E60/><V19/><REACH who="2" step="1"/><F28/><REACH who="2" ten="250,250,240,250" step="2"/><W27/><G31/><T99/><REACH who="0" step="1"/><D41/><REACH who="0" ten="240,250,240,250" step="2"/><U75/><E75/><V12/><F12/><W51/><G27/><T39/><D39/><U111/><E111/><V102/><F102/><W33/><G26/><T23/><D23/><U66/><E66/><V120/><F120/><W47/><G64/><T126/><D126/><U0/><E0/><V113/><F113/><W53/><G20/><T5/><D5/><U109/><E109/><V118/><F118/><W1/><G6/><T55/><D55/><U125/><E125/><V34/><F34/><W93/><G53/><T29/><D29/><U4/><E4/><V40/><F40/><W35/><G33/><T61/><D61/><RYUUKYOKU ba="0,2" sc="240,10,250,10,240,10,250,-30" hai0="8,9,10,62,63,74,76,77,81,82,86,89,99" hai1="48,52,56,80,83,91,96" hai2="15,19,21,37,42,46,58,59,87,88,94,103,104" /><INIT seed="0,1,2,4,3,29" ten="250,260,250,220" oya="0" hai0="48,35,34,88,127,62,66,73,20,117,124,33,42" hai1="19,114,39,38,118,10,100,120,91,71,131,101,81" hai2="9,18,28,128,103,1,113,112,13,50,30,98,59" hai3="110,15,85,76,89,14,74,135,45,134,80,129,130"/><T5/><D117/><U99/><E118/><V31/><F128/><N who="3" m="49259" /><G15/><T75/><D5/><U41/><E131/><V23/><F50/><W121/><G45/><N who="0" m="25655" /><D20/><U11/><E120/><V46/><F46/><W133/><G14/><T104/><D88/><U57/><E71/><V69/><F69/><W58/><G58/><N who="0" m="37207" /><D104/><U37/><E114/><V116/><F59/><W78/><G121/><T61/><D61/><U63/><E41/><V44/><F44/><W60/><G60/><T84/><D84/><U47/><E47/><V96/><F116/><W26/><G26/><T72/><D72/><U123/><E123/><V94/><REACH who="2" step="1"/><F98/><REACH who="2" ten="250,260,240,220" step="2"/><W3/><G110/><T8/><D8/><U70/><E99/><V87/><F87/><W95/><G3/><T53/><D53/><U36/><E10/><V65/><F65/><W132/><G132/><T115/><D115/><U54/><E11/><V17/><F17/><W49/><G49/><T111/><D111/><U83/><E19/><V25/><F25/><W108/><G108/><T16/><D16/><U90/><E54/><V40/><F40/><W32/><G74/><T93/><D75/><U2/><E63/><V51/><F51/><W126/><G85/><T12/><D73/><U27/><E27/><V67/><F67/><W68/><G68/><T79/><D127/><U105/><E70/><V97/><F97/><N who="3" m="57583" /><G126/><T4/><D124/><U122/><E122/><V64/><F64/><W0/><G0/><T82/><D4/><AGARI ba="1,3" hai="1,4,9,13,18,23,28,30,31,94,96,103,112,113" machi="4" ten="40,1300,0" yaku="1,1,53,0" doraHai="29" doraHaiUra="43" who="2" fromWho="0" sc="250,-16,260,0,240,46,220,0" /><INIT seed="1,0,0,2,4,27" ten="234,260,286,220" oya="1" hai0="2,61,18,128,49,54,88,62,37,53,98,127,6" hai1="66,102,24,63,110,23,69,59,4,89,44,14,13" hai2="79,60,12,132,57,80,125,97,34,108,112,95,116" hai3="7,118,68,115,19,58,72,39,130,124,22,5,30"/><U113/><E113/><V48/><F116/><W50/><G115/><T64/><D37/><U126/><E126/><V52/><F112/><W83/><G68/><T41/><D127/><U73/><E73/><V26/><F125/><W114/><G39/><T47/><D128/><U71/><E102/><V109/><F12/><W90/><G124/><T15/><D6/><U11/><E110/><N who="2" m="42603" /><F132/><W82/><G114/><T119/><D2/><U81/><E14/><V107/><F107/><W10/><G130/><T76/><D76/><U131/><E131/><V20/><F34/><W36/><G36/><T1/><D1/><U77/><E44/><V129/><F129/><W93/><G72/><T117/><D117/><U46/><E46/><V17/><F48/><W74/><G74/><T70/><D119/><U78/><E71/><V92/><F97/><W51/><G5/><T16/><D62/><U3/><E69/><V0/><F0/><W40/><G7/><T103/><D88/><U84/><REACH who="1" step="1"/><E3/><REACH who="1" ten="234,250,286,220" step="2"/><V87/><AGARI ba="0,1" hai="17,20,26,52,57,60,79,80,87,92,95" m="42603" machi="87" ten="30,2000,0" yaku="14,1,54,1" doraHai="27" who="2" fromWho="2" sc="234,-5,250,-10,286,30,220,-5" /><INIT seed="2,0,0,4,4,47" ten="229,240,316,215" oya="2" hai0="63,131,130,13,58,104,69,122,82,108,38,103,88" hai1="116,26,44,101,72,17,70,41,76,111,2,21,77" hai2="129,96,22,125,28,59,57,95,114,84,91,61,31" hai3="67,53,33,86,106,134,133,64,54,34,20,55,80"/><V123/><F114/><W90/><G106/><T48/><D122/><U79/><E116/><V119/><F119/><W100/><G100/><T15/><D38/><U40/><E111/><V66/><F123/><W93/><G80/><T81/><D108/><U78/><E2/><V36/><F36/><W50/><G20/><T45/><D69/><U97/><E70/><V99/><F129/><N who="0" m="49162" /><D103/><U25/><N who="1" m="19456" /><DORA hai="4" /><U121/><E121/><V113/><F113/><W115/><G115/><T71/><D104/><U60/><E72/><V10/><F125/><W83/><G83/><N who="0" m="31755" /><D88/><U89/><E60/><V39/><F39/><W8/><G34/><T37/><D37/><U35/><E89/><V49/><F91/><W56/><G33/><T65/><D71/><U118/><E118/><V51/><F99/><W107/><G107/><T46/><D46/><U23/><E35/><V29/><F96/><W14/><G134/><T68/><D68/><U75/><E44/><V94/><F94/><W102/><G102/><T16/><D16/><N who="1" m="12455" /><E75/><V74/><F74/><W7/><REACH who="3" step="1"/><G133/><REACH who="3" ten="229,240,316,205" step="2"/><T126/><D126/><U11/><E11/><V92/><F10/><W127/><G127/><T42/><AGARI ba="0,1" hai="13,15,42,45,48,58,63,65" m="31755,49162" machi="42" ten="30,2000,0" yaku="19,1,52,1" doraHai="47,4" who="0" fromWho="0" sc="229,30,240,-5,316,-10,205,-5" /><INIT seed="3,0,0,3,0,106" ten="259,235,306,200" oya="3" hai0="20,94,5,3,111,22,7,134,6,108,15,59,83" hai1="24,0,120,117,31,135,127,109,32,99,119,30,50" hai2="92,133,16,29,105,122,44,61,21,124,62,55,26" hai3="27,69,98,14,84,2,79,95,125,72,131,96,77"/><W100/><G2/><T8/><D94/><U78/><E120/><V28/><F105/><W123/><G69/><T58/><D83/><U132/><E109/><N who="0" m="42057" /><D59/><U10/><E78/><V23/><F133/><N who="1" m="51273" /><E50/><N who="2" m="29127" /><F124/><W60/><G125/><T19/><D134/><U116/><E127/><V53/><F122/><W129/><G123/><T87/><D87/><U67/><E67/><V104/><F104/><N who="3" m="63495" /><G60/><N who="2" m="23145" /><F53/><W46/><G46/><T49/><D58/><U91/><E91/><V130/><F130/><N who="3" m="49675" /><G27/><N who="0" m="14751" /><D49/><U13/><E99/><V56/><F56/><W63/><G63/><T34/><D34/><U76/><E76/><N who="3" m="29258" /><G14/><T114/><D114/><U41/><E41/><V88/><F23/><W70/><G70/><T118/><D118/><U4/><E31/><V97/><AGARI ba="0,0" hai="16,21,26,28,29,88,92,97" m="23145,29127" machi="97" ten="30,4000,0" yaku="8,1,54,2" doraHai="106" who="2" fromWho="2" sc="259,-10,235,-10,306,40,200,-20" owari="249,4.9,225,-17.5,346,44.6,180,-32.0" /></mjloggm>