<mjloggm ver="2.3"><GO type="225" lobby="0"/><UN n0="%77%72%77%72%77%72%77%72" n1="%E6%A1%9C%E8%8A%B1%E9%96%83%E3%80%85" n2="%72%65%6E%6B%75%6E" n3="%41%6F%54" dan="16,16,17,16" rate="2139.36,2123.53,2213.39,2096.63" sx="M,M,M,M"/><TAIKYOKU oya="0"/><INIT seed="0,0,0,0,0,127" ten="250,250,250,250" oya="0" hai0="58,129,55,131,121,132,84,68,38,128,59,88,87" hai1="28,74,71,85,18,64,12,10,27,110,40,126,113" hai2="24,77,4,120,108,61,106,20,97,60,44,90,56" hai3="8,47,70,50,46,96,112,107,122,48,6,52,45"/><T72/><D121/><U17/><E74/><V134/><F120/><W22/><G122/><T109/><D132/><U41/><E126/><V135/><F108/><W102/><G112/><T79/><D109/><U82/><E110/><V66/><F4/><W124/><G70/><T89/><D68/><U130/><E113/><V93/><F77/><W67/><G67/><T11/><D38/><U2/><E2/><V95/><F106/><W15/><G124/><T114/><D114/><U33/><E18/><V118/><F118/><W65/><G65/><T86/><D11/><U91/><REACH who="1" step="1"/><E130/><REACH who="1" ten="250,240,250,250" step="2"/><V35/><F135/><W115/><G115/><T49/><D59/><U39/><E39/><V123/><F134/><W104/><G104/><T116/><D116/><U75/><E75/><V62/><F123/><W99/><G48/><T133/><D133/><U57/><E57/><V25/><F35/><W78/><G78/><T94/><D94/><U80/><E80/><AGARI ba="0,1" hai="49,55,58,72,79,80,84,86,87,88,89,128,129,131" machi="80" ten="50,12000,1" yaku="19,1,52,3,54,1" doraHai="127" who="0" fromWho="1" sc="250,130,240,-120,250,0,250,0" /><INIT seed="0,1,0,5,0,55" ten="380,120,250,250" oya="0" hai0="111,29,114,35,124,119,121,4,68,42,43,131,27" hai1="15,82,134,47,130,96,62,108,66,79,19,74,5" hai2="59,23,117,132,0,93,92,3,88,70,127,104,105" hai3="18,28,115,31,52,86,71,100,125,83,56,40,60"/><T97/><D114/><U63/><E108/><V21/><F70/><W91/><G115/><T8/><D119/><U22/><E134/><V7/><F7/><W57/><G125/><T51/><D121/><U67/><E130/><V9/><F9/><W126/><G71/><T81/><D68/><U90/><E5/><V10/><F10/><W87/><G126/><T84/><D124/><U89/><E47/><V54/><F127/><W33/><G33/><T39/><D39/><U133/><E133/><V128/><F132/><W78/><G40/><T72/><D72/><U120/><E120/><V34/><F34/><W99/><G18/><T109/><D131/><U85/><E96/><V46/><F46/><W38/><G38/><T50/><D97/><U94/><E74/><V49/><F128/><W44/><G44/><T61/><D61/><U11/><E11/><V73/><F73/><W98/><G98/><T14/><D50/><U95/><E79/><V129/><F129/><W69/><G69/><T45/><REACH who="0" step="1"/><D43/><REACH who="0" ten="370,120,250,250" step="2"/><U48/><E48/><V64/><F117/><W118/><G118/><T53/><D53/><U58/><REACH who="1" step="1"/><E90/><AGARI ba="1,1" hai="4,8,14,27,29,35,42,45,51,81,84,90,109,111" machi="90" ten="40,3900,0" yaku="1,1,53,1" doraHai="55" doraHaiUra="30" who="0" fromWho="1" sc="370,52,120,-42,250,0,250,0" /><INIT seed="0,2,0,2,1,127" ten="422,78,250,250" oya="0" hai0="126,40,39,10,59,9,130,24,32,75,14,87,11" hai1="91,41,78,82,99,128,37,88,55,103,35,5,62" hai2="60,102,133,2,8,101,108,61,25,65,71,112,72" hai3="93,106,17,31,97,27,86,43,1,113,33,90,123"/><T76/><D126/><U135/><E35/><V19/><F112/><W36/><G113/><T28/><D75/><U105/><E5/><V45/><F72/><W129/><G1/><T131/><D39/><U104/><E41/><V51/><F108/><W92/><G106/><N who="1" m="41066" /><E37/><V34/><F133/><W26/><G123/><T15/><D40/><U44/><E62/><V18/><F61/><W4/><G4/><T79/><D59/><U46/><E55/><V120/><F120/><W29/><G17/><T94/><D15/><U111/><E44/><V38/><F38/><W85/><G43/><T119/><D14/><U68/><E46/><V96/><F96/><W114/><G114/><T95/><D119/><U22/><E22/><V73/><F73/><W6/><G6/><T107/><D107/><N who="1" m="63999" /><E68/><V134/><F134/><W83/><G36/><T0/><D0/><U16/><E16/><V63/><F63/><W64/><G64/><T115/><D115/><U98/><E135/><V70/><F70/><W122/><G33/><T3/><D3/><U116/><E111/><V117/><F117/><W49/><G49/><T121/><D121/><U50/><E98/><V47/><F47/><W125/><G97/><T20/><D32/><U58/><E116/><V118/><F118/><W12/><G12/><T21/><D9/><U132/><E132/><V100/><F2/><W30/><G122/><T48/><D48/><U84/><E128/><V56/><F8/><W23/><G129/><T110/><D110/><U66/><E50/><V80/><F71/><W13/><G13/><T53/><D131/><RYUUKYOKU ba="2,0" sc="422,-10,78,30,250,-10,250,-10" hai1="58,66,78,82,84,88,91" /><INIT seed="1,3,0,5,2,117" ten="412,108,240,240" oya="1" hai0="108,64,69,62,13,85,127,107,4,49,44,5,133" hai1="84,53,11,111,105,54,115,74,42,109,34,98,82" hai2="56,89,25,52,63,106,110,94,14,116,67,61,100" hai3="135,47,132,126,3,27,77,122,58,131,72,128,119"/><U9/><E34/><V83/><F110/><N who="1" m="41993" /><E115/><V50/><F116/><W130/><G119/><T35/><D107/><U18/><E74/><V70/><F106/><W57/><G3/><T120/><D35/><U0/><E42/><V29/><F14/><W91/><G91/><T19/><D133/><N who="3" m="51273" /><G27/><T112/><D127/><U31/><E31/><V86/><F63/><W12/><G12/><T125/><D125/><U118/><E18/><V104/><F104/><W51/><G77/><T73/><D73/><U92/><E105/><V33/><REACH who="2" step="1"/><F100/><REACH who="2" ten="412,108,230,240" step="2"/><W1/><G1/><T129/><D108/><U38/><E118/><V97/><F97/><W66/><G126/><T123/><D5/><N who="1" m="1191" /><E11/><V88/><F88/><W43/><G72/><T87/><D4/><U76/><E38/><V68/><F68/><W80/><G131/><T96/><D129/><U114/><E114/><V121/><F121/><N who="0" m="46666" /><D112/><U75/><E75/><V28/><F28/><W95/><G122/><T79/><D79/><U8/><E8/><V93/><AGARI ba="3,1" hai="25,29,33,50,52,56,61,67,70,83,86,89,93,94" machi="93" ten="30,4000,0" yaku="1,1,0,1,54,1,53,0" doraHai="117" doraHaiUra="15" who="2" fromWho="2" sc="412,-13,108,-23,230,59,240,-13" /><INIT seed="2,0,0,4,1,55" ten="399,85,289,227" oya="2" hai0="87,52,16,34,2,8,10,118,23,79,78,108,127" hai1="48,84,38,85,96,42,133,103,120,5,132,56,65" hai2="102,49,64,123,77,54,121,32,28,104,24,92,21" hai3="3,43,20,29,126,33,112,53,35,88,94,73,25"/><V51/><F104/><W6/><G126/><T68/><D127/><U93/><E120/><V69/><F77/><W119/><G119/><T122/><D122/><U63/><E38/><V46/><F32/><W50/><G73/><T117/><D34/><U113/><E113/><V135/><F135/><W89/><G112/><T13/><D68/><U82/><E5/><V130/><F130/><W44/><G89/><T111/><D52/><U4/><E4/><V9/><F9/><N who="0" m="3690" /><D2/><U83/><E84/><V81/><F81/><W30/><G6/><T75/><D75/><U95/><E95/><V19/><F28/><W7/><G7/><T36/><D36/><U76/><REACH who="1" step="1"/><E82/><REACH who="1" ten="399,75,289,227" step="2"/><V60/><REACH who="2" step="1"/><F51/><REACH who="2" ten="399,75,279,227" step="2"/><W101/><G50/><T71/><D78/><U109/><E109/><V110/><F110/><W67/><G94/><T45/><D108/><U37/><E37/><V74/><F74/><W22/><G3/><T100/><D111/><U98/><E98/><AGARI ba="0,2" hai="19,21,24,46,49,54,60,64,69,92,98,102,121,123" machi="98" ten="40,2000,0" yaku="1,1,53,0" doraHai="55" doraHaiUra="0" who="2" fromWho="1" sc="399,0,75,-20,279,40,227,0" /><INIT seed="2,1,0,4,3,24" ten="399,55,319,227" oya="2" hai0="135,84,30,40,1,110,71,102,41,107,11,8,65" hai1="93,96,117,43,127,87,112,125,9,73,103,82,75" hai2="114,29,90,38,31,63,101,37,130,91,74,57,106" hai3="48,15,19,104,60,23,95,6,32,121,113,116,132"/><V69/><F74/><W94/><G104/><T123/><D123/><U45/><E9/><V33/><F114/><W128/><G32/><T109/><D30/><N who="2" m="11274" /><F57/><W50/><G116/><T80/><D135/><U51/><E112/><V36/><F106/><W35/><G35/><T42/><D1/><U52/><E117/><V56/><F56/><W53/><G121/><T3/><D3/><U49/><E125/><V108/><F33/><W124/><G128/><T72/><D72/><U16/><E127/><V92/><F101/><W67/><G113/><T115/><D115/><U131/><E131/><V59/><F59/><W25/><G132/><T78/><D65/><U46/><REACH who="1" step="1"/><E16/><REACH who="1" ten="399,45,319,227" step="2"/><V76/><F130/><W133/><G19/><T34/><D8/><U111/><E111/><V129/><F129/><W17/><G17/><T21/><D11/><U18/><E18/><V86/><F108/><W26/><G124/><T134/><D134/><U14/><E14/><V20/><F20/><W122/><G15/><T64/><D21/><U27/><E27/><V54/><F54/><W55/><G23/><T22/><D34/><U81/><E81/><N who="2" m="47399" /><F92/><W2/><G94/><T118/><D22/><U100/><E100/><V66/><F63/><W5/><G95/><T88/><D118/><U28/><E28/><V126/><F126/><W83/><G60/><N who="0" m="40327" /><D102/><U68/><E68/><V85/><F66/><W119/><G67/><T70/><D107/><U98/><E98/><V120/><F69/><W79/><G119/><T58/><D70/><U89/><AGARI ba="1,1" hai="43,45,46,49,51,52,73,75,82,87,89,93,96,103" machi="89" ten="20,5200,0" yaku="1,1,0,1,7,1,54,1,53,0" doraHai="24" doraHaiUra="13" who="1" fromWho="1" sc="399,-14,45,65,319,-27,227,-14" /><INIT seed="3,0,0,5,4,85" ten="385,110,292,213" oya="3" hai0="76,34,89,12,101,14,1,73,135,123,104,29,42" hai1="97,117,11,38,95,67,50,107,5,115,47,39,100" hai2="130,131,120,62,82,80,92,23,94,56,118,72,55" hai3="37,134,81,127,102,71,128,113,114,99,68,83,109"/><W35/><G37/><T44/><D123/><U3/><E115/><V64/><F118/><W16/><G35/><T66/><D135/><U31/><E117/><V129/><F120/><W86/><G134/><T57/><D1/><U93/><E31/><V79/><F23/><W20/><G128/><T119/><D119/><U19/><E67/><V53/><F82/><W87/><G127/><T103/><D76/><U21/><E107/><V84/><REACH who="2" step="1"/><F92/><REACH who="2" ten="385,110,282,213" step="2"/><W32/><G32/><T27/><D34/><U60/><E95/><V22/><F22/><W70/><G109/><T69/><D104/><U46/><E60/><V111/><F111/><W116/><G116/><T126/><D126/><U106/><E106/><V88/><AGARI ba="0,1" hai="53,55,56,62,64,72,79,80,84,88,94,129,130,131" machi="88" ten="40,8000,1" yaku="1,1,0,1,19,1,52,1,54,1,53,0" doraHai="85" doraHaiUra="121" who="2" fromWho="2" sc="385,-20,110,-20,282,90,213,-40" owari="365,16.5,90,-41.0,372,47.2,173,-22.7" /></mjloggm>