<mjloggm ver="2.3"><GO type="225" lobby="0"/><UN n0="%E5%A4%8F%E9%88%B4%E9%88%B4%E5%A4%8F" n1="%E9%BB%99%E8%81%B4%E3%81%AE%E3%81%99%E3%82%9D%E3%82%81" n2="%E6%98%93%E5%88%A9%E8%96%A9%E4%BC%AF" n3="%E7%B4%94%E6%BD%94%E3%83%94%E3%83%A9%E3%83%8B%E3%82%A2" dan="16,16,17,16" rate="2068.40,2117.77,2124.55,2118.72" sx="F,M,F,M"/><TAIKYOKU oya="0"/><INIT seed="0,0,0,1,1,57" ten="250,250,250,250" oya="0" hai0="40,122,131,64,91,50,69,85,18,105,19,94,76" hai1="13,103,41,12,111,71,90,6,115,127,23,51,108" hai2="21,132,38,42,96,124,99,102,36,114,52,33,87" hai3="1,30,75,22,74,28,109,47,31,88,68,67,61"/><T113/><D122/><U100/><E71/><V93/><F33/><W72/><G1/><T54/><D113/><U98/><E127/><V20/><F114/><W112/><G112/><T11/><D131/><U32/><E32/><V26/><F132/><W118/><G118/><T80/><D105/><U2/><E2/><V63/><F42/><W97/><G109/><T77/><D40/><U60/><E115/><V70/><F21/><W89/><G47/><T65/><D77/><U130/><E130/><V126/><F87/><W119/><G119/><T59/><D11/><N who="1" m="4215" /><E111/><V73/><F73/><W83/><G83/><T5/><D5/><U37/><E37/><V48/><F99/><W7/><G7/><T134/><D134/><U14/><E90/><V29/><F70/><W86/><G86/><T17/><REACH who="0" step="1"/><D69/><REACH who="0" ten="240,250,250,250" step="2"/><U46/><E108/><V79/><F79/><W53/><G22/><T117/><D117/><U58/><E23/><V34/><F34/><W49/><G97/><AGARI ba="0,1" hai="17,18,19,50,54,59,64,65,76,80,85,91,94,97" machi="97" ten="40,3900,0" yaku="1,1,8,1,53,0" doraHai="57" doraHaiUra="10" who="0" fromWho="3" sc="240,49,250,0,250,0,250,-39" /><INIT seed="0,1,0,1,3,28" ten="289,250,250,211" oya="0" hai0="30,51,1,44,72,20,92,34,95,110,63,69,65" hai1="105,85,43,100,129,13,53,104,17,120,83,111,79" hai2="47,93,8,114,127,64,59,66,27,113,74,23,91" hai3="4,2,98,78,94,108,52,41,22,56,12,19,70"/><T25/><D72/><U88/><E120/><V87/><F74/><W122/><G122/><T32/><D110/><U130/><E111/><V15/><F127/><W116/><G116/><T18/><D1/><U103/><E43/><V81/><F114/><W9/><G108/><T31/><D31/><U55/><E55/><V117/><F113/><W58/><G70/><T121/><D121/><U24/><E53/><V96/><F47/><W80/><G41/><T109/><D109/><U48/><E48/><V6/><F59/><W118/><G118/><T82/><D82/><N who="1" m="49207" /><E17/><V124/><F124/><W71/><G71/><T107/><D107/><N who="1" m="41035" /><E13/><V7/><F7/><W73/><REACH who="3" step="1"/><G52/><REACH who="3" ten="289,250,250,201" step="2"/><T54/><REACH who="0" step="1"/><D32/><REACH who="0" ten="279,250,250,201" step="2"/><U76/><E130/><V60/><F117/><W115/><G115/><T89/><D89/><AGARI ba="1,2" hai="2,4,9,12,19,22,56,58,73,78,80,89,94,98" machi="89" ten="30,2000,0" yaku="1,1,7,1,53,0" doraHai="28" doraHaiUra="126" who="3" fromWho="0" sc="279,-23,250,0,250,0,201,43" /><INIT seed="1,0,0,3,2,87" ten="256,250,250,244" oya="1" hai0="31,129,64,93,59,28,127,109,105,116,112,39,46" hai1="51,62,68,97,37,42,91,113,92,30,24,135,121" hai2="123,134,0,3,52,54,48,74,86,15,40,36,16" hai3="8,34,114,67,95,35,111,57,108,53,89,2,72"/><U81/><E135/><V10/><F74/><W61/><G72/><T5/><D105/><U38/><E113/><V47/><F123/><W106/><G106/><T65/><D5/><U131/><E131/><V55/><F134/><W50/><G114/><T75/><D75/><U69/><E121/><V82/><REACH who="2" step="1"/><F36/><REACH who="2" ten="256,250,240,244" step="2"/><W132/><G132/><T33/><D39/><U73/><E38/><V22/><F22/><W107/><G34/><T76/><D112/><U44/><E37/><V41/><F41/><W103/><G35/><T99/><D33/><U45/><E73/><V66/><F66/><W26/><G111/><T49/><D64/><U104/><E42/><V96/><F96/><W25/><G108/><T18/><D109/><U12/><E97/><V60/><F60/><W77/><G61/><N who="0" m="38079" /><D129/><U85/><E62/><V102/><F102/><W117/><G67/><T20/><D127/><U124/><E124/><V43/><F43/><W118/><G103/><N who="0" m="60911" /><D116/><U56/><E51/><V115/><F115/><W119/><G107/><T21/><D20/><U130/><E104/><V120/><F120/><W94/><G119/><T11/><D21/><U88/><E130/><V110/><F110/><W79/><G117/><T1/><D49/><U17/><E69/><V98/><F98/><N who="3" m="57679" /><G118/><T71/><D71/><U27/><E68/><V70/><F70/><W128/><G128/><T84/><D84/><U80/><E85/><V63/><F63/><W23/><G23/><T90/><D28/><U6/><E30/><V4/><F4/><N who="3" m="1047" /><G95/><T7/><D31/><U126/><E126/><V83/><F83/><RYUUKYOKU ba="0,1" sc="256,-15,250,-15,240,15,244,15" hai2="0,3,10,15,16,40,47,48,52,54,55,82,86" hai3="25,26,50,53,57,77,79" /><INIT seed="2,1,1,3,4,110" ten="241,235,255,259" oya="2" hai0="109,94,3,93,127,98,70,5,107,22,28,56,114" hai1="91,75,24,25,40,63,31,44,8,128,20,62,48" hai2="129,57,35,92,78,134,11,32,14,103,118,104,88" hai3="12,19,7,61,60,111,21,102,97,131,30,66,13"/><V74/><F118/><W15/><G111/><T23/><D109/><U68/><E75/><V55/><F134/><W125/><G131/><T38/><D70/><U0/><E68/><V33/><F129/><W81/><G125/><T37/><D127/><U49/><E128/><V71/><F71/><W67/><G81/><T64/><D5/><U79/><E79/><V126/><F126/><W122/><G30/><T89/><D3/><U41/><E0/><V65/><F65/><N who="3" m="24587" /><G122/><T50/><D107/><U108/><E8/><V83/><F103/><W116/><G116/><T47/><D114/><U95/><E108/><V51/><F104/><W18/><G7/><T135/><D135/><U26/><E48/><V112/><F112/><W39/><G39/><T82/><D82/><U9/><E9/><V45/><F45/><W90/><G102/><T87/><D38/><U99/><E41/><V124/><F124/><W46/><G46/><T120/><D28/><U54/><REACH who="1" step="1"/><E40/><REACH who="1" ten="241,225,255,259" step="2"/><V76/><F76/><W10/><G10/><T69/><D37/><U77/><E77/><V85/><REACH who="2" step="1"/><F35/><REACH who="2" ten="241,225,245,259" step="2"/><W105/><G105/><T34/><D34/><U6/><E6/><AGARI ba="1,3" hai="6,11,14,32,33,51,55,57,74,78,83,85,88,92" machi="6" ten="30,12000,1" yaku="1,1,2,1,7,1,54,1,53,1" doraHai="110" doraHaiUra="52" who="2" fromWho="1" sc="241,0,225,-123,245,153,259,0" /><INIT seed="2,2,0,0,1,33" ten="241,102,398,259" oya="2" hai0="49,54,85,66,75,115,3,120,50,38,28,27,62" hai1="53,1,80,79,2,63,93,96,100,92,133,34,104" hai2="101,52,4,5,46,112,43,105,82,81,121,6,41" hai3="95,65,116,71,94,60,22,97,35,9,64,110,76"/><V122/><F112/><W0/><G35/><T70/><D115/><U128/><E34/><V74/><F105/><W87/><G116/><T77/><D120/><U47/><E128/><V102/><F6/><W89/><G110/><T90/><D38/><U126/><E133/><V59/><F46/><W10/><G0/><T131/><D131/><U11/><E126/><V78/><F78/><W127/><G127/><T23/><D77/><U14/><E93/><V114/><F114/><W17/><G65/><T40/><D75/><U32/><E32/><V132/><F59/><W44/><G44/><T91/><D3/><U98/><E63/><V29/><F29/><W83/><G94/><T21/><D40/><U16/><E53/><V99/><F99/><W129/><G129/><T30/><D54/><U106/><E47/><V19/><F19/><W113/><G113/><T134/><D91/><U111/><E111/><V12/><F12/><AGARI ba="2,0" hai="9,10,12,17,22,60,64,71,76,83,87,89,95,97" machi="12" ten="30,1000,0" yaku="7,1" doraHai="33" who="3" fromWho="2" sc="241,0,102,0,398,-16,259,16" /><INIT seed="3,0,0,4,3,59" ten="241,102,382,275" oya="3" hai0="46,101,29,15,10,27,42,91,17,97,120,121,131" hai1="84,89,66,119,45,43,88,92,57,70,75,61,76" hai2="2,52,22,8,25,115,86,123,112,65,7,5,36" hai3="118,132,82,106,50,0,134,69,28,99,100,108,77"/><W103/><G0/><T34/><D131/><U78/><E119/><V135/><F36/><W30/><G118/><T33/><D91/><U6/><E75/><V114/><F7/><W13/><G100/><T26/><D26/><U35/><E35/><V72/><F72/><W122/><G122/><T54/><D54/><U116/><E116/><V125/><F65/><W127/><G127/><T113/><D34/><U32/><E32/><V18/><F135/><N who="3" m="51755" /><G69/><T37/><REACH who="0" step="1"/><D113/><REACH who="0" ten="231,102,382,275" step="2"/><U128/><E128/><V14/><F114/><W81/><G108/><T3/><D3/><U24/><E24/><V93/><F2/><W31/><G13/><T129/><D129/><U55/><E6/><V87/><F14/><W124/><G124/><T80/><D80/><N who="3" m="30825" /><G50/><T64/><D64/><U74/><E74/><V126/><F126/><W104/><G77/><T83/><D83/><U39/><REACH who="1" step="1"/><E89/><REACH who="1" ten="231,92,382,275" step="2"/><V48/><F125/><W56/><G103/><T23/><D23/><U133/><E133/><V51/><F22/><W40/><G30/><T63/><D63/><AGARI ba="0,2" hai="39,43,45,55,57,61,63,66,70,76,78,84,88,92" machi="63" ten="30,8000,1" yaku="1,1,7,1,52,2,54,1,53,0" doraHai="59" doraHaiUra="109" who="1" fromWho="0" sc="231,-80,92,100,382,0,275,0" owari="151,-34.9,192,-20.8,382,48.2,275,7.5" /></mjloggm>