<mjloggm ver="2.3"><GO type="225" lobby="0"/><UN n0="%E7%89%B9%E6%9D%B1%E3%81%AF%E4%B8%96%E7%95%8C%E3%82%92%E6%95%91%E3%81%86" n1="%E7%99%BD%E5%80%89%E5%AF%9B%E4%B9%8B" n2="%E3%81%BF%E3%81%BF%E3%81%9A" n3="%E3%82%A4%E3%83%BC%E3%82%B1%E3%83%97%E3%83%A9" dan="16,16,17,16" rate="2194.59,2140.07,2161.30,2133.93" sx="M,M,M,M"/><TAIKYOKU oya="0"/><INIT seed="0,0,0,0,0,124" ten="250,250,250,250" oya="0" hai0="18,30,133,116,106,119,134,93,8,80,64,117,2" hai1="77,99,118,71,92,31,26,121,50,101,46,123,22" hai2="55,36,89,94,132,3,130,41,113,28,86,27,107" hai3="79,47,25,32,29,81,63,6,127,52,39,128,51"/><T62/><D106/><U88/><E71/><V129/><F113/><W135/><G127/><T115/><D115/><U1/><E1/><V33/><F3/><W74/><G135/><N who="0" m="51723" /><D30/><U112/><E112/><V48/><F132/><W100/><G128/><N who="2" m="49257" /><F107/><W61/><G100/><T83/><D93/><U84/><E77/><V35/><F41/><W69/><G69/><N who="0" m="42135" /><D18/><U78/><E78/><V56/><F36/><W9/><REACH who="3" step="1"/><G39/><REACH who="3" ten="250,250,250,240" step="2"/><T70/><D70/><U91/><E118/><V53/><F53/><W110/><G110/><T73/><D73/><U82/><REACH who="1" step="1"/><E101/><REACH who="1" ten="250,240,250,240" step="2"/><V16/><F16/><W85/><G85/><T126/><D126/><U43/><AGARI ba="0,2" hai="22,26,31,43,46,50,82,84,88,91,92,99,121,123" machi="43" ten="20,8000,1" yaku="1,1,2,1,0,1,7,1,54,1,53,0" doraHai="124" doraHaiUra="98" who="1" fromWho="1" sc="250,-40,240,100,250,-20,240,-20" /><INIT seed="1,0,0,3,0,92" ten="210,340,230,220" oya="1" hai0="15,52,25,43,63,8,54,59,86,50,108,39,46" hai1="41,106,28,5,105,91,37,135,114,2,42,77,40" hai2="12,67,27,134,45,14,98,6,80,97,79,4,65" hai3="0,24,122,53,47,113,126,115,75,88,118,121,51"/><U68/><E68/><V32/><F134/><W120/><G75/><T57/><D108/><U56/><E37/><V110/><F110/><W31/><G0/><T95/><D25/><U112/><E135/><V94/><F32/><W127/><G88/><T76/><D95/><U129/><E28/><V109/><F27/><W87/><G87/><T131/><D131/><U61/><E129/><V132/><F109/><W55/><G24/><T96/><D96/><N who="2" m="36970" /><F94/><W48/><G31/><T78/><REACH who="0" step="1"/><D86/><REACH who="0" ten="200,340,230,220" step="2"/><U21/><E106/><V44/><F132/><W66/><G118/><T62/><D62/><U90/><E61/><V10/><F80/><W69/><G69/><T11/><D11/><U7/><E105/><V123/><F123/><W17/><G66/><N who="2" m="25097" /><F79/><W64/><G64/><T102/><D102/><U71/><E77/><V38/><F38/><W70/><G70/><T34/><D34/><U30/><E71/><V133/><F133/><W124/><G115/><T33/><D33/><U1/><E114/><V49/><F49/><W125/><G113/><T100/><D100/><U9/><E112/><V16/><F4/><AGARI ba="0,1" hai="4,8,15,39,43,46,50,52,54,57,59,63,76,78" machi="4" ten="30,3900,0" yaku="1,1,7,1,54,1,53,0" doraHai="92" doraHaiUra="18" who="0" fromWho="2" sc="200,49,340,0,230,-39,220,0" /><INIT seed="2,0,0,3,3,86" ten="249,340,191,220" oya="2" hai0="73,24,67,7,101,93,43,47,89,30,132,97,127" hai1="40,56,69,123,11,52,133,39,117,1,104,114,23" hai2="102,16,36,4,57,79,135,15,103,45,131,35,10" hai3="105,110,2,85,75,33,81,106,113,13,88,12,121"/><V87/><F35/><W0/><G121/><T134/><D73/><U91/><E104/><V21/><F135/><N who="0" m="51754" /><D127/><U38/><E69/><V63/><F131/><W26/><G75/><T74/><D74/><U65/><E65/><V28/><F28/><W100/><G110/><T76/><D76/><U118/><E114/><V14/><F45/><W130/><G130/><T107/><D7/><U3/><E123/><V25/><F36/><W94/><G106/><T49/><D67/><U71/><E11/><V27/><F103/><W64/><G105/><T125/><D125/><U37/><E40/><V50/><F50/><W53/><G64/><T119/><D119/><U99/><E71/><V9/><F102/><W66/><G66/><T92/><D89/><U122/><E133/><V19/><F4/><W32/><G32/><AGARI ba="0,0" hai="24,30,32,43,47,49,92,93,97,101,107" m="51754" machi="32" ten="30,1000,0" yaku="20,1" doraHai="86" who="0" fromWho="3" sc="249,10,340,0,191,0,220,-10" /><INIT seed="3,0,0,5,1,14" ten="259,340,191,210" oya="3" hai0="36,29,134,23,13,41,38,27,96,37,34,119,132" hai1="121,66,8,85,74,65,16,62,57,43,32,71,116" hai2="75,20,128,0,95,54,42,133,82,114,91,111,101" hai3="25,99,69,59,76,47,11,88,126,40,106,10,45"/><W127/><G69/><T123/><D119/><U108/><E74/><V72/><F114/><W4/><G76/><T130/><D123/><U81/><E32/><V60/><F0/><W89/><G59/><T9/><D130/><U122/><E108/><V15/><F111/><W80/><G25/><T100/><D41/><U22/><E116/><V52/><F128/><W1/><G11/><T70/><D70/><U97/><E8/><V104/><F42/><W131/><G131/><T48/><D48/><U90/><E43/><V58/><F133/><N who="0" m="51306" /><D23/><U3/><E3/><V49/><F104/><W26/><G26/><T21/><D21/><U44/><E44/><V12/><F101/><N who="3" m="62783" /><G80/><T135/><D135/><U115/><E115/><V68/><F82/><W87/><G87/><T7/><D37/><U18/><E71/><V50/><F68/><W24/><G24/><T113/><D113/><U109/><E109/><V5/><F5/><W83/><G83/><T30/><D29/><U103/><E65/><V84/><F60/><W105/><G47/><T73/><D73/><U67/><E67/><V33/><F33/><W93/><G45/><T112/><D112/><U2/><E2/><V39/><F39/><W107/><G40/><T86/><D86/><U117/><E117/><V129/><F129/><W51/><G51/><T17/><D7/><U64/><E64/><V56/><F15/><W102/><G127/><T35/><D35/><U28/><E28/><V61/><F49/><W110/><G126/><T78/><D78/><U92/><E22/><V63/><F50/><W77/><G110/><RYUUKYOKU ba="0,0" sc="259,10,340,10,191,10,210,-30" hai0="9,13,17,27,30,34,36,38,96,100" hai1="16,18,57,62,66,81,85,90,92,97,103,121,122" hai2="12,20,52,54,56,58,61,63,72,75,84,91,95" owari="269,6.9,350,45.0,201,-19.9,180,-32.0" /></mjloggm>