<mjloggm ver="2.3"><GO type="225" lobby="0"/><UN n0="%E3%83%94%E3%83%B3%E3%82%B5%E3%83%AD%E5%BA%97%E5%93%A1" n1="%41%6F%54" n2="%E8%B5%A4%E3%81%84%E8%9B%99%31%31" n3="%E5%A4%8F%E9%88%B4%E9%88%B4%E5%A4%8F" dan="17,16,16,16" rate="2186.58,2110.01,2124.67,2088.86" sx="M,M,M,M"/><TAIKYOKU oya="0"/><INIT seed="0,0,0,0,4,96" ten="250,250,250,250" oya="0" hai0="97,42,79,1,14,118,9,92,113,81,39,5,29" hai1="110,125,115,129,120,18,25,132,83,60,131,75,54" hai2="12,59,68,133,46,49,55,57,109,8,23,53,2" hai3="63,7,121,19,28,119,71,69,32,95,67,89,36"/><T88/><D113/><U114/><E120/><V127/><F2/><W91/><G119/><T76/><D118/><U123/><E123/><V100/><F68/><W48/><G121/><T3/><D29/><U105/><E105/><V22/><F133/><W45/><G7/><T99/><D79/><N who="1" m="44543" /><E132/><V72/><F127/><W106/><G106/><T82/><D82/><U26/><E125/><V62/><F72/><W33/><G36/><T35/><D35/><U73/><E73/><V126/><F109/><W103/><G71/><T84/><REACH who="0" step="1"/><D99/><REACH who="0" ten="240,250,250,250" step="2"/><U66/><E110/><V98/><F126/><W108/><G28/><T40/><D40/><U21/><E115/><V116/><F116/><W64/><G32/><T101/><D101/><U50/><E114/><V77/><F77/><W34/><G33/><T78/><D78/><U130/><E130/><V13/><F98/><N who="3" m="59871" /><G34/><T51/><D51/><U94/><E50/><V90/><F100/><W44/><G108/><T102/><D102/><U11/><E131/><V47/><F90/><W15/><G91/><T80/><D80/><U128/><E129/><V134/><F134/><W74/><G89/><T135/><D135/><U24/><E128/><V38/><F38/><W107/><G74/><T85/><D85/><U56/><E94/><V30/><F30/><W41/><G107/><T16/><D16/><U104/><E104/><V58/><F49/><W65/><G45/><AGARI ba="0,1" hai="1,3,5,9,14,39,42,45,76,81,84,88,92,97" machi="45" ten="40,7700,0" yaku="1,1,54,1,53,1" doraHai="96" doraHaiUra="93" who="0" fromWho="3" sc="240,87,250,0,250,0,250,-77" /><INIT seed="0,1,0,2,0,39" ten="327,250,250,173" oya="0" hai0="101,75,49,80,46,0,26,105,59,14,65,73,16" hai1="37,25,69,3,9,11,129,93,56,23,130,122,106" hai2="131,40,123,45,83,63,48,90,124,99,36,22,110" hai3="121,13,30,10,77,128,72,28,70,1,18,119,82"/><T47/><D0/><U125/><E106/><V44/><F123/><W92/><G119/><T15/><D105/><U115/><E69/><V102/><F131/><W96/><G128/><T95/><D75/><U33/><E122/><V89/><F110/><W134/><G134/><T100/><D73/><U107/><E107/><V2/><F124/><W54/><G121/><T118/><D80/><U79/><E125/><V133/><F2/><W94/><G70/><T91/><D15/><U116/><E116/><V43/><F133/><W117/><G117/><T42/><D26/><U57/><E79/><V53/><F22/><W12/><G1/><T7/><D7/><U58/><E33/><V8/><F8/><W132/><G132/><T31/><D31/><U112/><E37/><V84/><F63/><W32/><G32/><T113/><D47/><U108/><E108/><V103/><REACH who="2" step="1"/><F53/><REACH who="2" ten="327,250,240,173" step="2"/><W104/><G104/><T60/><D118/><U20/><E20/><V67/><F67/><W61/><G54/><T86/><D113/><N who="1" m="43595" /><E9/><AGARI ba="1,1" hai="9,14,16,42,46,49,59,60,65,86,91,95,100,101" machi="9" ten="30,11600,0" yaku="7,1,8,1,52,1,54,1" doraHai="39" who="0" fromWho="1" sc="327,129,250,-119,240,0,173,0" /><INIT seed="0,2,0,0,5,125" ten="456,131,240,173" oya="0" hai0="128,52,72,58,101,131,105,33,112,107,51,99,64" hai1="118,2,134,114,3,129,130,41,59,98,108,42,22" hai2="65,40,37,91,20,119,85,44,126,69,83,117,15" hai3="45,1,78,23,84,31,17,32,39,104,92,133,120"/><T97/><D112/><U57/><E118/><N who="2" m="45067" /><F126/><W102/><G120/><T121/><D121/><U79/><E114/><V60/><F15/><W80/><G133/><T67/><D72/><U26/><E134/><V110/><F20/><W90/><G1/><T13/><D33/><U46/><E79/><V74/><F74/><W50/><G39/><T18/><D99/><U95/><E108/><AGARI ba="2,0" hai="37,40,44,60,65,69,83,85,91,108,110" m="45067" machi="108" ten="30,1000,0" yaku="12,1" doraHai="125" who="2" fromWho="1" sc="456,0,131,-16,240,16,173,0" /><INIT seed="1,0,0,0,3,101" ten="456,115,256,173" oya="1" hai0="0,73,66,90,46,56,36,115,126,119,16,67,22" hai1="47,41,104,69,18,54,60,93,32,24,131,45,48" hai2="92,94,100,57,29,102,30,133,27,7,12,81,23" hai3="134,74,84,98,105,77,82,64,125,89,40,8,109"/><U96/><E131/><V44/><F133/><W21/><G109/><T123/><D115/><U87/><E87/><V118/><F118/><W113/><G113/><T49/><D119/><U107/><E69/><V33/><F33/><W38/><G134/><T50/><D0/><U34/><E34/><V128/><F44/><W75/><G125/><T25/><D73/><U127/><E127/><V124/><F30/><W14/><G64/><T4/><D4/><U62/><E62/><V39/><F39/><W59/><G59/><T3/><D3/><U26/><E26/><V65/><F81/><W117/><G117/><T72/><D72/><U85/><E85/><V120/><F120/><W112/><G112/><T99/><D36/><U103/><E60/><N who="2" m="38031" /><F128/><W97/><G21/><T52/><D123/><U135/><E135/><V71/><F71/><W19/><G40/><N who="0" m="24775" /><D126/><U2/><E2/><V51/><F51/><W80/><G38/><T5/><D5/><U55/><E32/><V42/><F42/><W130/><G130/><T6/><D6/><U111/><E111/><V91/><F124/><W63/><G63/><T68/><D68/><U58/><E45/><V10/><F94/><AGARI ba="0,0" hai="16,22,25,50,52,56,66,67,90,94,99" m="24775" machi="94" ten="30,3900,0" yaku="8,1,54,2" doraHai="101" who="0" fromWho="2" sc="456,39,115,0,256,-39,173,0" /><INIT seed="2,0,0,1,2,68" ten="495,115,217,173" oya="2" hai0="43,73,104,114,19,44,64,20,31,5,62,48,135" hai1="49,25,101,110,59,96,100,95,45,7,55,11,57" hai2="120,125,38,34,40,90,8,0,14,30,82,6,113" hai3="77,61,87,50,29,103,111,17,10,37,15,127,4"/><V27/><F113/><W1/><G111/><T129/><D73/><U33/><E110/><V79/><F120/><W65/><G127/><T53/><D104/><U74/><E74/><V16/><F125/><W108/><G108/><T72/><D72/><U98/><E25/><V66/><F66/><W123/><G123/><T89/><D114/><U119/><E33/><V130/><F130/><W116/><G116/><T97/><D135/><U22/><E22/><N who="2" m="11543" /><F90/><W28/><G37/><T26/><D5/><U71/><E71/><V85/><F40/><W69/><G103/><T117/><D129/><U75/><E75/><V13/><F13/><W2/><G2/><T99/><D117/><U35/><E35/><V105/><F105/><W51/><G87/><T63/><D89/><U58/><E119/><V118/><F118/><W124/><G77/><T115/><D115/><U93/><REACH who="1" step="1"/><E45/><REACH who="1" ten="495,105,217,173" step="2"/><V32/><F34/><W42/><G124/><T9/><D26/><U18/><E18/><V126/><F126/><W46/><REACH who="3" step="1"/><G51/><REACH who="3" ten="495,105,217,163" step="2"/><T94/><D48/><U109/><E109/><V24/><F24/><W133/><G133/><T83/><D31/><U54/><E54/><V60/><F27/><W56/><G56/><T122/><D53/><U76/><E76/><V106/><F30/><W39/><G39/><T102/><D122/><U78/><E78/><V47/><F38/><W128/><G128/><T132/><D132/><U112/><E112/><V67/><F79/><W84/><G84/><T107/><D99/><U21/><E21/><AGARI ba="0,2" hai="1,4,10,15,17,21,28,29,42,46,50,61,65,69" machi="21" ten="30,2000,0" yaku="1,1,7,1,53,0" doraHai="68" doraHaiUra="121" who="3" fromWho="1" sc="495,0,105,-20,217,0,163,40" /><INIT seed="3,0,0,2,5,72" ten="495,85,217,203" oya="3" hai0="45,111,48,118,98,28,119,66,99,7,93,88,62" hai1="90,5,44,114,94,96,101,89,1,77,108,113,78" hai2="8,56,135,127,128,120,80,20,73,115,84,47,63" hai3="22,91,131,10,42,76,69,103,106,6,51,4,0"/><W107/><G69/><T31/><D111/><U54/><E54/><V97/><F115/><N who="1" m="44041" /><E44/><V102/><F73/><W104/><G131/><T16/><D7/><U117/><E5/><V29/><F8/><W9/><G91/><N who="1" m="34826" /><E1/><V81/><F20/><W59/><G76/><N who="1" m="29290" /><E108/><V30/><F47/><W57/><G22/><T68/><D99/><U53/><E53/><V109/><F97/><W75/><G103/><T50/><D16/><U122/><E117/><V58/><F30/><W17/><G75/><T2/><D2/><U116/><E116/><V130/><F29/><W134/><G17/><T129/><D50/><U21/><E21/><V105/><F56/><W126/><G42/><T123/><D123/><U39/><E39/><V3/><F120/><AGARI ba="0,0" hai="94,96,101,120,122" m="29290,34826,44041" machi="120" ten="30,8000,1" yaku="34,2,52,3" doraHai="72" who="1" fromWho="2" sc="495,0,85,80,217,-80,203,0" owari="495,59.5,165,-23.5,137,-36.3,203,0.3" /></mjloggm>