<mjloggm ver="2.3"><GO type="225" lobby="0"/><UN n0="%E3%81%99%E3%81%84%E3%81%BE%E3%81%9B%E3%83%BC%E3%82%93" n1="%E3%81%BF%E3%81%BF%E3%81%9A" n2="%E9%A6%AC%E5%BC%95%E7%81%AB%33" n3="%64%61%72%74%65%72" dan="18,17,16,18" rate="2206.23,2210.68,2130.68,2193.35" sx="M,M,M,M"/><TAIKYOKU oya="0"/><INIT seed="0,0,0,1,0,11" ten="250,250,250,250" oya="0" hai0="15,114,5,57,109,52,53,48,93,37,70,89,38" hai1="118,69,99,63,97,85,60,42,101,79,56,2,115" hai2="125,117,27,134,106,16,0,18,90,65,19,40,49" hai3="10,77,86,76,131,8,74,123,36,50,100,35,96"/><T26/><D114/><U22/><E118/><V25/><F0/><W95/><G36/><T44/><D70/><U68/><E2/><V92/><F106/><W132/><G35/><T66/><D109/><U47/><E115/><V20/><F117/><W13/><G131/><T124/><D124/><U128/><E128/><V34/><F125/><W45/><G132/><T98/><D66/><U110/><E110/><V51/><F134/><W71/><G71/><T39/><D26/><U75/><E75/><V111/><F111/><W87/><G123/><T130/><D130/><U46/><E22/><V108/><F108/><W81/><G77/><T133/><D133/><U105/><E85/><V12/><F65/><W14/><G8/><T72/><D72/><U102/><E56/><V1/><F1/><W30/><G30/><T59/><REACH who="0" step="1"/><D53/><REACH who="0" ten="240,250,250,250" step="2"/><U9/><E69/><V122/><F27/><W4/><G14/><T29/><D29/><U129/><E68/><V82/><F12/><W120/><G120/><T41/><D41/><AGARI ba="0,1" hai="4,10,13,41,45,50,74,76,81,86,87,95,96,100" machi="41" ten="30,2000,0" yaku="7,1,52,1" doraHai="11" who="3" fromWho="0" sc="240,-20,250,0,250,0,250,30" /><INIT seed="1,0,0,5,4,85" ten="220,250,250,280" oya="1" hai0="80,35,58,37,57,91,100,33,23,69,134,34,82" hai1="54,83,50,74,30,124,6,61,105,17,72,8,45" hai2="119,114,121,15,29,79,19,93,71,92,14,109,11" hai3="98,122,32,1,90,51,133,103,76,101,43,53,110"/><U56/><E124/><V88/><F121/><W97/><G32/><T102/><D69/><U38/><E105/><V44/><F119/><W135/><G1/><T3/><D3/><U48/><E30/><V66/><F109/><W104/><G43/><T62/><D37/><U111/><E111/><V16/><F114/><W47/><G110/><T75/><D134/><N who="3" m="51209" /><G76/><T127/><D127/><U39/><E17/><V94/><F79/><W41/><G122/><T99/><D75/><U2/><E48/><V128/><F128/><W129/><G129/><T36/><D36/><U13/><E13/><V96/><F29/><W77/><G77/><T0/><D0/><U9/><E9/><V63/><F44/><W27/><G27/><T132/><D132/><U108/><E108/><V60/><F60/><W130/><G130/><T59/><D62/><U12/><E2/><V68/><F68/><W84/><G41/><T7/><D35/><U89/><E72/><V31/><F31/><W125/><G125/><T28/><BYE who="3" /><D34/><U5/><E5/><V65/><F65/><W10/><G10/><AGARI ba="0,0" hai="10,11,14,15,16,19,63,66,71,88,92,93,94,96" machi="10" ten="30,8000,1" yaku="7,1,9,1,52,1,54,2" doraHai="85" who="2" fromWho="3" sc="220,0,250,0,250,80,280,-80" /><INIT seed="2,0,0,1,2,52" ten="220,250,330,200" oya="2" hai0="124,67,18,89,2,87,49,48,33,105,97,130,15" hai1="117,78,25,76,24,127,0,42,60,99,100,62,38" hai2="39,45,9,57,110,54,71,129,23,35,68,126,43" hai3="77,86,133,107,44,32,40,70,74,135,134,119,6"/><V80/><F35/><W31/><G31/><T103/><D2/><U95/><E117/><V29/><F126/><W88/><G88/><T84/><D33/><U94/><E0/><V132/><F132/><W1/><G1/><T125/><D130/><UN n3="%64%61%72%74%65%72" /><U56/><E127/><N who="0" m="48713" /><D67/><N who="1" m="39303" /><E38/><V46/><F129/><W73/><G70/><T121/><D121/><U116/><E116/><V34/><F34/><W83/><G119/><T8/><D87/><U47/><E94/><AGARI ba="0,0" hai="8,15,18,48,49,84,89,94,97,103,105" m="48713" machi="94" ten="30,1000,0" yaku="18,1" doraHai="52" who="0" fromWho="1" sc="220,10,250,-10,330,0,200,0" /><INIT seed="3,0,0,0,2,110" ten="230,240,330,200" oya="3" hai0="25,58,8,41,22,63,18,64,119,135,96,82,35" hai1="1,101,56,5,72,133,118,106,95,89,10,20,62" hai2="131,19,75,129,74,85,36,92,108,78,17,65,53" hai3="122,130,57,6,112,49,61,46,37,38,125,71,79"/><W99/><G122/><T83/><D119/><U16/><E72/><N who="2" m="27691" /><F108/><W7/><G79/><T98/><D135/><U134/><E106/><V27/><F36/><N who="3" m="13931" /><G7/><T31/><D41/><U55/><E101/><V69/><F27/><W128/><G6/><T9/><D35/><U113/><E113/><V26/><F26/><W30/><G30/><T52/><D64/><U84/><REACH who="1" step="1"/><E118/><REACH who="1" ten="230,230,330,200" step="2"/><V43/><F131/><N who="3" m="50219" /><G99/><T115/><D115/><U66/><E66/><V3/><F129/><W86/><G86/><T60/><D98/><U47/><E47/><V80/><F85/><W127/><G112/><T68/><D96/><U76/><E76/><V13/><F78/><W126/><G71/><T93/><D68/><U117/><E117/><V94/><F69/><W12/><G12/><AGARI ba="0,1" hai="1,5,10,12,16,20,55,56,62,84,89,95,133,134" machi="12" ten="40,2600,0" yaku="1,1,54,1,53,0" doraHai="110" doraHaiUra="44" who="1" fromWho="3" sc="230,0,230,36,330,0,200,-26" owari="230,-17.0,266,6.6,330,43.0,174,-32.6" /></mjloggm>