<mjloggm ver="2.3"><GO type="225" lobby="0"/><UN n0="%E3%81%8B%E3%82%8F%E3%81%A1%E3%82%83%E3%82%93%35%38" n1="%E3%81%BF%E3%81%BF%E3%81%9A" n2="%E3%82%8F%E3%81%8B%E3%81%B0%2A%E3%82%AC%E3%83%BC%E3%83%AB" n3="%E3%81%93%E3%81%9F%E3%82%8D%E3%81%86%E3%81%8F%E3%82%93" dan="16,17,16,16" rate="2145.64,2272.74,2214.26,2070.83" sx="M,M,M,M"/><TAIKYOKU oya="0"/><INIT seed="0,0,0,3,1,78" ten="250,250,250,250" oya="0" hai0="16,25,109,24,113,76,91,64,133,22,51,36,17" hai1="106,27,85,18,62,26,52,34,21,115,83,48,9" hai2="103,13,107,111,56,86,50,121,100,68,120,65,57" hai3="81,69,101,132,6,66,45,131,5,53,7,105,98"/><T40/><D113/><U15/><E106/><V87/><F68/><W135/><G131/><T124/><D124/><U119/><E119/><V61/><F111/><W72/><G53/><T92/><D133/><N who="3" m="51273" /><G45/><T3/><D3/><U123/><E123/><V58/><F107/><W112/><G112/><T122/><D122/><U46/><E115/><V89/><F120/><W4/><N who="3" m="1024" /><DORA hai="125" /><W96/><G96/><T99/><D109/><U84/><E34/><V126/><F126/><W108/><G108/><T71/><D36/><U73/><E73/><V60/><F50/><W19/><G19/><T29/><D51/><U94/><E21/><V88/><F13/><W37/><G37/><T104/><D40/><U43/><E84/><V79/><F79/><N who="3" m="44263" /><G66/><T75/><D17/><U74/><E94/><N who="2" m="54551" /><F121/><W8/><G8/><T14/><D104/><U10/><E9/><V128/><F128/><W93/><G93/><T12/><D75/><U2/><E74/><V127/><F127/><W129/><G69/><T77/><D64/><U35/><E35/><V44/><F44/><W32/><G129/><T114/><D71/><U31/><E2/><V130/><F130/><W42/><G32/><N who="0" m="20519" /><D114/><U28/><E31/><V117/><F117/><W11/><G11/><T20/><D20/><U95/><E95/><N who="2" m="54719" /><F65/><W59/><G42/><T116/><D116/><U134/><E28/><V70/><F70/><W82/><G82/><T39/><D39/><U0/><E134/><V67/><F67/><W63/><G63/><AGARI ba="0,0" hai="56,57,58,60,61,63,100,103" m="54719,54551" machi="63" ten="30,2000,0" yaku="8,1,54,1" doraHai="78,125" who="2" fromWho="3" sc="250,0,250,0,250,20,250,-20" /><INIT seed="1,0,0,5,2,0" ten="250,250,270,230" oya="1" hai0="74,80,110,57,23,42,102,28,104,106,59,36,39" hai1="50,38,132,93,85,133,72,82,124,61,45,37,135" hai2="53,12,95,14,29,126,117,96,24,66,111,25,31" hai3="26,13,92,119,118,3,69,33,46,123,71,47,121"/><U87/><E124/><V2/><F117/><N who="3" m="44555" /><G92/><T91/><D110/><U94/><E72/><V9/><F111/><W109/><G3/><T77/><D91/><U5/><E61/><V1/><F66/><W101/><G109/><T76/><D42/><U81/><E5/><N who="2" m="3119" /><F53/><W88/><G101/><T4/><D23/><U122/><E122/><N who="3" m="46602" /><G13/><T17/><D102/><U120/><E120/><V10/><F95/><N who="1" m="36361" /><E87/><V127/><F96/><W63/><G63/><T18/><D80/><N who="1" m="30827" /><E85/><V108/><F108/><W8/><G8/><T78/><D78/><U54/><AGARI ba="0,0" hai="37,38,45,50,54,132,133,135" m="30827,36361" machi="54" ten="40,2100,0" yaku="20,1" doraHai="0" who="1" fromWho="1" sc="250,-7,250,21,270,-7,230,-7" /><INIT seed="1,1,0,5,0,38" ten="243,271,263,223" oya="1" hai0="104,134,4,32,39,93,27,12,5,37,51,83,92" hai1="30,112,20,31,77,61,50,14,84,120,100,18,60" hai2="40,98,108,88,65,67,89,94,130,1,43,117,103" hai3="110,21,129,97,62,34,101,28,68,76,36,63,133"/><U78/><E112/><V54/><F117/><W22/><G110/><T64/><D104/><U111/><E120/><V82/><F1/><W46/><G129/><T3/><D3/><U106/><E111/><V41/><F108/><W45/><G76/><N who="1" m="29290" /><E106/><V127/><F127/><W17/><G133/><T25/><D64/><N who="2" m="24650" /><F130/><W95/><G34/><T132/><D51/><U57/><E100/><V79/><F54/><W8/><G8/><T109/><D12/><U6/><E6/><N who="0" m="2665" /><D83/><U107/><E107/><V90/><F79/><W47/><G36/><N who="0" m="13899" /><D32/><U135/><E135/><N who="0" m="51753" /><D109/><U52/><E84/><AGARI ba="1,0" hai="40,41,43,82,84,88,89,90,94,98,103" m="24650" machi="84" ten="30,8000,1" yaku="8,1,52,3,54,1" doraHai="38" who="2" fromWho="1" sc="243,0,271,-83,263,83,223,0" /><INIT seed="2,0,0,4,2,42" ten="243,188,346,223" oya="2" hai0="106,33,53,26,73,98,83,79,113,3,16,85,36" hai1="20,107,132,109,44,52,108,54,46,78,64,2,67" hai2="21,126,34,70,55,133,75,91,88,45,94,69,60" hai3="25,58,112,9,23,130,131,84,87,35,89,104,12"/><V6/><F126/><W30/><G112/><T124/><D113/><U47/><E2/><V27/><F34/><W115/><G104/><T0/><D36/><U14/><E107/><V90/><F75/><W117/><G115/><T120/><D120/><U82/><E132/><V65/><F133/><W102/><G102/><T22/><D124/><U103/><E103/><V96/><F6/><W99/><G58/><T101/><D33/><U93/><E93/><V100/><F70/><W49/><G49/><T37/><D37/><U41/><E41/><V77/><F77/><W5/><G117/><T63/><D63/><U123/><E123/><V19/><F55/><N who="1" m="21033" /><E14/><V68/><F68/><W128/><G99/><T32/><D32/><U92/><E20/><V125/><F125/><W110/><G110/><N who="1" m="42602" /><E92/><V114/><F114/><W74/><G74/><AGARI ba="0,0" hai="44,46,47,64,67,74,78,82" m="42602,21033" machi="74" ten="30,8000,1" yaku="14,1,52,3,54,1" doraHai="42" who="1" fromWho="3" sc="243,0,188,80,346,0,223,-80" /><INIT seed="3,0,0,5,3,78" ten="243,268,346,143" oya="3" hai0="100,20,92,15,37,38,69,120,132,44,52,114,70" hai1="34,85,64,49,101,68,60,65,128,16,67,57,5" hai2="122,103,87,45,4,12,89,83,113,72,59,56,106" hai3="108,117,134,76,119,7,10,127,22,88,74,95,23"/><W50/><G127/><T111/><D120/><U116/><E34/><V13/><F113/><W131/><G131/><T28/><D114/><U66/><E128/><V130/><F130/><W129/><G129/><T47/><D111/><U61/><E116/><V29/><F72/><W26/><G108/><T125/><D125/><U18/><E5/><V8/><F122/><W102/><G102/><T109/><D109/><U86/><E101/><V42/><F29/><W135/><G50/><T104/><D104/><U33/><E33/><V0/><F0/><W107/><G107/><T81/><D70/><U105/><E105/><V53/><F13/><W54/><G54/><T118/><D69/><U110/><E110/><V39/><F53/><W27/><G76/><T71/><D71/><U30/><E30/><V82/><F82/><W123/><G74/><T40/><D118/><N who="3" m="45065" /><G88/><T112/><D112/><U24/><E24/><N who="3" m="9258" /><G95/><T35/><D92/><U21/><E21/><N who="3" m="7690" /><G123/><T133/><D100/><U90/><E86/><V96/><AGARI ba="0,0" hai="4,8,12,39,42,45,56,59,83,87,89,96,103,106" machi="96" ten="30,2000,0" yaku="0,1,52,1" doraHai="78" who="2" fromWho="2" sc="243,-5,268,-5,346,20,143,-10" owari="238,-16.2,263,6.3,366,46.6,133,-36.7" /></mjloggm>