<mjloggm ver="2.3"><GO type="225" lobby="0"/><UN n0="%E5%91%A8%E6%9D%B1" n1="%4B%2E%32%2E%4B%2E" n2="%4C%4F%4C%49%54%41" n3="%E3%81%8B%E3%82%8F%E3%81%A1%E3%82%83%E3%82%93%35%38" dan="16,17,16,16" rate="2188.52,2152.46,2095.88,2147.12" sx="M,M,F,M"/><TAIKYOKU oya="0"/><INIT seed="0,0,0,0,1,52" ten="250,250,250,250" oya="0" hai0="65,87,60,123,96,93,38,98,128,69,15,89,115" hai1="36,110,62,104,131,120,111,75,80,28,2,26,68" hai2="76,40,132,119,85,94,30,29,90,72,31,79,5" hai3="63,92,57,45,18,58,48,106,64,44,66,70,39"/><T97/><D123/><U0/><E120/><V35/><F132/><W101/><G106/><T81/><D115/><U100/><E36/><V50/><F119/><W95/><G101/><T78/><D38/><U25/><E131/><V112/><F112/><W59/><G18/><T129/><REACH who="0" step="1"/><D15/><REACH who="0" ten="240,250,250,250" step="2"/><U122/><E122/><V77/><F35/><W83/><G83/><T55/><D55/><U113/><E80/><V134/><F134/><W49/><G95/><T71/><D71/><U102/><E68/><V99/><F94/><W33/><G92/><T34/><D34/><U32/><E32/><V124/><F40/><N who="3" m="22559" /><G33/><T53/><D53/><U109/><E113/><V47/><F72/><AGARI ba="0,1" hai="60,65,69,72,78,81,87,89,93,96,97,98,128,129" machi="72" ten="40,3900,0" yaku="1,1,53,1" doraHai="52" doraHaiUra="56" who="0" fromWho="2" sc="240,49,250,0,250,-39,250,0" /><INIT seed="0,1,0,0,5,93" ten="289,250,211,250" oya="0" hai0="83,27,71,94,67,25,115,126,68,24,100,41,122" hai1="106,111,118,121,31,132,90,58,36,61,50,55,26" hai2="76,88,18,13,112,123,7,21,81,130,33,102,14" hai3="73,2,120,117,19,45,107,34,54,35,48,38,17"/><T15/><D122/><U131/><E118/><V99/><F123/><W66/><G120/><T37/><D115/><U119/><E119/><V82/><F33/><W84/><G117/><T1/><D1/><U105/><E121/><V28/><F112/><W124/><G73/><T77/><D126/><U127/><E36/><V60/><F130/><W0/><G107/><T30/><D15/><U5/><E131/><V22/><F60/><W57/><G124/><T29/><D41/><U9/><E127/><V64/><F64/><W39/><G39/><T134/><D37/><U116/><E116/><V4/><F82/><W79/><G34/><T97/><D134/><U12/><E111/><V3/><F3/><W125/><G35/><T43/><D43/><U70/><E90/><V49/><F49/><W11/><G125/><T96/><D96/><U69/><E132/><V16/><F28/><W101/><G0/><T80/><D80/><U91/><E91/><V109/><F109/><W75/><G75/><T44/><D44/><U103/><E50/><V42/><F42/><W135/><G135/><T113/><D113/><U32/><REACH who="1" step="1"/><E106/><REACH who="1" ten="289,240,211,250" step="2"/><V6/><F88/><W128/><G128/><T8/><D77/><U98/><AGARI ba="1,1" hai="5,9,12,26,31,32,55,58,61,69,70,98,103,105" machi="98" ten="30,7900,0" yaku="1,1,2,1,0,1,52,1,53,0" doraHai="93" doraHaiUra="108" who="1" fromWho="1" sc="289,-40,240,92,211,-21,250,-21" /><INIT seed="1,0,0,4,0,72" ten="249,332,190,229" oya="1" hai0="111,1,91,132,124,23,108,100,126,0,61,109,130" hai1="30,42,56,97,88,135,48,104,131,70,46,112,36" hai2="78,14,102,68,39,51,77,20,5,35,64,62,107" hai3="105,26,125,118,43,58,15,27,81,123,119,38,103"/><U16/><E112/><V53/><F35/><W95/><G123/><T25/><D100/><U24/><E70/><V96/><F39/><W93/><G125/><N who="0" m="48235" /><D61/><U106/><E131/><V7/><F20/><W32/><G81/><T86/><D130/><U120/><E120/><V122/><F122/><W66/><G15/><T134/><D91/><U85/><E135/><N who="0" m="51753" /><D86/><U49/><E97/><V11/><REACH who="2" step="1"/><F7/><REACH who="2" ten="249,332,180,229" step="2"/><W60/><G32/><T22/><D22/><U18/><E36/><V114/><F114/><W117/><G38/><T115/><D115/><U129/><E129/><V6/><F6/><W17/><G119/><T83/><D83/><U21/><E21/><V57/><AGARI ba="0,1" hai="5,11,14,51,53,57,62,64,68,77,78,96,102,107" machi="57" ten="20,8000,1" yaku="1,1,0,1,7,1,52,2,53,0" doraHai="72" doraHaiUra="29" who="2" fromWho="2" sc="249,-20,332,-40,180,90,229,-20" /><INIT seed="2,0,0,1,4,128" ten="229,292,270,209" oya="2" hai0="21,105,41,113,50,10,76,77,135,111,33,62,23" hai1="26,129,79,29,20,12,7,66,57,116,22,100,0" hai2="118,31,127,123,110,51,65,32,64,73,109,40,126" hai3="131,92,102,59,84,99,2,37,91,63,108,98,30"/><V11/><F118/><W106/><G108/><N who="2" m="41577" /><F73/><W107/><G131/><T133/><D33/><U117/><E0/><V82/><F123/><W3/><G37/><T112/><D105/><U119/><E129/><V39/><F82/><W42/><G42/><T96/><D96/><U4/><E79/><N who="0" m="30281" /><D111/><U25/><E100/><V125/><F39/><W1/><G30/><T115/><D62/><U60/><REACH who="1" step="1"/><E12/><REACH who="1" ten="229,282,270,209" step="2"/><V49/><F125/><W80/><REACH who="3" step="1"/><G99/><REACH who="3" ten="229,282,270,199" step="2"/><T48/><D115/><U15/><E15/><V85/><F126/><W130/><G130/><T61/><D113/><U27/><E27/><V56/><F127/><W90/><G90/><T18/><D112/><U35/><E35/><V120/><F32/><W122/><G122/><T55/><D41/><U19/><AGARI ba="0,2" hai="4,7,19,20,22,25,26,29,57,60,66,116,117,119" machi="19" ten="30,2000,0" yaku="1,1,0,1,53,0" doraHai="128" doraHaiUra="69" who="1" fromWho="1" sc="229,-5,282,40,270,-10,199,-5" /><INIT seed="3,0,0,1,5,20" ten="224,322,260,194" oya="3" hai0="81,33,118,87,64,57,93,21,47,36,48,67,68" hai1="35,9,131,52,54,34,116,45,38,73,89,2,3" hai2="103,102,71,130,24,115,23,122,30,55,15,17,63" hai3="108,58,120,99,133,41,77,70,125,132,112,29,97"/><W128/><G70/><T110/><D33/><U50/><E116/><V32/><F115/><W37/><G112/><T107/><D107/><U114/><E114/><V100/><F130/><W61/><G120/><T106/><D106/><U42/><E131/><V60/><F122/><W75/><G128/><T69/><D118/><U5/><E2/><V83/><F71/><W85/><G75/><T86/><D110/><U11/><E11/><N who="2" m="6399" /><F32/><W90/><G77/><T44/><D36/><U14/><E89/><V8/><F8/><W88/><G125/><T65/><D69/><U76/><E14/><V39/><F39/><W82/><G108/><T127/><D21/><U31/><E31/><V51/><F83/><W7/><G7/><T4/><D4/><U84/><E84/><V40/><F40/><W72/><G72/><T124/><D68/><U10/><E10/><V27/><F27/><W49/><G37/><T126/><D93/><U16/><E16/><V109/><F109/><W129/><G129/><T26/><D26/><U113/><E113/><V91/><F91/><W123/><G123/><T96/><D96/><N who="3" m="36937" /><G90/><N who="0" m="51535" /><D87/><U79/><E54/><AGARI ba="0,0" hai="44,47,48,54,57,64,65,67,124,126,127" m="51535" machi="54" ten="40,1300,0" yaku="18,1" doraHai="20" who="0" fromWho="1" sc="224,13,322,-13,260,0,194,0" owari="237,-16.3,309,40.9,260,6.0,194,-30.6" /></mjloggm>