<mjloggm ver="2.3"><GO type="225" lobby="0"/><UN n0="%E8%81%B7%E6%A5%AD%E3%80%81%E9%A2%A8%32" n1="%E5%B0%8F%E9%B3%A5%E9%81%8A%E7%B7%B4%E7%84%A1%32%31%E6%AD%B3" n2="%E6%9D%B1%E9%A2%A8%E3%81%AE%E3%81%8D%E3%82%83%E3%81%B7%E3%81%95%E3%82%93" n3="%40%77%61%6B%61" dan="16,16,16,16" rate="2155.48,2180.44,2121.26,2101.88" sx="M,F,M,M"/><TAIKYOKU oya="0"/><INIT seed="0,0,0,3,2,4" ten="250,250,250,250" oya="0" hai0="66,21,132,37,69,54,112,5,3,106,43,23,91" hai1="28,11,2,80,85,82,79,10,50,98,122,95,96" hai2="52,59,72,13,90,120,39,83,35,9,55,40,78" hai3="46,61,134,97,64,25,126,109,125,113,32,114,94"/><T15/><D112/><U26/><E2/><V58/><F35/><W81/><G46/><T110/><D106/><U12/><E122/><V34/><F34/><W41/><G41/><T44/><D132/><U67/><E67/><V115/><F115/><W16/><G134/><T133/><D133/><U124/><E124/><N who="3" m="47722" /><G109/><T127/><D127/><U111/><E111/><V84/><F120/><W100/><G81/><T119/><D110/><U60/><E82/><V8/><F39/><W117/><G117/><T17/><D119/><U102/><E60/><N who="2" m="35911" /><F40/><W22/><G32/><T130/><D130/><U131/><E131/><V108/><F108/><W103/><G103/><T49/><D91/><U30/><E98/><V135/><F135/><W116/><G116/><T63/><D3/><U65/><E65/><V24/><F72/><W62/><G62/><T123/><D123/><U105/><E105/><V87/><F24/><W73/><G73/><T77/><D77/><U0/><E26/><V51/><F13/><W118/><G118/><T31/><D31/><N who="1" m="11819" /><E12/><V68/><F68/><AGARI ba="0,0" hai="16,22,25,61,64,68,94,97,100,113,114" m="47722" machi="68" ten="30,2000,0" yaku="18,1,54,1" doraHai="4" who="3" fromWho="2" sc="250,0,250,0,250,-20,250,20" /><INIT seed="1,0,0,5,4,122" ten="250,250,230,270" oya="1" hai0="109,29,78,39,2,0,91,72,102,27,75,113,119" hai1="43,124,36,9,83,112,89,118,33,130,49,64,107" hai2="129,103,13,55,80,23,5,104,74,51,47,41,31" hai3="57,132,26,92,50,99,69,44,59,56,66,96,62"/><U116/><E112/><V42/><F129/><W11/><G132/><T97/><D113/><U84/><E130/><V71/><F71/><W15/><G26/><T81/><D75/><U18/><E36/><V77/><F104/><W8/><G8/><T60/><D119/><U108/><E107/><V16/><F103/><W1/><G1/><T95/><D39/><U127/><E64/><V93/><F93/><W54/><REACH who="3" step="1"/><G92/><REACH who="3" ten="250,250,230,260" step="2"/><T120/><D120/><U86/><E118/><V63/><F5/><AGARI ba="0,1" hai="5,11,15,44,50,54,56,57,59,62,66,69,96,99" machi="5" ten="40,2600,0" yaku="1,1,2,1,53,0" doraHai="122" doraHaiUra="115" who="3" fromWho="2" sc="250,0,250,0,230,-26,260,36" /><INIT seed="2,0,0,4,4,96" ten="250,250,204,296" oya="2" hai0="125,19,47,82,48,29,13,51,93,15,26,127,132" hai1="59,83,11,49,34,1,66,18,64,76,20,52,118" hai2="62,56,112,46,37,100,88,69,41,2,50,25,36" hai3="71,120,121,68,16,75,117,111,63,135,123,97,94"/><V84/><F112/><W3/><G75/><T116/><D132/><U104/><E34/><V124/><F2/><W24/><G117/><T87/><D116/><U129/><E129/><V108/><F69/><W14/><G3/><T32/><D93/><U90/><E90/><V77/><F77/><W79/><G135/><T9/><D15/><U61/><E104/><V30/><F124/><N who="0" m="47690" /><D47/><U43/><E118/><V98/><F108/><W8/><G111/><T78/><AGARI ba="0,0" hai="9,13,19,26,29,32,48,51,78,82,87" m="47690" machi="78" ten="30,1100,0" yaku="18,1" doraHai="96" who="0" fromWho="0" sc="250,11,250,-3,204,-5,296,-3" /><INIT seed="3,0,0,0,1,92" ten="261,247,199,293" oya="3" hai0="30,5,62,48,35,15,55,69,76,68,0,88,104" hai1="40,112,17,63,107,10,83,58,31,122,101,105,4" hai2="44,50,120,22,96,110,91,7,3,34,72,28,56" hai3="103,128,90,74,134,11,99,86,16,93,18,115,41"/><W71/><G115/><T25/><D104/><U59/><E122/><V95/><F72/><W108/><G71/><T37/><D37/><U73/><E31/><V60/><F34/><W81/><G128/><T19/><D76/><U118/><E112/><V49/><F120/><W133/><G108/><T106/><D106/><U12/><E40/><V135/><F135/><N who="3" m="51723" /><G41/><T64/><D68/><U123/><E123/><V65/><F110/><W111/><G111/><T27/><D27/><U14/><E58/><V116/><F116/><W67/><G67/><T127/><D127/><U82/><E73/><V131/><F131/><W21/><G11/><T126/><D126/><U2/><E107/><V9/><REACH who="2" step="1"/><F44/><REACH who="2" ten="261,247,189,293" step="2"/><W124/><G124/><T57/><D35/><U26/><E118/><V51/><F51/><W38/><G38/><T130/><D48/><U125/><E125/><V42/><F42/><W102/><G74/><T45/><D45/><U84/><E2/><V80/><F80/><W94/><G21/><T89/><D0/><U29/><E82/><V87/><F87/><W78/><G78/><T98/><D130/><U46/><E46/><V36/><F36/><W52/><G81/><T32/><D32/><U77/><E84/><V13/><F13/><W113/><G113/><T20/><D15/><U66/><E83/><V54/><F54/><W33/><G33/><T61/><D55/><U97/><E77/><V85/><F85/><W23/><G23/><T117/><D20/><N who="1" m="15559" /><E14/><V75/><F75/><W114/><G114/><T43/><D43/><U8/><E8/><V132/><F132/><RYUUKYOKU ba="0,1" sc="261,-15,247,15,189,15,293,-15" hai1="4,10,12,17,59,63,66,97,101,105" hai2="3,7,9,22,28,49,50,56,60,65,91,95,96" /><INIT seed="4,1,1,2,2,45" ten="246,262,204,278" oya="0" hai0="114,63,25,68,64,112,113,31,86,103,46,60,56" hai1="44,30,29,91,108,115,89,135,105,87,124,116,121" hai2="77,37,94,47,79,50,123,39,90,14,128,4,49" hai3="126,22,117,40,2,33,70,28,61,9,20,34,59"/><T21/><D103/><U104/><E116/><V27/><F123/><W96/><G117/><T0/><D0/><U53/><E108/><V93/><F128/><W54/><G40/><T92/><D46/><U99/><E121/><V125/><F125/><W83/><G126/><T38/><D38/><U133/><E124/><V11/><F39/><W101/><G70/><T95/><REACH who="0" step="1"/><D86/><REACH who="0" ten="236,262,204,278" step="2"/><U42/><E87/><N who="2" m="52447" /><F37/><W131/><G101/><T130/><D130/><U32/><E44/><V36/><F36/><W82/><G131/><T85/><D85/><U52/><E99/><V109/><F47/><W88/><G2/><T48/><D48/><N who="2" m="18538" /><F109/><W51/><G51/><T24/><D24/><U127/><E127/><V6/><F27/><W84/><G84/><T7/><D7/><N who="2" m="2602" /><F94/><W74/><G74/><T58/><D58/><U35/><E42/><V80/><F80/><W26/><G83/><T18/><D18/><AGARI ba="1,2" hai="11,14,18,77,79" m="2602,18538,52447" machi="18" ten="30,7700,0" yaku="8,1,52,3" doraHai="45" who="2" fromWho="0" sc="236,-80,262,0,204,100,278,0" owari="156,-34.4,262,-13.8,304,40.4,278,7.8" /></mjloggm>