<mjloggm ver="2.3"><GO type="225" lobby="0"/><UN n0="%70%68%65%6E%6F%6D%65" n1="%E5%A4%8F%E9%88%B4%E9%88%B4%E5%A4%8F" n2="%E9%B3%B3%E6%9D%B1%E3%81%AE%E3%81%86%E3%81%95%E3%81%8E%E3%81%95%E3%82%93" n3="%41%6F%54" dan="16,16,17,16" rate="2141.82,2113.26,2188.08,2085.84" sx="M,F,M,M"/><TAIKYOKU oya="0"/><INIT seed="0,0,0,2,0,114" ten="250,250,250,250" oya="0" hai0="9,8,111,41,68,90,131,94,104,135,61,4,100" hai1="102,6,127,134,17,86,72,14,108,89,46,70,101" hai2="42,87,82,58,123,126,5,83,91,81,33,132,24" hai3="76,98,39,63,44,66,55,16,0,118,79,11,64"/><T31/><D131/><U119/><E119/><V125/><F123/><W32/><G32/><T88/><D135/><U129/><E108/><V49/><F5/><W106/><G118/><T45/><D111/><U85/><E129/><V34/><F132/><W113/><G113/><T13/><D31/><U48/><E134/><V93/><F24/><W52/><G0/><T124/><D124/><N who="2" m="47722" /><F58/><N who="3" m="35271" /><G106/><T54/><D104/><U1/><E72/><V78/><F78/><N who="3" m="29739" /><G98/><N who="0" m="59479" /><D68/><U7/><E70/><V53/><F53/><W60/><G39/><T23/><D9/><U15/><E1/><V22/><F22/><W50/><G60/><T12/><D41/><U71/><E71/><V35/><F42/><W73/><G73/><T62/><D61/><U25/><E127/><V28/><F49/><W121/><G121/><T103/><D103/><U133/><E133/><V109/><F109/><W43/><G43/><T21/><D62/><U19/><E48/><V10/><F10/><W26/><G26/><T29/><D21/><U92/><E25/><V110/><F110/><W95/><G95/><T80/><D80/><U2/><E2/><V36/><F36/><W75/><G75/><T99/><D99/><U130/><E130/><V120/><F120/><W65/><G65/><T97/><D97/><U77/><E77/><V20/><F20/><W18/><G11/><T27/><D13/><U128/><E128/><V30/><AGARI ba="0,0" hai="28,30,33,34,35,81,82,83,87,91,93" m="47722" machi="30" ten="40,1500,0" yaku="18,1" doraHai="114" who="2" fromWho="2" sc="250,-7,250,-4,250,15,250,-4" /><INIT seed="1,0,0,1,4,74" ten="243,246,265,246" oya="1" hai0="31,21,128,129,69,26,56,78,131,118,119,64,102" hai1="125,92,9,70,104,116,49,130,75,65,46,34,38" hai2="127,71,39,62,2,117,85,84,18,90,111,28,114" hai3="73,5,87,77,91,61,58,80,66,7,14,86,25"/><U113/><RYUUKYOKU type="yao9" ba="0,0" sc="243,0,246,0,265,0,246,0" hai1="9,34,38,46,49,65,70,75,92,104,113,116,125,130" /><INIT seed="1,1,0,5,2,78" ten="243,246,265,246" oya="1" hai0="104,13,102,131,101,92,97,45,35,98,127,5,32" hai1="48,64,90,20,121,113,95,28,82,133,41,16,116" hai2="61,89,118,87,119,12,38,15,112,105,117,47,24" hai3="43,60,21,14,30,111,50,23,57,115,54,44,134"/><U107/><E121/><V37/><F105/><W86/><G115/><T1/><D127/><U114/><E116/><V29/><F112/><W63/><G111/><T40/><D1/><U31/><E133/><V49/><F61/><W33/><G134/><T52/><D131/><U75/><E107/><V109/><F109/><W77/><G33/><T4/><D52/><U110/><E110/><V58/><F58/><W17/><G60/><T106/><D92/><U125/><E64/><V72/><F72/><W10/><REACH who="3" step="1"/><G30/><REACH who="3" ten="243,246,265,236" step="2"/><T122/><D122/><U65/><E125/><V2/><F119/><W128/><G128/><T67/><D67/><U108/><E108/><V27/><F29/><W34/><G34/><T79/><D35/><U18/><E28/><V85/><F118/><W59/><G59/><T73/><D32/><U3/><E114/><V11/><F117/><W130/><G130/><T7/><D45/><U25/><E113/><V69/><F47/><W53/><G53/><T129/><D129/><U74/><E65/><V68/><F68/><W120/><G120/><T123/><D123/><U96/><E3/><V84/><F69/><W26/><G26/><T132/><D132/><U88/><E75/><V99/><F24/><W94/><G94/><T51/><D104/><U83/><E74/><V126/><F27/><W46/><G46/><N who="0" m="26055" /><D73/><U39/><E31/><V9/><F126/><W91/><G91/><T62/><D62/><U93/><E90/><V66/><F89/><W0/><G0/><T8/><D79/><U103/><E95/><V56/><F2/><W80/><AGARI ba="1,1" hai="10,14,17,21,23,43,44,50,54,57,63,77,80,86" machi="80" ten="30,8000,1" yaku="1,1,5,1,0,1,8,1,52,1,53,0" doraHai="78" doraHaiUra="100" who="3" fromWho="3" sc="243,-21,246,-41,265,-21,236,93" /><INIT seed="2,0,0,3,5,83" ten="222,205,244,329" oya="2" hai0="64,124,2,27,16,3,35,4,23,125,21,22,107" hai1="127,11,105,50,121,63,58,19,67,71,43,13,96" hai2="119,52,74,62,100,82,65,129,81,47,90,33,88" hai3="15,132,7,41,36,17,80,42,113,66,26,84,29"/><V94/><F119/><W123/><G123/><T75/><D107/><U46/><E121/><V86/><F33/><W77/><G132/><T120/><D64/><U79/><E127/><N who="0" m="48713" /><D75/><U103/><REACH who="1" step="1"/><E79/><REACH who="1" ten="222,195,244,329" step="2"/><V48/><F129/><W44/><G77/><T49/><D120/><U95/><E95/><N who="2" m="54679" /><F74/><W37/><G113/><T76/><D76/><U51/><E51/><V104/><F104/><W55/><G36/><T70/><D49/><U89/><E89/><V91/><F91/><W93/><G93/><T102/><D102/><U115/><E115/><V128/><F100/><W111/><G37/><T87/><D70/><AGARI ba="0,1" hai="11,13,19,43,46,50,58,63,67,70,71,96,103,105" machi="70" ten="40,1300,0" yaku="1,1,53,0" doraHai="83" doraHaiUra="109" who="1" fromWho="0" sc="222,-13,195,23,244,0,329,0" /><INIT seed="3,0,0,3,3,79" ten="209,218,244,329" oya="3" hai0="58,52,112,109,125,67,80,119,49,122,90,34,71" hai1="114,135,69,21,93,4,128,37,60,76,29,66,45" hai2="26,118,56,62,13,54,22,25,74,82,117,23,36" hai3="100,111,50,94,127,30,73,121,63,72,43,55,88"/><W83/><G121/><T113/><D122/><U96/><E114/><N who="0" m="44137" /><D119/><U12/><E128/><V101/><F36/><W35/><G127/><T106/><D125/><U107/><E135/><V17/><F101/><W99/><G111/><T5/><D109/><U59/><E107/><V1/><F1/><W14/><G35/><T61/><D34/><U41/><E76/><V85/><F74/><W70/><G30/><T81/><D106/><U42/><E42/><V97/><F97/><W92/><G14/><T102/><D102/><U16/><E4/><V116/><REACH who="2" step="1"/><F22/><REACH who="2" ten="209,218,234,329" step="2"/><W18/><G99/><T105/><D105/><U27/><E69/><V8/><F8/><W126/><G100/><T31/><D31/><U108/><E108/><V53/><F53/><W32/><G55/><T115/><N who="0" m="44145" /><T20/><DORA hai="3" /><D5/><U75/><E75/><V7/><F7/><W129/><G73/><T0/><D0/><U98/><REACH who="1" step="1"/><E93/><REACH who="1" ten="209,208,234,329" step="2"/><V44/><F44/><W51/><G92/><T132/><D132/><U91/><E91/><AGARI ba="0,2" hai="13,17,23,25,26,54,56,62,82,85,91,116,117,118" machi="91" ten="40,5200,0" yaku="1,1,52,1,53,1" doraHai="79,3" doraHaiUra="40,9" who="2" fromWho="1" sc="209,0,208,-52,234,72,329,0" owari="209,-19.1,156,-34.4,306,10.6,329,42.9" /></mjloggm>