<mjloggm ver="2.3"><GO type="225" lobby="0"/><UN n0="%E6%A1%9C%E8%8A%B1%E9%96%83%E3%80%85" n1="%E3%83%B4%E3%82%A3%E3%83%AF%E3%82%B3%E3%82%B0%E3%83%8B" n2="%E3%81%BF%E3%81%BF%E3%81%9A" n3="%E3%83%81%E3%83%A7%E3%83%99%E3%83%83%E3%82%AF" dan="16,17,18,16" rate="2161.16,2205.35,2247.71,2071.89" sx="M,M,M,M"/><TAIKYOKU oya="0"/><INIT seed="0,0,0,5,4,47" ten="250,250,250,250" oya="0" hai0="89,85,25,122,83,45,106,120,21,42,112,23,99" hai1="74,64,20,125,29,78,71,2,91,134,51,97,80" hai2="63,98,60,110,117,88,73,94,124,11,123,19,6" hai3="126,103,28,34,72,118,66,116,70,7,58,114,65"/><T40/><D112/><U22/><E134/><V17/><F123/><W12/><G114/><T113/><D113/><U93/><E125/><V128/><F73/><W54/><G72/><T131/><D131/><U15/><E2/><V49/><F128/><W14/><G103/><T111/><D111/><U0/><E0/><V115/><F115/><W43/><G126/><T56/><D56/><U52/><E29/><V81/><F124/><W41/><G28/><T100/><D42/><N who="3" m="15881" /><G7/><T46/><D46/><U57/><REACH who="1" step="1"/><E15/><REACH who="1" ten="250,240,250,250" step="2"/><N who="2" m="5623" /><F110/><W31/><G12/><T16/><REACH who="0" step="1"/><D23/><REACH who="0" ten="240,240,250,250" step="2"/><U68/><E68/><V4/><F117/><W38/><G70/><T96/><D96/><U53/><E53/><V24/><F98/><W36/><G54/><T33/><D33/><U27/><E27/><V90/><F24/><W76/><G34/><T86/><D86/><U135/><E135/><V101/><F4/><W26/><G26/><T104/><D104/><U79/><E79/><V129/><F129/><W44/><G76/><T35/><D35/><U39/><E39/><AGARI ba="0,2" hai="16,21,25,39,40,45,83,85,89,99,100,106,120,122" machi="39" ten="30,5800,0" yaku="1,1,7,1,54,1,53,0" doraHai="47" doraHaiUra="30" who="0" fromWho="1" sc="240,78,240,-58,250,0,250,0" /><INIT seed="0,1,0,5,2,102" ten="318,182,250,250" oya="0" hai0="113,78,109,115,63,45,16,67,80,117,37,47,8" hai1="94,126,1,46,98,134,48,52,81,44,131,31,105" hai2="57,89,14,127,15,108,103,40,19,118,79,30,12" hai3="27,32,72,129,112,25,76,135,55,18,39,85,101"/><T7/><D117/><U28/><E131/><V83/><F118/><W123/><G112/><T2/><D109/><U51/><E126/><V119/><F119/><W11/><G39/><T128/><D128/><U17/><E134/><V88/><F108/><W77/><G72/><T22/><D45/><U60/><E1/><V93/><F127/><W6/><G135/><T74/><D63/><U4/><E4/><V111/><F111/><W0/><G101/><T59/><D59/><U86/><E105/><V24/><F40/><W90/><G123/><T110/><D67/><U121/><E17/><V26/><F19/><W92/><G129/><T124/><D124/><U96/><E60/><V91/><F57/><W100/><G25/><N who="0" m="14535" /><D110/><U132/><E121/><V65/><F65/><W71/><G71/><T56/><D56/><U49/><E132/><V42/><F42/><AGARI ba="1,0" hai="2,7,8,37,42,47,74,78,80,113,115" m="14535" machi="42" ten="30,2900,0" yaku="25,1,54,1" doraHai="102" who="0" fromWho="2" sc="318,32,182,0,250,-32,250,0" /><INIT seed="0,2,0,3,0,54" ten="350,182,218,250" oya="0" hai0="14,58,92,27,9,30,101,39,24,34,123,132,117" hai1="4,32,84,59,43,29,100,52,91,37,110,38,90" hai2="99,28,83,121,102,50,104,95,73,44,78,109,85" hai3="119,116,103,65,36,77,133,69,126,0,122,51,70"/><T16/><D117/><N who="3" m="45129" /><G103/><T125/><D123/><U49/><E110/><V87/><F109/><W108/><G77/><T46/><D125/><U47/><E100/><V19/><F121/><W127/><G0/><T71/><D132/><U64/><E64/><V88/><F28/><W45/><G108/><T97/><D71/><N who="3" m="27145" /><G122/><T66/><D27/><U41/><E4/><V79/><F19/><W10/><G10/><T62/><D46/><U26/><E41/><V25/><F25/><W17/><G17/><T111/><D111/><U134/><E134/><V55/><REACH who="2" step="1"/><F78/><REACH who="2" ten="350,182,208,250" step="2"/><W1/><G133/><T56/><D39/><U3/><E3/><V31/><F31/><W115/><G1/><T75/><D75/><AGARI ba="2,1" hai="44,50,55,73,75,79,83,85,87,88,95,99,102,104" machi="75" ten="40,2600,0" yaku="1,1,54,1,53,0" doraHai="54" doraHaiUra="11" who="2" fromWho="0" sc="350,-32,182,0,208,42,250,0" /><INIT seed="1,0,0,5,4,118" ten="318,182,250,250" oya="1" hai0="122,12,49,54,117,70,104,56,75,20,42,29,6" hai1="60,102,69,71,17,110,53,11,87,37,135,63,4" hai2="108,15,47,84,128,92,52,124,40,126,79,14,10" hai3="48,9,5,103,38,101,13,127,8,74,99,0,95"/><U76/><E37/><V112/><F108/><W66/><G38/><T86/><D117/><U3/><E135/><V64/><F64/><W105/><G74/><T82/><D104/><U113/><E113/><V72/><F72/><W106/><G127/><N who="2" m="48681" /><F112/><W93/><G66/><T88/><D70/><U132/><E132/><V25/><F128/><W24/><G24/><N who="0" m="16519" /><D75/><U62/><E110/><V116/><F116/><W41/><G41/><T89/><D122/><U130/><E130/><V21/><F52/><W119/><G119/><T123/><D123/><U109/><E109/><V120/><F120/><W115/><G48/><T77/><D42/><U28/><E28/><N who="2" m="17455" /><F10/><AGARI ba="0,0" hai="6,10,12,49,54,56,77,82,86,88,89" m="16519" machi="10" ten="30,2000,0" yaku="8,1,54,1" doraHai="118" who="0" fromWho="2" sc="318,20,182,0,250,-20,250,0" /><INIT seed="2,0,0,3,2,18" ten="338,182,230,250" oya="2" hai0="34,44,115,75,74,109,133,120,36,3,101,122,0" hai1="99,7,128,106,121,98,118,4,15,64,54,92,46" hai2="87,114,35,90,72,126,102,29,105,47,116,69,65" hai3="2,71,59,8,76,14,30,100,89,42,26,38,134"/><V132/><F114/><W53/><G71/><T131/><RYUUKYOKU type="yao9" ba="0,0" sc="338,0,182,0,230,0,250,0" hai0="0,3,34,36,44,74,75,101,109,115,120,122,131,133" /><INIT seed="2,1,0,4,2,134" ten="338,182,230,250" oya="2" hai0="2,24,81,110,76,79,90,18,80,68,17,86,31" hai1="46,116,49,21,87,59,39,40,123,45,69,30,71" hai2="66,27,98,105,135,104,65,131,35,132,42,82,62" hai3="109,58,16,97,3,101,126,84,106,94,85,119,133"/><V118/><F118/><W25/><G3/><T125/><D125/><U34/><E116/><V47/><F82/><W108/><G119/><T64/><D2/><U100/><E34/><V44/><F131/><W75/><G133/><N who="2" m="51273" /><F65/><W127/><G75/><T32/><D110/><N who="3" m="42601" /><G58/><T95/><D68/><U15/><E123/><V36/><F47/><W124/><G106/><T19/><D64/><U0/><E0/><V7/><F98/><W78/><G78/><T1/><D1/><U77/><E100/><V20/><F7/><W60/><G60/><T54/><D54/><U74/><E74/><V43/><F42/><W23/><AGARI ba="1,0" hai="16,23,25,84,85,94,97,101,124,126,127" m="42601" machi="23" ten="40,12000,2" yaku="18,1,14,1,52,3,54,1" doraHai="134" who="3" fromWho="3" sc="338,-31,182,-31,230,-61,250,123" /><INIT seed="3,0,0,3,0,57" ten="307,151,169,373" oya="3" hai0="128,20,34,65,100,51,16,8,134,39,123,126,83" hai1="14,4,111,40,32,124,11,101,52,79,93,130,1" hai2="19,135,18,10,41,59,85,116,92,54,90,49,94" hai3="110,73,95,133,103,107,67,104,88,80,82,118,56"/><W97/><G118/><T131/><D39/><U47/><E32/><V13/><F116/><W61/><G133/><T78/><D123/><U0/><E130/><V71/><F135/><W2/><G2/><T120/><D134/><U89/><E124/><V74/><F71/><W113/><G113/><T109/><D120/><U24/><E111/><V122/><F74/><W35/><G35/><T12/><D126/><U22/><E101/><V106/><F106/><W102/><G73/><T9/><D34/><U45/><E79/><V72/><F72/><W91/><G107/><T81/><D109/><U96/><E47/><N who="2" m="25839" /><F122/><W132/><G104/><T69/><D100/><U105/><E105/><V58/><F94/><W117/><G95/><T43/><D51/><U5/><E5/><N who="2" m="3279" /><F59/><W125/><G56/><T28/><D43/><U25/><E52/><V68/><F68/><W121/><G121/><T42/><D42/><U23/><E23/><V98/><F98/><W15/><G97/><T129/><D28/><U77/><E77/><V44/><F44/><W46/><G46/><T21/><D21/><U112/><E112/><V127/><F127/><W53/><G125/><T60/><REACH who="0" step="1"/><D83/><REACH who="0" ten="297,151,169,373" step="2"/><U75/><E75/><AGARI ba="0,1" hai="8,9,12,16,20,60,65,69,75,78,81,128,129,131" machi="75" ten="40,8000,1" yaku="1,1,2,1,19,1,52,1,54,1,53,0" doraHai="57" doraHaiUra="108" who="0" fromWho="1" sc="297,90,151,-80,169,0,373,0" owari="387,48.7,71,-42.9,169,-23.1,373,17.3" /></mjloggm>