<mjloggm ver="2.3"><GO type="225" lobby="0"/><UN n0="%E5%B6%BA%E4%B8%8A%E5%92%B2" n1="%28%EF%BF%A3%E2%96%BD%EF%BF%A3%29%CE%B4%E2%8C%92%E3%83%BB" n2="%E3%81%BF%E3%81%BF%E3%81%9A" n3="%E6%98%93%E5%88%A9%E8%96%A9%E4%BC%AF" dan="16,17,18,17" rate="2090.46,2293.08,2225.27,2197.26" sx="F,M,M,F"/><TAIKYOKU oya="0"/><INIT seed="0,0,0,0,4,129" ten="250,250,250,250" oya="0" hai0="36,20,112,115,38,67,52,132,53,5,108,34,47" hai1="45,43,68,125,80,114,59,76,44,55,99,101,109" hai2="96,94,113,107,14,37,70,102,78,116,24,120,33" hai3="95,8,15,3,66,12,60,7,56,64,106,128,119"/><T10/><D34/><U21/><E68/><V16/><F120/><W22/><G106/><T133/><D67/><U29/><E109/><V126/><F113/><N who="0" m="43594" /><D20/><U1/><E1/><V98/><F37/><N who="0" m="14442" /><D10/><U30/><E125/><V89/><F126/><W28/><G119/><T49/><D5/><U122/><E122/><V46/><F116/><W57/><G128/><T58/><D108/><U65/><E65/><V63/><F78/><W86/><G3/><T79/><D79/><U134/><E114/><V81/><F81/><W123/><G123/><T75/><D75/><U23/><E43/><V90/><F46/><N who="1" m="18025" /><E80/><V104/><F104/><W13/><G28/><N who="1" m="10858" /><E76/><V26/><F33/><W72/><G72/><T130/><D130/><U41/><E41/><V9/><REACH who="2" step="1"/><F90/><REACH who="2" ten="250,250,240,250" step="2"/><N who="3" m="53719" /><G22/><T62/><AGARI ba="0,1" hai="47,49,52,53,58,62,132,133" m="14442,43594" machi="62" ten="40,12000,1" yaku="34,2,52,2,54,1" doraHai="129" who="0" fromWho="0" sc="250,130,250,-40,240,-40,250,-40" /><INIT seed="0,1,0,2,5,73" ten="380,210,200,210" oya="0" hai0="36,11,102,130,117,66,44,42,24,57,38,72,61" hai1="92,113,18,119,110,0,32,51,96,129,21,126,63" hai2="34,16,23,53,58,83,46,10,122,68,105,124,118" hai3="33,17,133,31,95,59,5,120,123,15,107,13,71"/><T52/><D117/><U103/><E32/><V67/><F122/><N who="3" m="46635" /><G71/><T97/><D72/><U101/><E0/><V112/><F112/><W81/><G107/><T93/><D130/><U80/><E113/><V25/><F105/><W35/><G95/><T76/><D76/><U100/><E126/><V26/><F124/><W40/><G40/><T14/><D24/><U43/><E110/><V19/><F118/><W37/><G37/><T91/><D38/><U82/><E63/><V22/><F34/><N who="3" m="12811" /><G59/><T20/><D20/><U121/><E129/><V115/><F115/><W3/><G81/><N who="1" m="31338" /><E121/><V116/><F116/><W106/><G106/><T1/><D1/><U75/><E75/><V4/><F68/><W62/><G62/><T108/><D108/><U48/><E119/><V41/><F67/><W69/><G69/><T45/><D45/><N who="1" m="25663" /><E51/><V50/><F83/><W28/><G133/><T78/><D66/><U12/><AGARI ba="1,0" hai="12,18,21,92,96,100,101,103" m="25663,31338" machi="12" ten="30,1100,0" yaku="8,1" doraHai="73" who="1" fromWho="1" sc="380,-6,210,14,200,-4,210,-4" /><INIT seed="1,0,0,3,5,23" ten="374,224,196,206" oya="1" hai0="77,94,6,4,66,100,67,81,84,57,103,71,98" hai1="117,135,31,39,132,85,118,35,107,11,50,121,30" hai2="133,29,90,108,2,92,73,12,112,111,40,19,105" hai3="55,49,1,106,26,122,127,24,9,34,76,45,79"/><U47/><E107/><V120/><F120/><W129/><G122/><T46/><D71/><U128/><E121/><V53/><F105/><W61/><G106/><T59/><D46/><U58/><E39/><V43/><F73/><W54/><G129/><T70/><D70/><U42/><E128/><V21/><F2/><W14/><G1/><T22/><D22/><U20/><E35/><V99/><F133/><N who="1" m="51273" /><E58/><N who="0" m="22025" /><D103/><U32/><E32/><V27/><F53/><N who="3" m="29871" /><G127/><T33/><D33/><U8/><E85/><V102/><F112/><W130/><G34/><T37/><D37/><U68/><E68/><V82/><F82/><W38/><G38/><T75/><D75/><U113/><E113/><V91/><F40/><W110/><G110/><N who="2" m="42025" /><F43/><W3/><G3/><T134/><D134/><U89/><E117/><V63/><F63/><W7/><G61/><T5/><AGARI ba="0,0" hai="4,5,6,66,67,77,81,84,94,98,100" m="22025" machi="5" ten="30,1100,0" yaku="8,1" doraHai="23" who="0" fromWho="0" sc="374,11,224,-5,196,-3,206,-3" /><INIT seed="2,0,0,5,1,74" ten="385,219,193,203" oya="2" hai0="132,11,37,135,13,96,56,48,107,88,44,5,28" hai1="22,69,112,98,34,30,45,123,52,2,60,38,35" hai2="33,17,106,80,42,82,68,21,118,67,121,126,85" hai3="72,103,41,32,18,125,19,27,4,70,24,16,31"/><V7/><F118/><W127/><G72/><T20/><D37/><U57/><E2/><V94/><F121/><W61/><G41/><T8/><D56/><U134/><E123/><V26/><F106/><W131/><G103/><T66/><D66/><N who="1" m="41159" /><E112/><V93/><F126/><N who="3" m="48139" /><G70/><T117/><D117/><U40/><E134/><N who="0" m="51241" /><D11/><U114/><E114/><V39/><F33/><N who="3" m="20711" /><G61/><T46/><D48/><N who="1" m="30855" /><E98/><V99/><F39/><W105/><G105/><T87/><D96/><U47/><E47/><V102/><F42/><W129/><G4/><T89/><D107/><U3/><E3/><V55/><F55/><W50/><G50/><T64/><D89/><U29/><E29/><AGARI ba="0,0" hai="16,18,19,27,29,32,129,131" m="20711,48139" machi="29" ten="40,8000,1" yaku="18,1,34,2,54,1" doraHai="74" who="3" fromWho="1" sc="385,0,219,-80,193,0,203,80" /><INIT seed="3,0,0,0,0,4" ten="385,139,193,283" oya="3" hai0="37,13,75,85,126,32,67,108,71,21,24,86,132" hai1="70,101,5,84,6,22,7,89,120,110,48,0,87" hai2="93,103,15,100,66,115,77,43,27,129,113,19,45" hai3="11,50,8,121,55,51,42,23,82,17,53,38,20"/><W135/><G121/><T97/><D108/><U128/><E70/><V90/><F77/><W78/><G38/><T133/><D75/><U33/><E120/><V94/><F66/><W31/><G42/><T14/><D37/><U105/><E33/><V88/><F27/><N who="3" m="16871" /><G135/><N who="0" m="51787" /><D32/><U95/><E110/><V116/><F129/><W47/><G82/><T106/><D126/><U56/><E128/><V72/><F72/><W118/><G78/><T39/><D39/><U119/><E119/><V60/><F60/><W109/><G118/><T69/><D67/><U35/><E35/><V81/><F81/><W41/><G109/><T40/><D40/><U18/><E105/><V127/><F127/><W102/><G102/><N who="0" m="62799" /><D86/><U96/><E0/><V49/><F116/><W64/><G64/><T92/><D92/><U58/><E101/><V111/><F111/><W99/><G99/><T123/><D85/><U62/><E48/><V73/><F73/><W1/><G1/><T122/><D122/><U98/><E98/><N who="2" m="57639" /><F115/><W54/><G51/><T63/><D123/><U34/><E34/><V114/><F113/><W2/><G2/><T131/><D63/><U16/><E18/><V65/><F65/><W36/><G36/><T74/><D74/><U130/><E130/><V79/><F79/><W57/><G57/><T117/><D131/><U46/><E46/><V61/><F61/><W83/><G83/><T26/><D117/><U28/><E28/><V80/><F80/><W25/><AGARI ba="0,0" hai="8,11,17,23,25,41,47,50,53,54,55" m="16871" machi="25" ten="30,6000,0" yaku="8,1,52,2" doraHai="4" who="3" fromWho="3" sc="385,-20,139,-20,193,-20,283,60" /><INIT seed="3,1,0,2,1,116" ten="365,119,173,343" oya="3" hai0="101,27,114,25,130,71,41,5,80,66,81,98,51" hai1="53,84,63,108,126,26,62,6,128,7,78,45,3" hai2="123,19,0,32,109,50,94,96,105,22,87,124,37" hai3="10,70,52,82,132,127,73,36,120,58,61,131,38"/><W15/><G120/><T12/><D130/><U121/><E128/><V24/><F37/><W79/><G131/><T11/><D114/><U29/><E108/><V113/><F113/><W30/><G132/><T67/><D71/><U65/><E126/><V100/><F0/><W106/><G106/><T77/><D101/><U134/><E134/><V14/><F124/><W74/><G127/><T99/><D99/><U72/><E72/><V110/><F50/><W20/><G74/><T117/><D98/><U2/><E2/><V89/><F123/><W35/><G35/><T56/><D117/><U97/><E121/><V129/><F129/><W54/><G70/><T86/><D80/><U112/><E112/><V39/><F39/><W55/><G20/><T133/><D133/><U111/><E111/><N who="2" m="42507" /><F32/><W135/><G30/><T9/><D9/><U42/><E97/><V69/><F69/><W4/><REACH who="3" step="1"/><G135/><REACH who="3" ten="365,119,173,333" step="2"/><T104/><D104/><U92/><E53/><AGARI ba="1,1" hai="4,10,15,36,38,52,53,54,55,58,61,73,79,82" machi="53" ten="40,7700,0" yaku="1,1,2,1,54,1,53,0" doraHai="116" doraHaiUra="64" who="3" fromWho="1" sc="365,0,119,-80,173,0,333,90" owari="365,16.5,39,-46.1,173,-22.7,423,52.3" /></mjloggm>