<mjloggm ver="2.3"><GO type="225" lobby="0"/><UN n0="%6C%61%6D%62" n1="%E3%81%AF%E3%82%88%E3%81%8A%E3%81%98%E3%81%95%E3%82%93" n2="%E3%83%96%E3%83%83%E3%83%91%E3%82%AA%E3%83%96%E3%83%81%E3%82%AD%E3%83%B3" n3="%70%65%6E%74%6F%6C%61" dan="16,16,16,17" rate="2249.99,2170.67,2178.42,2203.31" sx="M,M,M,M"/><TAIKYOKU oya="0"/><INIT seed="0,0,0,5,0,93" ten="250,250,250,250" oya="0" hai0="35,40,127,59,36,37,92,57,83,38,12,109,5" hai1="121,44,13,60,126,26,85,66,76,34,51,116,129" hai2="111,11,79,99,46,55,123,49,18,90,80,96,81" hai3="128,115,119,125,6,133,16,63,4,71,74,7,22"/><T73/><D127/><U134/><E116/><V48/><F123/><W27/><G74/><T88/><D35/><U106/><E121/><V0/><F111/><W122/><G119/><T113/><D113/><U23/><E106/><V68/><F68/><W118/><G118/><T131/><D131/><U135/><E126/><V132/><F132/><W10/><G125/><T9/><D40/><U50/><E129/><V69/><F69/><W43/><G128/><T45/><D45/><U14/><E34/><V95/><F0/><W28/><G43/><T2/><D109/><U102/><E102/><V32/><F32/><W82/><G115/><T42/><D42/><U61/><E85/><V114/><F114/><W89/><G122/><T103/><D103/><U75/><E76/><V117/><F117/><W120/><G120/><T77/><REACH who="0" step="1"/><D2/><REACH who="0" ten="240,250,250,250" step="2"/><U29/><E44/><V130/><F130/><W19/><G133/><T108/><D108/><U65/><E134/><V110/><F110/><W104/><G104/><T124/><D124/><U70/><E135/><V15/><F79/><W24/><G10/><T25/><D25/><U84/><E26/><V87/><REACH who="2" step="1"/><F49/><REACH who="2" ten="240,250,240,250" step="2"/><W20/><G28/><T1/><D1/><U58/><E29/><V3/><F3/><W97/><G63/><T8/><D8/><U101/><E60/><V30/><F30/><W112/><G112/><T39/><N who="0" m="9216" /><DORA hai="17" /><T41/><D41/><U86/><E61/><V31/><F31/><W62/><G62/><T56/><D56/><U21/><E58/><V47/><F47/><W100/><G71/><T33/><D33/><RYUUKYOKU ba="0,2" sc="240,15,250,-15,240,15,250,-15" hai0="5,9,12,57,59,73,77,83,88,92" hai2="11,15,18,46,48,55,80,81,87,90,95,96,99" /><INIT seed="0,1,2,3,5,33" ten="255,235,255,235" oya="0" hai0="36,133,117,108,99,2,75,56,43,5,52,9,135" hai1="40,29,101,93,59,132,77,69,57,37,122,76,64" hai2="70,11,34,58,81,45,105,87,16,91,123,79,26" hai3="86,106,39,65,112,60,0,63,31,51,72,126,48"/><T96/><D117/><U118/><E118/><V35/><F123/><W129/><G106/><T25/><D75/><U92/><E122/><V111/><F70/><W22/><G72/><T124/><D124/><U7/><E69/><V46/><F111/><W102/><G102/><T44/><D108/><U89/><E132/><N who="0" m="50761" /><D25/><U78/><E37/><V119/><F119/><W8/><G39/><T103/><D103/><U61/><E40/><V113/><F113/><W110/><G112/><T20/><D20/><U82/><E7/><V24/><F105/><W121/><G22/><T38/><D38/><U4/><E4/><V50/><F35/><W32/><G32/><T84/><D84/><N who="1" m="50327" /><E29/><V85/><F58/><W6/><G31/><T95/><D95/><N who="1" m="36427" /><E57/><V62/><F62/><AGARI ba="1,2" hai="2,5,9,36,43,44,52,56,62,96,99" m="50761" machi="62" ten="30,5800,0" yaku="20,1,52,1,54,1" doraHai="33" who="0" fromWho="2" sc="255,81,235,0,255,-61,235,0" /><INIT seed="0,2,0,1,4,76" ten="336,235,194,235" oya="0" hai0="19,48,133,12,110,17,135,97,75,85,115,27,123" hai1="11,4,3,73,43,2,80,93,33,32,16,50,6" hai2="105,129,84,18,95,111,79,89,14,55,37,46,78" hai3="58,91,124,121,22,57,120,53,39,100,8,10,30"/><T134/><D75/><U112/><E112/><V131/><F105/><W29/><G39/><T67/><D115/><U119/><E119/><V127/><F111/><W36/><G36/><T82/><D123/><N who="3" m="47177" /><G100/><T59/><D97/><U87/><E73/><V5/><F5/><W52/><G124/><T132/><D110/><U99/><E2/><V49/><F127/><W64/><G64/><T94/><D94/><U20/><E6/><V68/><F68/><W63/><G91/><T31/><D12/><U54/><E43/><V28/><F37/><W83/><G83/><T1/><D1/><U44/><E99/><V15/><F28/><N who="3" m="10859" /><G22/><N who="0" m="15863" /><D134/><U122/><E93/><V113/><F113/><W92/><G92/><T114/><D114/><U62/><E62/><AGARI ba="2,0" hai="8,10,52,53,57,58,62,63" m="10859,47177" machi="62" ten="30,2000,0" yaku="13,1,54,1" doraHai="76" who="3" fromWho="1" sc="336,0,235,-26,194,0,235,26" /><INIT seed="1,0,0,0,0,132" ten="336,209,194,261" oya="1" hai0="83,35,134,108,56,107,36,31,24,116,41,30,120" hai1="12,130,33,43,40,90,86,42,79,104,69,103,54" hai2="68,21,67,39,15,7,96,57,26,17,135,89,13" hai3="76,88,45,51,112,18,52,99,74,92,82,65,97"/><U2/><E2/><V53/><F135/><W11/><G112/><T111/><D134/><U75/><E33/><V128/><F128/><W81/><G65/><T60/><D116/><U14/><E69/><V59/><F39/><W101/><G81/><T44/><D107/><U77/><E130/><V47/><F68/><W55/><G11/><T10/><D120/><U126/><E126/><V58/><F67/><W85/><G18/><T38/><D31/><U64/><E64/><V113/><F113/><W49/><G101/><T4/><D83/><U127/><E127/><V23/><F7/><W84/><G74/><T0/><REACH who="0" step="1"/><D38/><REACH who="0" ten="326,209,194,261" step="2"/><U9/><E104/><V46/><F53/><AGARI ba="0,1" hai="0,4,10,24,30,35,36,41,44,53,56,60,108,111" machi="53" ten="40,2600,0" yaku="1,1,2,1,53,0" doraHai="132" doraHaiUra="91" who="0" fromWho="2" sc="326,36,209,0,194,-26,261,0" /><INIT seed="2,0,0,1,3,63" ten="362,209,168,261" oya="2" hai0="72,102,45,30,90,40,77,94,83,116,35,114,58" hai1="66,71,105,124,73,54,26,110,108,68,82,103,117" hai2="53,11,65,48,41,95,61,33,43,101,0,86,75" hai3="6,79,70,111,80,87,23,19,27,28,47,123,31"/><V98/><F75/><W56/><G70/><T3/><D114/><U36/><E117/><V10/><F33/><W25/><G123/><T96/><D116/><U59/><E36/><V7/><F11/><W84/><G111/><N who="1" m="42538" /><E124/><V44/><REACH who="2" step="1"/><F86/><REACH who="2" ten="362,209,158,261" step="2"/><W16/><G87/><T91/><D35/><U1/><E73/><V107/><F107/><W46/><G6/><T112/><D72/><U93/><E105/><V128/><F128/><W118/><G118/><T38/><D112/><U85/><E85/><V42/><F42/><W89/><G79/><T81/><D40/><U88/><E1/><V76/><F76/><W121/><G121/><T14/><D3/><U104/><E104/><V49/><F49/><W60/><G19/><T120/><D77/><U134/><E134/><V9/><F9/><W100/><G16/><T106/><D120/><U22/><E22/><V113/><F113/><W92/><G23/><T2/><D2/><U57/><E82/><V13/><F13/><W115/><G115/><T15/><D15/><U69/><E93/><V50/><F50/><W12/><G12/><T62/><D14/><U67/><E103/><V39/><F39/><W133/><G133/><T64/><D106/><U135/><E135/><V4/><F4/><W132/><G132/><T131/><D131/><U55/><E88/><N who="0" m="33833" /><D30/><N who="3" m="11305" /><G100/><T5/><D5/><U130/><E130/><V122/><F122/><W125/><G92/><T24/><D24/><N who="3" m="9289" /><G125/><T52/><D38/><U74/><E26/><V29/><F29/><W97/><G97/><T129/><D129/><U34/><E34/><V8/><F8/><RYUUKYOKU ba="0,1" sc="362,10,209,-30,158,10,261,10" hai0="45,52,58,62,64,81,83,94,96,102" hai2="0,7,10,41,43,44,48,53,61,65,95,98,101" hai3="46,47,56,60,80,84,89" /><INIT seed="2,1,1,2,4,127" ten="372,179,168,271" oya="2" hai0="10,87,60,116,111,88,81,117,89,73,8,45,15" hai1="34,108,135,75,20,123,100,115,30,41,17,9,114" hai2="133,63,58,125,61,4,33,82,120,97,22,92,12" hai3="80,0,77,27,83,35,26,62,109,128,102,32,53"/><V70/><F120/><W103/><G0/><T48/><D73/><U46/><E75/><V47/><F125/><W104/><G104/><T19/><D111/><U31/><E100/><V130/><F33/><W23/><G53/><N who="0" m="29839" /><D10/><U90/><E108/><V110/><F110/><W107/><G62/><T78/><D60/><U124/><E124/><V84/><F133/><W38/><G77/><T18/><D18/><U40/><E135/><V13/><F70/><W134/><G23/><T132/><D132/><U129/><E123/><V3/><F3/><W57/><G57/><T24/><D24/><U44/><E9/><N who="2" m="4135" /><F130/><W71/><G128/><T59/><D59/><U112/><E129/><V91/><F47/><W131/><G131/><T113/><D113/><U36/><E34/><V119/><F119/><AGARI ba="1,1" hai="8,15,19,78,81,87,88,89,116,117,119" m="29839" machi="119" ten="30,2000,0" yaku="12,1,54,1" doraHai="127" who="0" fromWho="2" sc="372,33,179,0,168,-23,271,0" /><INIT seed="3,0,0,0,1,127" ten="405,179,145,271" oya="3" hai0="58,21,44,81,49,16,102,83,106,75,12,4,133" hai1="64,3,95,14,123,119,80,59,27,125,41,65,72" hai2="11,129,71,91,24,121,35,68,36,114,25,79,87" hai3="38,0,84,51,130,124,45,118,126,50,66,103,82"/><W86/><G118/><T92/><D106/><U108/><E123/><V56/><F114/><W40/><G0/><T53/><D133/><U120/><E120/><V115/><F121/><W57/><G103/><T26/><D75/><U116/><E3/><V94/><F115/><W89/><G130/><T113/><D113/><U20/><E125/><N who="3" m="48234" /><G84/><T104/><D104/><U131/><E131/><V2/><F36/><W69/><G69/><T67/><D92/><U63/><E108/><V52/><F129/><W6/><G6/><T18/><D4/><U31/><E41/><V99/><F25/><W7/><G7/><T76/><D102/><U134/><E134/><V97/><F2/><W62/><AGARI ba="0,0" hai="38,40,45,50,51,57,62,66,82,86,89" m="48234" machi="62" ten="30,1500,0" yaku="18,1" doraHai="127" who="3" fromWho="3" sc="405,-5,179,-5,145,-5,271,15" /><INIT seed="3,1,0,0,3,16" ten="400,174,140,286" oya="3" hai0="73,36,78,114,119,18,62,9,98,50,96,121,6" hai1="67,32,125,35,133,83,27,94,46,92,103,97,115" hai2="110,55,28,21,49,42,135,54,80,61,117,14,3" hai3="65,13,104,23,47,79,57,90,22,100,69,2,17"/><W112/><G69/><T72/><D119/><U24/><E115/><V134/><F117/><W40/><G2/><T10/><D121/><U68/><E125/><V48/><F3/><W99/><G112/><T1/><D50/><N who="2" m="19562" /><F80/><W89/><G79/><T129/><D129/><U91/><E133/><N who="2" m="50699" /><F14/><W116/><G116/><T93/><D114/><U34/><E46/><V37/><F28/><W25/><G57/><T123/><D36/><U39/><E39/><V126/><F21/><W87/><G65/><T85/><D96/><U81/><E83/><V4/><F4/><W111/><G111/><T12/><D123/><U105/><E81/><V76/><F76/><W131/><G131/><T52/><D85/><U33/><E91/><V82/><F82/><W30/><REACH who="3" step="1"/><G87/><REACH who="3" ten="400,174,140,276" step="2"/><T11/><D78/><U53/><E68/><V58/><F110/><W45/><G45/><T15/><D72/><U19/><E67/><N who="2" m="39351" /><F126/><W95/><G95/><T56/><D73/><U31/><E92/><V127/><F127/><W102/><G102/><N who="0" m="60751" /><D1/><U44/><E94/><V106/><F106/><W74/><G74/><T43/><D56/><U108/><E108/><V38/><F42/><W71/><G71/><T64/><D43/><U118/><E118/><V41/><F41/><W63/><G63/><T0/><D64/><U109/><E109/><V120/><F120/><W7/><G7/><N who="0" m="3199" /><D62/><U5/><E5/><V101/><F101/><W8/><G8/><T70/><D52/><AGARI ba="1,1" hai="37,38,52,54,55" m="39351,50699,19562" machi="52" ten="30,7700,0" yaku="20,1,34,2,54,1" doraHai="16" who="2" fromWho="0" sc="400,-80,174,0,140,90,276,0" owari="320,42.0,174,-32.6,230,-17.0,276,7.6" /></mjloggm>