<mjloggm ver="2.3"><GO type="225" lobby="0"/><UN n0="%E7%B4%94%E6%BD%94%E3%83%94%E3%83%A9%E3%83%8B%E3%82%A2" n1="%E6%A1%9C%E8%8A%B1%E9%96%83%E3%80%85" n2="%E3%81%AF%E3%82%88%E3%81%8A%E3%81%98%E3%81%95%E3%82%93" n3="%72%69%6F%75%63%68%61%6E" dan="17,16,16,16" rate="2230.49,2199.74,2201.02,2097.93" sx="M,M,M,M"/><TAIKYOKU oya="0"/><INIT seed="0,0,0,2,0,131" ten="250,250,250,250" oya="0" hai0="18,3,42,83,134,67,105,58,59,73,111,6,71" hai1="15,31,39,92,25,49,96,50,46,119,135,115,124" hai2="93,102,76,72,30,94,109,38,133,114,79,84,7" hai3="97,66,87,27,10,104,127,44,9,17,57,75,8"/><T23/><D105/><U21/><E119/><V63/><F38/><W53/><G127/><T80/><D42/><U88/><E124/><V113/><F63/><W61/><G75/><T13/><D71/><U77/><E115/><N who="2" m="44043" /><F7/><W45/><G104/><T122/><D73/><U95/><E135/><V123/><F30/><W4/><G4/><T117/><D134/><U110/><E110/><V52/><F52/><W43/><G97/><T2/><D117/><U86/><E39/><V98/><F133/><W26/><G87/><T56/><D67/><U55/><E77/><V85/><F109/><W36/><REACH who="3" step="1"/><G17/><REACH who="3" ten="250,250,250,240" step="2"/><T37/><D111/><U64/><E96/><N who="2" m="59663" /><F123/><W103/><G103/><T78/><D122/><U74/><E74/><V116/><F116/><W19/><G19/><T11/><D78/><N who="2" m="29738" /><F72/><W16/><G16/><T118/><D118/><U40/><E86/><V35/><F35/><W82/><G82/><T47/><D3/><U65/><E92/><V33/><F33/><W41/><G41/><T51/><D37/><U0/><E0/><V90/><AGARI ba="0,1" hai="84,85,90,94,98" m="29738,59663,44043" machi="90" ten="30,2000,0" yaku="34,2" doraHai="131" who="2" fromWho="2" sc="250,-10,250,-5,250,30,240,-5" /><INIT seed="1,0,0,0,2,55" ten="240,245,280,235" oya="1" hai0="67,108,86,98,96,89,58,8,61,35,112,13,1" hai1="75,132,123,65,109,70,37,85,16,33,64,60,103" hai2="24,29,34,91,10,41,83,26,130,116,135,92,42" hai3="113,39,88,49,69,19,40,57,125,107,53,71,12"/><U27/><E123/><V11/><F116/><W102/><G113/><T17/><D112/><U94/><E75/><V72/><F130/><W47/><G125/><T51/><D35/><U80/><E132/><V52/><F135/><W38/><G38/><T44/><D1/><U45/><E65/><V0/><F26/><W2/><G2/><T4/><D4/><U121/><E121/><V25/><F24/><W21/><REACH who="3" step="1"/><G88/><REACH who="3" ten="240,245,280,225" step="2"/><T7/><D108/><U105/><E109/><V104/><F91/><W59/><G59/><T31/><D7/><U15/><E37/><V6/><F0/><W97/><AGARI ba="0,1" hai="12,19,21,39,40,47,49,53,57,69,71,97,102,107" machi="97" ten="30,4000,0" yaku="1,1,0,1,52,1,53,0" doraHai="55" doraHaiUra="131" who="3" fromWho="3" sc="240,-10,245,-20,280,-10,225,50" /><INIT seed="2,0,0,5,4,39" ten="230,225,270,275" oya="2" hai0="18,7,87,23,102,88,117,62,56,82,50,101,71" hai1="10,44,99,21,4,76,116,24,84,8,65,58,41" hai2="49,63,35,6,131,85,25,68,48,33,38,72,135" hai3="113,67,95,112,78,104,109,86,11,108,66,122,89"/><V13/><F38/><W83/><G122/><T115/><D115/><N who="3" m="44105" /><G104/><T64/><D117/><U22/><E116/><V45/><F72/><N who="3" m="43463" /><G11/><N who="1" m="4138" /><E4/><V90/><F13/><W129/><G129/><T103/><D7/><U133/><E133/><V14/><F14/><W93/><G95/><T118/><D118/><U105/><E105/><V12/><F12/><W121/><G121/><T130/><D130/><U98/><E84/><V119/><F6/><W91/><G91/><T92/><D71/><U107/><E76/><V54/><F119/><W110/><AGARI ba="0,0" hai="66,67,86,89,93,108,109,110" m="43463,44105" machi="110" ten="40,2700,0" yaku="14,1,11,1" doraHai="39" who="3" fromWho="3" sc="230,-7,225,-7,270,-13,275,27" /><INIT seed="3,0,0,2,5,103" ten="223,218,257,302" oya="3" hai0="82,48,3,8,84,120,51,9,95,99,88,112,4" hai1="86,50,94,7,126,73,34,89,58,87,19,80,53" hai2="107,52,16,96,113,32,122,110,116,61,75,47,100" hai3="42,45,63,131,17,104,25,66,29,69,56,31,92"/><W71/><G104/><T41/><D120/><U30/><E126/><V90/><F113/><W115/><G115/><T129/><D112/><U117/><E117/><V60/><F116/><W119/><G119/><T134/><D129/><U37/><E37/><V118/><F32/><W0/><G0/><T102/><D134/><U77/><E7/><V26/><F75/><W91/><G131/><T27/><D41/><U121/><E121/><V123/><F118/><W28/><G17/><T76/><D9/><U70/><E70/><V13/><F26/><W133/><G133/><T10/><D10/><U39/><E39/><V1/><F1/><W127/><G127/><T97/><D27/><U6/><E6/><V44/><F110/><W55/><G55/><T23/><D23/><U83/><E19/><V98/><F122/><W38/><REACH who="3" step="1"/><G25/><REACH who="3" ten="223,218,257,292" step="2"/><T36/><D36/><U64/><E64/><V20/><F123/><W40/><G40/><T79/><REACH who="0" step="1"/><D76/><REACH who="0" ten="213,218,257,292" step="2"/><U57/><E30/><V14/><F13/><W22/><G22/><T105/><AGARI ba="0,2" hai="3,4,8,48,51,79,82,84,88,95,97,99,102,105" machi="105" ten="20,12000,2" yaku="1,1,2,1,0,1,7,1,52,1,54,1,53,0" doraHai="103" doraHaiUra="124" who="0" fromWho="0" sc="213,140,218,-30,257,-30,292,-60" owari="353,45.3,188,-31.2,227,-17.3,232,3.2" /></mjloggm>