<mjloggm ver="2.3"><GO type="225" lobby="0"/><UN n0="%E3%81%8B%E3%82%8F%E3%81%A1%E3%82%83%E3%82%93%35%38" n1="%E6%9C%88%E5%B3%B6%E5%9F%BA" n2="%E4%BF%BA%E3%81%A8%E5%A6%96%E5%A4%A2" n3="%E3%83%B4%E3%83%A0%EF%BC%99%E3%81%A6" dan="16,17,16,17" rate="2168.64,2202.47,2199.95,2119.38" sx="M,M,F,M"/><TAIKYOKU oya="0"/><INIT seed="0,0,0,5,4,91" ten="250,250,250,250" oya="0" hai0="112,75,89,100,98,27,47,50,101,96,64,45,71" hai1="57,16,111,41,4,23,78,69,119,99,60,83,105" hai2="0,65,108,53,67,14,104,1,133,82,21,36,32" hai3="118,123,46,17,3,15,76,13,95,120,79,18,9"/><T51/><D75/><U80/><E119/><V70/><F32/><W87/><G118/><T40/><D112/><U44/><E69/><V7/><F104/><W129/><G3/><T29/><D71/><U110/><E4/><V116/><F116/><W39/><G129/><T134/><D134/><U59/><E105/><V52/><F36/><W114/><G114/><T28/><D89/><U12/><E99/><V25/><F133/><W34/><G34/><T8/><D8/><U102/><E102/><V37/><F37/><W38/><G95/><T85/><D85/><N who="1" m="48279" /><E60/><V55/><F108/><N who="1" m="41513" /><E83/><V22/><F70/><W84/><G9/><T6/><D6/><U58/><E58/><V56/><F56/><W81/><G81/><T124/><D124/><U73/><E73/><V130/><F82/><W97/><G97/><T122/><D122/><U20/><E20/><V10/><F21/><W72/><G72/><T42/><REACH who="0" step="1"/><D27/><REACH who="0" ten="240,250,250,250" step="2"/><U30/><E30/><V106/><F25/><W109/><G109/><T35/><D35/><U11/><E11/><V107/><F22/><W66/><G123/><T117/><D117/><U86/><E86/><V113/><F113/><W126/><G120/><T115/><D115/><U127/><E127/><V62/><F0/><W93/><G126/><T33/><D33/><U88/><E88/><V135/><F1/><W77/><G77/><T68/><D68/><U74/><E74/><V2/><F2/><W90/><G90/><T31/><D31/><U19/><E19/><V121/><F121/><W131/><G76/><T49/><D49/><AGARI ba="0,1" hai="12,16,23,41,44,49,57,59" m="41513,48279" machi="49" ten="30,2000,0" yaku="14,1,54,1" doraHai="91" who="1" fromWho="0" sc="240,-20,250,30,250,0,250,0" /><INIT seed="1,0,0,1,1,37" ten="220,280,250,250" oya="1" hai0="35,99,52,66,79,70,97,11,49,127,124,108,130" hai1="120,115,32,96,59,82,27,24,10,3,74,92,90" hai2="16,100,123,89,94,133,48,83,102,72,25,21,117" hai3="91,51,116,47,54,114,41,46,36,81,8,23,76"/><U75/><E115/><V67/><F117/><W55/><G116/><T113/><D113/><U78/><E120/><V69/><F123/><W42/><G114/><T4/><D35/><U87/><E59/><V98/><F133/><W39/><G23/><T17/><D79/><U40/><E40/><V5/><F5/><W109/><G109/><T111/><D17/><U64/><E64/><V60/><REACH who="2" step="1"/><F48/><REACH who="2" ten="220,280,240,250" step="2"/><W20/><G51/><T62/><D130/><U112/><E112/><V65/><F65/><W110/><G110/><N who="0" m="42027" /><D127/><U84/><E3/><V80/><F80/><W104/><G104/><T128/><D128/><U119/><E82/><V131/><F131/><W121/><G121/><T95/><D95/><U29/><E92/><V7/><F7/><W134/><G134/><T50/><D124/><U77/><E119/><V85/><F85/><W6/><G6/><T135/><D135/><U1/><E87/><V86/><F86/><W0/><G81/><T38/><D38/><U132/><E84/><V68/><F68/><W28/><G76/><AGARI ba="0,1" hai="16,21,25,60,67,69,72,76,83,89,94,98,100,102" machi="76" ten="40,2600,0" yaku="1,1,54,1,53,0" doraHai="37" doraHaiUra="126" who="2" fromWho="3" sc="220,0,280,0,240,36,250,-26" /><INIT seed="2,0,0,5,3,37" ten="220,280,276,224" oya="2" hai0="119,105,122,127,115,53,36,4,46,103,56,75,79" hai1="102,90,125,35,82,120,49,109,134,21,3,106,58" hai2="62,10,17,71,93,108,101,123,97,32,65,133,85" hai3="116,44,87,130,129,88,26,118,1,84,8,51,16"/><V15/><F123/><W63/><G63/><T94/><D115/><U47/><E35/><V43/><F32/><W33/><G84/><T114/><D122/><U95/><E3/><V131/><F131/><N who="3" m="50187" /><G1/><T81/><D114/><U132/><E82/><V104/><F133/><W54/><G33/><T9/><D127/><U52/><E125/><V7/><F108/><W128/><N who="3" m="50195" /><W30/><DORA hai="27" /><G30/><T23/><D119/><U57/><E109/><V77/><F77/><W66/><G66/><T69/><D69/><U55/><E120/><V42/><REACH who="2" step="1"/><F7/><REACH who="2" ten="220,280,266,224" step="2"/><W2/><G2/><T83/><D4/><U67/><E132/><V14/><F14/><N who="3" m="7239" /><G26/><T92/><D79/><U89/><E134/><V98/><F98/><W126/><G126/><T39/><D75/><U11/><E67/><V5/><F5/><W117/><G116/><T124/><D124/><U100/><E21/><V111/><F111/><W0/><G0/><T121/><D23/><U110/><E110/><V74/><F74/><W135/><G135/><T50/><D121/><U70/><E11/><V73/><F73/><W76/><G76/><T99/><D9/><U19/><E70/><V18/><F18/><W38/><G38/><T78/><D36/><U6/><E19/><V112/><F112/><W45/><G117/><T22/><D22/><U80/><E6/><V13/><F13/><W68/><G118/><T29/><D78/><U60/><E60/><V41/><F41/><W12/><G68/><T86/><D39/><U20/><E20/><V25/><F25/><W61/><G61/><T107/><D29/><RYUUKYOKU ba="0,1" sc="220,-10,280,-10,266,30,224,-10" hai2="10,15,17,42,43,62,65,71,85,93,97,101,104" /><INIT seed="2,1,1,1,1,101" ten="210,270,296,214" oya="2" hai0="116,35,59,10,135,16,44,123,90,107,98,125,66" hai1="12,68,78,65,130,118,11,54,40,9,110,104,47" hai2="3,53,95,134,131,2,20,97,71,42,26,108,86" hai3="80,93,50,81,84,61,30,69,51,106,67,21,74"/><V1/><F71/><W24/><G106/><T91/><D123/><U64/><E118/><V14/><F131/><W87/><G74/><T5/><D35/><U37/><E104/><V115/><F115/><W6/><G93/><T105/><D116/><U49/><E130/><V85/><F134/><W127/><G6/><T111/><D135/><U15/><E110/><V133/><F133/><W57/><G127/><T99/><D111/><U56/><E78/><V120/><F120/><W27/><G27/><T45/><D125/><U103/><E103/><V29/><F108/><W18/><G30/><T36/><D16/><U114/><E114/><V122/><F122/><W60/><G84/><T72/><D72/><U8/><E64/><V62/><F42/><W4/><G4/><T19/><D19/><U79/><E79/><V34/><F34/><W41/><G41/><T94/><D36/><U0/><E0/><V55/><F14/><W43/><G43/><T32/><D32/><U128/><E128/><V28/><F28/><W82/><REACH who="3" step="1"/><G87/><REACH who="3" ten="210,270,296,204" step="2"/><T7/><D94/><U52/><E40/><V17/><F29/><W88/><G88/><T119/><D119/><U39/><E39/><V33/><F86/><W13/><G13/><T89/><D89/><U63/><E37/><V48/><F85/><W38/><G38/><T75/><D75/><U23/><E15/><N who="2" m="9279" /><F95/><W25/><G25/><T46/><D91/><U70/><E12/><V31/><F97/><N who="0" m="36874" /><D90/><U124/><E124/><V109/><F109/><W77/><G77/><T76/><D76/><U102/><E11/><V113/><F113/><RYUUKYOKU ba="1,2" sc="210,-10,270,-10,296,-10,204,30" hai3="18,21,24,50,51,57,60,61,67,69,80,81,82" /><INIT seed="3,2,2,3,3,68" ten="200,260,286,234" oya="3" hai0="95,14,57,2,70,88,108,29,82,130,61,42,127" hai1="34,74,50,84,106,97,31,81,91,69,51,7,125" hai2="128,56,109,64,58,13,132,79,105,38,8,101,30" hai3="103,66,77,39,100,25,1,67,19,76,32,10,107"/><W17/><G39/><T126/><D2/><U47/><E7/><V98/><F38/><W63/><G1/><T52/><D108/><U121/><E121/><V37/><F37/><W28/><G67/><T26/><D130/><U129/><E69/><V122/><F109/><W23/><G10/><T53/><D70/><U99/><E129/><V113/><F113/><W116/><G116/><T33/><D42/><U133/><E133/><V80/><F128/><W92/><G107/><T102/><D14/><U117/><E125/><N who="0" m="47625" /><D82/><U87/><E117/><V134/><F30/><W16/><G32/><T120/><D102/><N who="3" m="38953" /><G92/><T49/><D120/><U45/><E106/><V93/><F105/><W90/><G90/><T86/><D49/><U115/><E50/><V135/><F122/><W46/><G46/><T62/><D62/><U54/><E47/><V114/><F114/><W44/><G44/><T59/><D59/><AGARI ba="2,2" hai="16,17,19,23,25,28,59,63,66,76,77" m="38953" machi="59" ten="30,2900,0" yaku="8,1,54,1" doraHai="68" who="3" fromWho="0" sc="200,-35,260,0,286,0,234,55" /><INIT seed="3,3,0,3,0,125" ten="165,260,286,289" oya="3" hai0="132,62,127,129,43,0,41,102,33,89,95,100,115" hai1="49,133,28,72,91,31,63,79,67,30,36,114,73" hai2="122,1,21,112,53,69,24,76,5,6,118,39,68" hai3="2,18,106,121,4,50,86,135,17,90,48,12,75"/><W65/><G121/><T117/><D117/><U47/><E114/><V57/><F118/><W88/><G75/><T94/><D0/><U34/><E133/><V78/><F112/><W8/><G106/><T20/><D115/><U123/><E123/><V107/><F107/><W14/><G135/><T120/><D120/><U96/><E36/><V29/><F39/><W126/><G65/><T81/><D132/><U131/><E34/><V44/><F122/><W105/><G105/><T77/><D33/><U119/><E79/><N who="2" m="30251" /><F68/><W108/><G126/><T82/><D127/><U51/><E51/><N who="3" m="19498" /><G2/><T104/><D104/><U128/><E119/><V16/><F44/><W99/><G108/><T32/><D32/><U52/><E91/><N who="3" m="34858" /><G86/><T38/><D38/><U9/><E9/><V130/><F69/><W27/><G27/><T116/><D116/><U55/><E96/><V11/><F1/><W59/><G59/><T56/><D77/><U60/><E55/><V64/><F64/><W42/><G42/><T3/><D3/><U84/><E84/><V46/><F46/><W134/><G134/><T19/><D43/><U37/><E37/><V103/><F53/><W87/><G87/><N who="0" m="52543" /><D41/><U97/><E97/><V13/><F57/><W40/><G40/><T61/><D56/><N who="1" m="37255" /><E63/><V85/><F85/><W83/><G83/><N who="0" m="31755" /><D62/><U80/><E80/><V124/><F124/><W22/><G99/><N who="0" m="59519" /><D61/><U113/><E113/><V66/><F66/><W110/><G110/><T35/><D35/><U58/><E58/><V54/><F54/><W25/><G25/><N who="0" m="14495" /><D102/><U71/><E71/><V10/><F103/><RYUUKYOKU ba="3,0" sc="165,10,260,10,286,-30,289,10" hai0="129" hai1="28,30,31,47,49,52,72,73,128,131" hai3="4,8,12,14,17,18,22" /><INIT seed="3,4,0,5,3,115" ten="175,270,256,299" oya="3" hai0="81,35,2,110,132,5,12,68,15,32,38,129,98" hai1="90,122,26,124,39,111,59,99,109,80,54,100,113" hai2="42,71,16,131,46,44,29,22,126,41,13,63,4" hai3="101,117,10,69,62,79,20,65,127,75,120,96,108"/><W66/><G117/><T14/><D68/><U8/><E113/><V40/><F131/><W55/><G120/><T24/><D38/><U128/><E122/><V74/><F74/><W31/><G127/><T27/><D98/><U133/><E124/><V105/><F105/><W7/><G108/><N who="1" m="41546" /><E128/><V72/><F72/><W104/><G75/><T78/><D81/><U86/><E39/><V50/><F126/><W45/><G79/><T83/><D83/><U114/><E114/><V118/><F118/><W95/><G104/><T119/><D78/><U18/><E133/><V70/><F63/><W76/><G76/><T43/><D43/><U82/><E82/><V97/><F97/><W130/><G130/><T48/><D48/><N who="1" m="31175" /><E26/><N who="0" m="9769" /><D110/><U34/><E34/><N who="0" m="12841" /><D132/><U88/><E90/><V91/><F91/><W84/><G84/><T53/><D53/><U56/><E56/><V67/><F67/><W11/><G66/><T93/><D93/><U36/><E36/><V107/><F107/><W112/><G112/><T0/><D129/><U23/><E100/><V134/><F134/><W1/><G55/><T58/><D119/><U125/><E125/><V6/><F71/><W92/><G92/><T106/><D106/><U87/><E99/><V61/><F29/><W9/><G45/><N who="2" m="17513" /><F50/><W94/><G94/><T64/><D5/><N who="2" m="2154" /><F70/><W17/><G31/><T123/><D123/><U102/><E102/><V116/><F116/><W19/><G19/><T103/><D103/><U33/><E33/><V52/><F41/><W37/><G37/><T21/><D21/><U51/><E51/><V57/><AGARI ba="4,0" hai="13,16,22,40,42,52,57,61" m="2154,17513" machi="57" ten="30,7900,0" yaku="5,1,8,1,54,2" doraHai="115" who="2" fromWho="2" sc="175,-24,270,-24,256,91,299,-43" owari="151,-34.9,246,-15.4,347,44.7,256,5.6" /></mjloggm>