<mjloggm ver="2.3"><GO type="225" lobby="0"/><UN n0="%E5%B8%86%E7%AB%8B%E5%A4%8F%E8%A1%A3" n1="%E8%81%B7%E6%A5%AD%E3%80%81%E9%A2%A8%32" n2="%E3%83%96%E3%83%83%E3%83%91%E3%82%AA%E3%83%96%E3%83%81%E3%82%AD%E3%83%B3" n3="%E3%81%BF%E3%81%BF%E3%81%9A" dan="17,16,17,17" rate="2212.60,2154.10,2183.19,2220.76" sx="M,M,M,M"/><TAIKYOKU oya="0"/><INIT seed="0,0,0,0,4,13" ten="250,250,250,250" oya="0" hai0="123,23,32,53,105,60,65,30,35,96,9,128,111" hai1="114,27,69,58,86,3,25,83,87,70,2,117,7" hai2="103,56,90,80,130,102,61,48,84,121,129,14,73" hai3="127,106,66,5,47,41,34,40,126,17,63,118,46"/><T11/><D123/><U39/><E114/><V26/><F121/><W43/><G106/><T116/><D116/><U132/><E39/><V67/><F73/><W109/><G34/><T115/><D115/><U78/><E117/><V79/><F129/><W81/><G118/><T122/><D122/><U12/><E132/><V125/><F125/><N who="3" m="47627" /><G5/><T29/><D128/><U108/><E108/><V134/><F134/><W71/><G109/><T85/><D111/><U31/><E58/><V82/><F130/><W92/><G92/><T89/><D35/><U51/><E51/><V45/><F26/><W28/><G28/><T6/><D53/><U0/><E87/><N who="2" m="48543" /><F14/><W57/><G81/><T98/><D32/><U110/><E27/><V91/><F91/><W15/><G71/><T72/><D72/><U10/><REACH who="1" step="1"/><E110/><REACH who="1" ten="250,240,250,250" step="2"/><V49/><F49/><W42/><N who="3" m="10240" /><DORA hai="133" /><W37/><G37/><T100/><D85/><U77/><E77/><V52/><AGARI ba="0,1" hai="45,48,52,56,61,67,82,84,90,102,103" m="48543" machi="52" ten="30,2000,0" yaku="8,1,54,1" doraHai="13,133" who="2" fromWho="2" sc="250,-10,240,-5,250,30,250,-5" /><INIT seed="1,0,0,1,4,53" ten="240,235,280,245" oya="1" hai0="71,34,9,131,114,112,67,57,48,121,50,55,93" hai1="90,107,40,3,17,85,2,78,65,29,24,11,56" hai2="63,128,132,108,70,135,80,30,66,94,79,105,36" hai3="117,129,32,15,120,16,69,109,74,45,76,41,10"/><U37/><E107/><V22/><F105/><W64/><G120/><T26/><D131/><U35/><E78/><V130/><F36/><W122/><G122/><T1/><D121/><U49/><E37/><V113/><F94/><W92/><G129/><N who="2" m="49769" /><F108/><W39/><G109/><T4/><D50/><U134/><E134/><N who="2" m="51243" /><F113/><W116/><G32/><T81/><D93/><U61/><E40/><V95/><F95/><W8/><G64/><T87/><D67/><U68/><E68/><V75/><F22/><W47/><G69/><T88/><REACH who="0" step="1"/><D71/><REACH who="0" ten="230,235,280,245" step="2"/><U133/><E49/><V103/><F30/><AGARI ba="0,1" hai="1,4,9,26,30,34,48,55,57,81,87,88,112,114" machi="30" ten="40,8000,1" yaku="1,1,2,1,52,1,54,1,53,0" doraHai="53" doraHaiUra="59" who="0" fromWho="2" sc="230,90,235,0,280,-80,245,0" /><INIT seed="2,0,0,3,2,90" ten="320,235,200,245" oya="2" hai0="60,104,20,52,30,35,49,76,64,14,57,41,71" hai1="127,18,23,82,32,126,46,108,2,43,130,114,129" hai2="7,107,51,39,102,98,0,120,78,31,128,15,26" hai3="19,25,134,125,66,123,59,28,62,37,22,69,109"/><V4/><F120/><W112/><G109/><T63/><D104/><U84/><E108/><V65/><F128/><N who="1" m="49257" /><E32/><V58/><F39/><W67/><G123/><T135/><D135/><U5/><E5/><V122/><F122/><W36/><G134/><T55/><D76/><N who="1" m="46151" /><E2/><V131/><F131/><W118/><G118/><T50/><D35/><U77/><E77/><V17/><F0/><W96/><G125/><T45/><D30/><U81/><E81/><V119/><F119/><W89/><G112/><T80/><D80/><U111/><E114/><V133/><F78/><W38/><G69/><T91/><D91/><U121/><E111/><V105/><F105/><W124/><G124/><T110/><D110/><U95/><E95/><N who="2" m="58719" /><F133/><W40/><G40/><T92/><D92/><U85/><E85/><V99/><F107/><W116/><G116/><T101/><D101/><U27/><E121/><V1/><F99/><W9/><G96/><T42/><D20/><U8/><E8/><N who="2" m="6375" /><F1/><W33/><G89/><T44/><D14/><U79/><E79/><V94/><F94/><W11/><REACH who="3" step="1"/><G67/><AGARI ba="0,0" hai="41,42,44,45,49,50,52,55,57,60,63,64,67,71" machi="67" ten="30,16000,3" yaku="7,1,9,1,35,6,54,1" doraHai="90" who="0" fromWho="3" sc="320,160,235,0,200,0,245,-160" /><INIT seed="3,0,0,0,1,59" ten="480,235,200,85" oya="3" hai0="109,2,94,33,73,31,79,107,30,90,118,132,126" hai1="7,120,39,40,134,114,45,133,55,28,68,91,29" hai2="67,37,19,74,113,23,49,48,69,99,17,122,20" hai3="15,26,60,51,127,53,100,117,110,104,16,66,43"/><W125/><G117/><T129/><RYUUKYOKU type="yao9" ba="0,0" sc="480,0,235,0,200,0,85,0" hai0="2,30,31,33,73,79,90,94,107,109,118,126,129,132" /><INIT seed="3,1,0,5,3,95" ten="480,235,200,85" oya="3" hai0="47,70,131,98,115,60,45,59,92,53,32,24,12" hai1="122,82,5,29,107,41,68,62,66,48,56,57,9" hai2="52,86,78,80,93,20,21,124,84,99,1,96,16" hai3="111,4,123,43,8,22,23,109,110,102,128,6,104"/><W133/><G123/><T50/><D131/><U10/><E107/><V100/><F124/><W129/><G43/><T27/><D115/><U112/><E112/><V19/><F1/><W54/><G54/><N who="0" m="33911" /><D70/><U7/><E29/><V69/><F69/><W39/><G39/><T91/><D32/><U58/><E122/><V72/><F52/><W121/><G121/><T17/><D47/><U132/><E132/><V63/><F63/><W90/><G133/><T114/><D114/><U119/><E119/><V117/><F117/><W2/><G90/><T28/><D28/><U77/><E48/><V35/><F35/><W103/><G4/><T134/><D134/><U94/><E94/><V3/><F3/><W118/><G118/><T85/><D85/><U74/><E41/><V31/><F31/><W42/><G42/><T130/><D130/><N who="3" m="50281" /><G104/><T81/><D81/><U65/><E65/><V49/><F49/><W108/><N who="3" m="27648" /><DORA hai="25" /><W26/><G22/><AGARI ba="1,0" hai="12,17,22,24,27,45,50,53,91,92,98" m="33911" machi="22" ten="30,2000,0" yaku="8,1,52,1" doraHai="95,25" who="0" fromWho="3" sc="480,23,235,0,200,0,85,-23" owari="503,60.3,235,3.5,200,-20.0,62,-43.8" /></mjloggm>