<mjloggm ver="2.3"><GO type="225" lobby="0"/><UN n0="%E7%99%BD%E6%98%BC%E9%87%8C%E7%9A%84%E5%A4%9C" n1="%E3%81%8B%E3%82%8F%E3%81%A1%E3%82%83%E3%82%93%35%38" n2="%E6%98%93%E5%88%A9%E8%96%A9%E4%BC%AF" n3="%E9%A6%AC%E5%BC%95%E7%81%AB%33" dan="16,16,17,17" rate="2081.96,2126.90,2176.97,2170.17" sx="M,M,F,M"/><TAIKYOKU oya="0"/><INIT seed="0,0,0,3,1,10" ten="250,250,250,250" oya="0" hai0="132,118,26,39,35,1,54,104,37,88,78,90,125" hai1="17,89,102,29,111,44,62,24,38,3,65,73,34" hai2="41,56,48,50,74,19,28,9,22,126,85,27,0" hai3="20,117,86,134,21,4,130,25,68,6,40,43,108"/><T61/><D118/><U30/><E111/><V120/><F74/><W71/><G86/><T112/><D112/><U70/><E29/><V49/><F120/><W133/><G25/><T96/><D125/><U129/><E129/><V98/><F126/><W81/><G81/><T7/><D132/><U76/><E89/><V121/><F121/><W106/><G106/><T36/><D78/><U127/><E17/><V13/><F0/><W11/><G11/><T63/><D7/><U131/><E131/><V94/><F85/><W107/><G107/><T31/><D1/><U103/><E127/><V122/><F122/><W14/><G130/><T75/><D75/><U8/><E102/><V84/><F84/><W45/><G45/><T109/><D109/><U100/><E100/><V66/><F41/><W105/><G105/><T69/><D61/><U99/><E99/><V80/><F80/><W83/><G83/><T119/><D54/><U79/><E103/><N who="2" m="60887" /><F66/><W128/><G128/><T97/><D119/><U46/><E38/><V51/><F51/><W12/><G117/><T115/><D115/><U77/><REACH who="1" step="1"/><E73/><REACH who="1" ten="250,240,250,250" step="2"/><V52/><AGARI ba="0,1" hai="9,13,19,22,27,28,48,49,50,52,56" m="60887" machi="52" ten="30,4000,0" yaku="8,1,52,1,54,1" doraHai="10" who="2" fromWho="2" sc="250,-20,240,-10,250,50,250,-10" /><INIT seed="1,0,0,2,5,100" ten="230,230,300,240" oya="1" hai0="115,34,6,94,96,21,60,7,32,59,105,82,130" hai1="127,126,88,63,108,122,10,53,92,62,111,18,113" hai2="51,87,74,121,76,54,109,133,120,9,11,84,37" hai3="128,50,135,12,134,104,86,14,118,61,102,66,83"/><U99/><E113/><V39/><F74/><W40/><G128/><T17/><D115/><U26/><E122/><V75/><F75/><W98/><G118/><T15/><D130/><U119/><E119/><V125/><F109/><N who="1" m="42057" /><E10/><V73/><F73/><W124/><G124/><N who="1" m="47658" /><E53/><V91/><F125/><W129/><G129/><T13/><D105/><U48/><E48/><V22/><F51/><W123/><G123/><T132/><D132/><N who="3" m="50729" /><G40/><T56/><D32/><U20/><AGARI ba="0,0" hai="18,20,26,62,63,88,92,99" m="47658,42057" machi="20" ten="40,12000,1" yaku="14,1,10,1,18,1,54,1" doraHai="100" who="1" fromWho="1" sc="230,-40,230,120,300,-40,240,-40" /><INIT seed="1,1,0,2,2,11" ten="190,350,260,200" oya="1" hai0="127,62,29,44,95,38,36,114,85,65,25,14,135" hai1="68,7,35,98,42,67,76,121,6,116,0,30,19" hai2="113,71,125,119,101,24,66,4,70,57,93,64,107" hai3="20,87,39,60,46,110,126,5,94,59,1,8,81"/><U79/><E42/><V48/><F107/><W53/><G110/><T50/><D114/><U73/><E98/><V45/><F119/><W74/><G126/><T31/><D127/><U80/><E76/><V69/><F125/><W123/><G123/><T89/><D135/><U124/><E19/><V100/><F4/><W130/><G130/><T12/><D36/><U128/><E6/><V115/><F24/><W88/><G74/><T26/><D38/><U9/><E124/><V10/><F10/><W27/><G39/><T40/><D26/><N who="1" m="18903" /><E116/><V33/><F33/><W91/><G46/><T133/><D133/><U41/><E41/><N who="2" m="24623" /><F93/><W84/><REACH who="3" step="1"/><G27/><REACH who="3" ten="190,350,260,190" step="2"/><T72/><D72/><U132/><E121/><V43/><F115/><W49/><G49/><T18/><D18/><U97/><E128/><V102/><F113/><W106/><G106/><T54/><D40/><U82/><E73/><V63/><F43/><W55/><G55/><T99/><D99/><U108/><E97/><V129/><F129/><W28/><G28/><N who="0" m="10827" /><D25/><U90/><E132/><V21/><F66/><W61/><G61/><T109/><D109/><U56/><E108/><V118/><F64/><W2/><G2/><T96/><D96/><U117/><E117/><V120/><F118/><W105/><G105/><T23/><D23/><AGARI ba="1,1" hai="1,5,8,20,23,53,59,60,81,84,87,88,91,94" machi="23" ten="40,2600,0" yaku="1,1,54,1,53,0" doraHai="11" doraHaiUra="37" who="3" fromWho="0" sc="190,-29,350,0,260,0,190,39" /><INIT seed="2,0,0,4,3,22" ten="161,350,260,229" oya="2" hai0="84,11,70,77,9,44,5,12,0,108,112,25,71" hai1="124,91,60,109,61,54,113,26,126,57,89,59,103" hai2="78,3,131,122,35,7,123,73,63,79,134,42,115" hai3="6,16,76,53,24,2,23,75,30,37,135,10,98"/><V47/><F115/><W87/><G135/><T62/><D112/><U81/><E113/><V80/><F131/><W28/><G75/><T36/><D108/><U127/><E109/><V1/><F134/><W90/><G76/><T56/><D44/><U20/><E103/><V41/><F79/><W107/><G37/><T101/><D36/><U33/><E33/><V67/><F42/><W29/><G98/><T118/><D101/><U64/><E81/><V105/><F105/><W99/><G99/><T129/><D129/><U32/><E32/><V18/><F18/><AGARI ba="0,0" hai="18,20,26,54,57,59,60,61,64,89,91,124,126,127" machi="18" ten="40,2600,0" yaku="18,1,52,1" doraHai="22" who="1" fromWho="2" sc="161,0,350,26,260,-26,229,0" /><INIT seed="3,0,0,3,2,110" ten="161,376,234,229" oya="3" hai0="74,28,72,6,46,129,135,133,117,36,88,75,52" hai1="10,122,134,21,49,79,47,93,95,119,17,59,2" hai2="108,84,99,56,32,19,91,64,68,113,125,35,43" hai3="116,115,26,94,5,86,102,127,22,24,60,0,45"/><W11/><G115/><T121/><D117/><U77/><E122/><V37/><F68/><W27/><G116/><T62/><D121/><U111/><E111/><V73/><F73/><W90/><G127/><T80/><D6/><U16/><E119/><V120/><F120/><W57/><G45/><T12/><D28/><U44/><E134/><N who="0" m="51209" /><D12/><N who="1" m="7191" /><E59/><V85/><F113/><W128/><G128/><T66/><D129/><U112/><E112/><V126/><F99/><W7/><G7/><T31/><D31/><U81/><E81/><V13/><F85/><W76/><G102/><T30/><D30/><U124/><E47/><N who="2" m="24047" /><F56/><W50/><G76/><N who="1" m="29258" /><E2/><V9/><F64/><W92/><G92/><T101/><D101/><U34/><E34/><V103/><F103/><W23/><G50/><N who="0" m="28759" /><D36/><U114/><E114/><V53/><F108/><W1/><REACH who="3" step="1"/><G1/><REACH who="3" ten="161,376,234,219" step="2"/><T104/><D104/><U130/><E130/><V65/><F126/><W61/><G61/><T71/><D80/><U48/><E48/><V98/><F125/><W14/><G14/><T42/><D42/><N who="1" m="24727" /><E124/><V63/><F13/><AGARI ba="0,1" hai="13,17,21,93,95" m="24727,29258,7191" machi="13" ten="30,2000,0" yaku="8,1,54,1" doraHai="110" who="1" fromWho="2" sc="161,0,376,30,234,-20,219,0" owari="161,-33.9,406,50.6,214,-18.6,219,1.9" /></mjloggm>