<mjloggm ver="2.3"><GO type="225" lobby="0"/><UN n0="%E3%81%8B%E3%82%8F%E3%81%A1%E3%82%83%E3%82%93%35%38" n1="%E9%8A%80%E3%81%B0%E3%81%95%E3%81%BF" n2="%E3%82%B3%E3%83%90%E3%83%AC%E3%82%A4" n3="%E6%A1%9C%E8%8A%B1%E9%96%83%E3%80%85" dan="16,17,16,16" rate="2157.50,2149.35,2151.87,2126.36" sx="M,M,M,M"/><TAIKYOKU oya="0"/><INIT seed="0,0,0,2,2,107" ten="250,250,250,250" oya="0" hai0="8,84,77,59,53,13,43,73,19,82,27,49,92" hai1="98,93,129,104,3,66,63,10,25,9,47,30,119" hai2="55,20,6,78,54,2,110,14,86,17,42,132,32" hai3="11,85,60,21,101,115,88,90,71,62,125,91,1"/><T112/><D112/><U128/><E119/><V72/><F132/><W57/><G115/><T40/><D73/><U35/><E47/><V126/><F126/><W87/><G125/><T83/><D83/><U133/><E133/><V123/><F123/><W29/><G71/><T44/><D92/><U97/><E104/><V37/><F32/><W111/><G111/><T7/><D27/><U68/><E97/><V65/><F65/><W41/><G101/><T64/><D64/><U124/><E124/><V15/><F86/><W5/><G41/><T69/><D69/><U109/><E109/><V122/><F15/><W18/><G29/><T99/><D99/><U39/><E39/><V52/><F122/><W36/><G36/><T0/><REACH who="0" step="1"/><D44/><REACH who="0" ten="240,250,250,250" step="2"/><U102/><E102/><V100/><F100/><W4/><G87/><T135/><D135/><U34/><E68/><V121/><F121/><W127/><G85/><T134/><D134/><U26/><E26/><V81/><F110/><W56/><G127/><T51/><D51/><U75/><E25/><V24/><F24/><N who="3" m="14391" /><G60/><T120/><D120/><U38/><E75/><V48/><F37/><W67/><G57/><T76/><D76/><U28/><E38/><V117/><F117/><W12/><G56/><T131/><D131/><U61/><E66/><V89/><F89/><W79/><G79/><T22/><AGARI ba="0,1" hai="0,7,8,13,19,22,40,43,49,53,59,77,82,84" machi="22" ten="20,3900,0" yaku="1,1,0,1,7,1,53,0" doraHai="107" doraHaiUra="95" who="0" fromWho="0" sc="240,49,250,-13,250,-13,250,-13" /><INIT seed="0,1,0,1,4,98" ten="289,237,237,237" oya="0" hai0="24,117,95,34,0,128,79,123,65,7,50,26,132" hai1="27,28,58,9,84,74,89,105,14,90,111,72,25" hai2="116,68,31,6,19,106,77,87,38,96,32,86,15" hai3="22,118,39,92,133,30,121,83,64,75,81,42,66"/><T46/><D117/><U2/><E2/><V130/><F116/><W37/><G118/><T16/><D123/><U124/><E124/><V99/><F38/><W36/><G121/><T102/><D34/><U4/><E105/><V51/><F68/><W49/><G133/><T44/><D0/><U18/><E111/><V109/><F109/><W108/><G108/><T23/><D7/><U8/><E89/><V35/><F6/><W88/><G30/><T41/><D128/><U59/><E74/><V122/><F122/><W76/><G22/><T45/><D132/><U67/><E72/><V78/><F31/><W113/><G83/><T52/><D65/><U80/><E67/><V53/><F130/><W12/><G12/><N who="0" m="9607" /><D79/><N who="2" m="30218" /><F32/><W55/><G42/><T17/><D17/><U11/><E27/><N who="0" m="10281" /><D41/><U114/><E114/><V33/><F35/><W29/><G29/><T104/><D104/><U103/><E4/><V91/><F106/><W112/><G112/><T131/><D131/><U120/><E120/><V100/><F33/><W101/><G113/><T21/><D21/><U48/><E28/><V110/><F110/><W47/><REACH who="3" step="1"/><G101/><REACH who="3" ten="289,237,237,227" step="2"/><T60/><D102/><U129/><E103/><V69/><F100/><W94/><G94/><T1/><D1/><U73/><E129/><V115/><F115/><W97/><AGARI ba="1,1" hai="36,37,39,47,49,55,64,66,75,76,81,88,92,97" machi="97" ten="30,12000,2" yaku="1,1,0,1,54,1,53,3" doraHai="98" doraHaiUra="71" who="3" fromWho="3" sc="289,-61,237,-31,237,-31,227,133" /><INIT seed="1,0,0,3,4,57" ten="228,206,206,360" oya="1" hai0="20,19,70,65,45,75,30,59,120,2,102,93,21" hai1="7,3,125,41,81,1,47,31,14,17,117,49,34" hai2="36,66,99,85,42,128,78,130,50,123,95,61,37" hai3="126,43,103,116,118,52,62,92,112,60,5,44,23"/><U98/><E117/><N who="3" m="45162" /><G112/><T35/><D75/><U53/><E125/><V8/><F123/><W129/><G126/><T56/><D2/><U96/><E81/><V72/><F72/><W77/><G129/><N who="2" m="49769" /><F8/><W58/><G77/><T54/><D35/><U106/><E7/><V82/><F50/><N who="3" m="30999" /><G23/><T68/><D21/><U79/><E79/><V86/><F42/><W89/><G103/><T114/><D102/><U135/><E135/><V113/><F113/><W27/><G27/><T51/><D20/><U134/><E134/><V91/><F99/><N who="3" m="57743" /><G5/><T124/><D124/><U119/><E119/><V10/><F10/><W74/><G74/><T38/><D114/><U55/><E34/><V22/><F22/><W127/><G127/><T105/><D120/><U9/><E31/><V28/><F28/><W11/><G11/><T109/><D30/><U33/><E33/><V69/><AGARI ba="0,0" hai="36,37,61,66,69,78,82,85,86,91,95" m="49769" machi="69" ten="30,2000,0" yaku="19,1,52,1" doraHai="57" who="2" fromWho="2" sc="228,-5,206,-10,206,20,360,-5" /><INIT seed="2,0,0,4,5,18" ten="223,196,226,355" oya="2" hai0="82,35,21,26,28,78,125,7,74,75,133,120,122" hai1="131,63,102,80,92,66,32,94,65,53,19,58,9" hai2="4,73,6,76,101,123,96,11,115,89,119,135,107" hai3="90,5,24,97,108,100,121,116,20,39,87,85,15"/><V31/><F119/><W16/><G121/><T118/><D133/><U127/><E32/><V68/><F123/><W55/><G116/><T95/><D125/><U13/><E127/><V62/><F135/><W105/><G108/><T110/><D118/><U27/><E131/><V43/><F115/><W0/><G39/><T25/><D110/><U111/><E111/><V134/><F134/><W132/><G132/><T57/><D75/><U17/><E80/><V60/><F43/><W52/><G0/><T84/><D7/><U22/><E102/><V54/><F31/><W81/><G5/><T42/><D42/><U104/><E104/><V112/><F112/><W113/><G113/><T2/><D2/><U30/><E30/><V69/><F6/><W126/><G126/><T86/><D74/><U98/><E98/><V59/><F62/><W64/><G64/><AGARI ba="0,0" hai="9,13,17,19,22,27,53,58,63,64,65,66,92,94" machi="64" ten="40,2600,0" yaku="8,1,52,1" doraHai="18" who="1" fromWho="3" sc="223,0,196,26,226,0,355,-26" /><INIT seed="3,0,0,4,3,57" ten="223,222,226,329" oya="3" hai0="2,36,68,96,76,91,103,27,71,20,13,53,132" hai1="54,41,97,77,113,78,127,133,110,32,5,112,99" hai2="58,64,3,28,9,60,65,26,87,59,79,48,124" hai3="121,123,98,0,117,49,6,122,102,46,16,69,29"/><W119/><G69/><T44/><D2/><U11/><E32/><V72/><F72/><W55/><G29/><T95/><D76/><U67/><E67/><V128/><F124/><W45/><G16/><T12/><D71/><U63/><E127/><V129/><F9/><W73/><G73/><T100/><D68/><U51/><E113/><V7/><F7/><W116/><G45/><T17/><D132/><U43/><E133/><V80/><F3/><W30/><G30/><N who="0" m="17767" /><D36/><U106/><E112/><V10/><F10/><W108/><G108/><T33/><D33/><U84/><E110/><V21/><F48/><W24/><G24/><T114/><D114/><U56/><E106/><V90/><F79/><N who="1" m="30217" /><E84/><V104/><F104/><W15/><G15/><N who="0" m="5707" /><D17/><U109/><E109/><V75/><F75/><W94/><G0/><T85/><D85/><U111/><E111/><V31/><F31/><W25/><G25/><T18/><D18/><U1/><E51/><AGARI ba="0,0" hai="44,51,53,91,95,96,100,103" m="5707,17767" machi="51" ten="30,1000,0" yaku="8,1" doraHai="57" who="0" fromWho="1" sc="223,10,222,-10,226,0,329,0" owari="233,3.3,212,-28.8,226,-17.4,329,42.9" /></mjloggm>