<mjloggm ver="2.3"><GO type="225" lobby="0"/><UN n0="%E6%98%93%E5%88%A9%E8%96%A9%E4%BC%AF" n1="%E3%82%8F%E3%81%8B%E3%81%B0%2A%E3%82%AC%E3%83%BC%E3%83%AB" n2="%E3%81%AF%E3%82%88%E3%81%8A%E3%81%98%E3%81%95%E3%82%93" n3="%E6%97%A5%E6%9B%9C%E6%97%A5%E3%82%88%E3%82%8A%E3%81%AE%E4%BD%BF%E8%80%85" dan="17,16,17,17" rate="2131.74,2071.16,2212.75,2256.33" sx="F,M,M,M"/><TAIKYOKU oya="0"/><INIT seed="0,0,0,1,2,23" ten="250,250,250,250" oya="0" hai0="86,54,116,63,79,118,9,126,110,105,65,81,125" hai1="52,18,15,111,70,38,83,100,112,12,10,113,66" hai2="24,76,42,17,5,95,4,61,91,25,109,108,94" hai3="74,73,21,58,114,48,85,97,14,56,37,60,88"/><T51/><D105/><U134/><E111/><N who="2" m="42571" /><F76/><W53/><G37/><T128/><D110/><U27/><E38/><V90/><F42/><W55/><G97/><T35/><D35/><U59/><E134/><V3/><F17/><W33/><G33/><T49/><D128/><U44/><E100/><V106/><F106/><W96/><G96/><T13/><D118/><U130/><E130/><V115/><F115/><N who="1" m="44105" /><E83/><V11/><F5/><W124/><G124/><N who="0" m="47723" /><D54/><U34/><E44/><V89/><F61/><W104/><G104/><T47/><D47/><U40/><E40/><V28/><F28/><W46/><G46/><T127/><D116/><U32/><E15/><V82/><F82/><W131/><G131/><T36/><D36/><U77/><E77/><V133/><F133/><W101/><G114/><T29/><D29/><N who="1" m="19519" /><E34/><V30/><F30/><W84/><G60/><T119/><D119/><U7/><E7/><V16/><F16/><W71/><G48/><T8/><D127/><U92/><E92/><AGARI ba="0,0" hai="3,4,11,24,25,89,90,91,92,94,95" m="42571" machi="92" ten="30,3900,0" yaku="14,1,52,2" doraHai="23" who="2" fromWho="1" sc="250,0,250,-39,250,39,250,0" /><INIT seed="1,0,0,4,2,103" ten="250,211,289,250" oya="1" hai0="111,11,10,83,85,118,47,86,62,122,93,61,126" hai1="119,123,75,107,130,7,16,69,6,70,115,26,13" hai2="131,5,121,124,18,132,113,57,94,42,33,46,34" hai3="41,24,120,97,133,58,81,8,101,40,14,125,99"/><U74/><E115/><V90/><F121/><W21/><G120/><T52/><D122/><U128/><E123/><V23/><F5/><N who="1" m="1545" /><E119/><V127/><F57/><W38/><G38/><T20/><D118/><U17/><E26/><V50/><F131/><N who="1" m="50217" /><E107/><V105/><F132/><W129/><G133/><T45/><D111/><U117/><E117/><V116/><F105/><W71/><G125/><N who="2" m="48201" /><F113/><W54/><G71/><N who="1" m="27146" /><E13/><N who="2" m="9679" /><F116/><W96/><G129/><T79/><D126/><U30/><E30/><V114/><F114/><W80/><G14/><T109/><D109/><U28/><E28/><V32/><F33/><W77/><G8/><T2/><D11/><U65/><E65/><V29/><F29/><W84/><G101/><T59/><D20/><U100/><E100/><V25/><F25/><W78/><G21/><T72/><D10/><U35/><E35/><V39/><F39/><W4/><G24/><T112/><D112/><U68/><N who="1" m="27154" /><U82/><DORA hai="15" /><E82/><V76/><F76/><W64/><G64/><T108/><D83/><U88/><E88/><V134/><F134/><W66/><G66/><T60/><D79/><U19/><AGARI ba="0,0" hai="16,17,19,74,75" m="27154,50217,1545" machi="19" ten="50,18000,2" yaku="28,2,19,1,52,3,54,1" doraHai="103,15" who="1" fromWho="1" sc="250,-60,211,180,289,-60,250,-60" /><INIT seed="1,1,0,5,2,75" ten="190,391,229,190" oya="1" hai0="127,73,92,45,113,56,61,91,37,21,90,98,74" hai1="118,8,10,85,3,94,116,14,112,134,96,78,123" hai2="60,82,77,15,30,18,128,44,84,100,29,108,103" hai3="83,109,135,12,111,43,27,99,106,13,95,33,68"/><U117/><E112/><V1/><F1/><W87/><G68/><T31/><D113/><U55/><E123/><V20/><F108/><N who="3" m="41547" /><G106/><T49/><D37/><U131/><E131/><V11/><F128/><W25/><G43/><T47/><D127/><U115/><E115/><V40/><F60/><W64/><G64/><T62/><D47/><U59/><E3/><V122/><F122/><W19/><G135/><T32/><D32/><U52/><E134/><V5/><F100/><N who="3" m="60543" /><G33/><T71/><D71/><U105/><E105/><V101/><F103/><W38/><G38/><T129/><D129/><U79/><E85/><V7/><F101/><W17/><G13/><T125/><D125/><U35/><E35/><V63/><F63/><W89/><G19/><T120/><D91/><N who="1" m="55391" /><E118/><V41/><F40/><W48/><G48/><T67/><D62/><N who="1" m="36199" /><E117/><V4/><REACH who="2" step="1"/><F11/><AGARI ba="1,0" hai="11,12,17,25,27,83,87,89" m="60543,41547" machi="11" ten="30,1000,0" yaku="14,1" doraHai="75" who="3" fromWho="2" sc="190,0,391,0,229,-13,190,13" /><INIT seed="2,0,0,0,0,56" ten="190,391,216,203" oya="2" hai0="97,63,3,67,52,1,58,101,78,109,94,34,75" hai1="121,118,5,27,86,32,16,46,39,24,100,66,21" hai2="14,37,119,89,50,51,41,125,134,44,92,110,49" hai3="135,17,20,69,4,112,12,88,35,98,30,59,22"/><V84/><F119/><W73/><G69/><T122/><D122/><U65/><E118/><V77/><F125/><W113/><G73/><T85/><D109/><U2/><E100/><V18/><F110/><W9/><G135/><T117/><D117/><U93/><E121/><V99/><F134/><W107/><G35/><T10/><D34/><U103/><E2/><V60/><F60/><W127/><G127/><T90/><D10/><U19/><E5/><V126/><F126/><W36/><G36/><T33/><D33/><U48/><E39/><V54/><F77/><W130/><G130/><T123/><D123/><U42/><E32/><V43/><F41/><W91/><G30/><T8/><D8/><U129/><E129/><V68/><F68/><W115/><G22/><T80/><D67/><U72/><E72/><V64/><F64/><W131/><G131/><T102/><D102/><U6/><E6/><V106/><F106/><AGARI ba="0,0" hai="1,3,52,58,63,75,78,80,85,90,94,97,101,106" machi="106" ten="30,8000,1" yaku="7,1,24,2,52,1,54,1" doraHai="56" who="0" fromWho="2" sc="190,80,391,0,216,-80,203,0" /><INIT seed="3,0,0,3,3,119" ten="270,391,136,203" oya="3" hai0="75,1,58,135,64,11,50,26,42,28,46,30,36" hai1="6,121,83,70,95,74,126,47,134,16,19,109,71" hai2="88,38,17,117,53,123,3,67,128,33,77,133,40" hai3="114,57,59,9,12,39,105,63,25,23,37,79,113"/><W93/><G105/><T13/><D75/><U125/><E121/><V60/><F117/><W44/><G79/><T96/><D1/><U7/><E109/><V48/><F3/><W103/><G113/><T32/><D30/><U22/><E134/><V43/><F33/><W131/><G131/><T52/><D135/><U91/><E47/><V132/><F133/><W104/><G104/><T5/><D96/><N who="1" m="57471" /><E83/><V97/><F132/><W78/><G78/><T65/><AGARI ba="0,0" hai="5,11,13,26,28,32,36,42,46,50,52,58,64,65" machi="65" ten="30,2000,0" yaku="0,1,54,1" doraHai="119" who="0" fromWho="0" sc="270,20,391,-5,136,-5,203,-10" owari="290,9.0,386,48.6,131,-36.9,193,-20.7" /></mjloggm>