<mjloggm ver="2.3"><GO type="225" lobby="0"/><UN n0="%E3%81%BF%E3%81%BF%E3%81%9A" n1="%E3%83%96%E3%83%83%E3%83%91%E3%82%AA%E3%83%96%E3%83%81%E3%82%AD%E3%83%B3" n2="%E3%81%A4%E3%81%A3%E3%81%B1%E3%82%8A%E3%83%9D%E3%83%BC%E3%83%AB" n3="%E3%82%B3%E3%83%90%E3%83%AC%E3%82%A4" dan="17,16,17,16" rate="2261.34,2129.30,2231.24,2158.85" sx="M,M,M,M"/><TAIKYOKU oya="0"/><INIT seed="0,0,0,4,2,101" ten="250,250,250,250" oya="0" hai0="44,127,9,0,28,71,53,39,77,15,51,65,32" hai1="131,110,25,79,112,13,58,100,132,29,102,43,7" hai2="78,124,50,55,6,92,103,109,80,22,67,90,69" hai3="114,49,135,117,120,52,20,36,31,125,70,66,45"/><T27/><D127/><U72/><E110/><V24/><F124/><W126/><G117/><T105/><D77/><U16/><E131/><V87/><F109/><W14/><G114/><T12/><D39/><U35/><E112/><V5/><F103/><W47/><G31/><T104/><D0/><U93/><E132/><V41/><F41/><N who="3" m="22695" /><G20/><T3/><D3/><U63/><E7/><V108/><F108/><W33/><G14/><T118/><D118/><U60/><E43/><V37/><F37/><W81/><G33/><T42/><D15/><U68/><E93/><V18/><F67/><W107/><G81/><T76/><D76/><U111/><E111/><V30/><F30/><W83/><G83/><T86/><D86/><U8/><E68/><V74/><REACH who="2" step="1"/><F69/><REACH who="2" ten="250,250,240,250" step="2"/><W2/><G126/><T21/><D32/><U98/><E102/><V129/><F129/><W38/><G70/><T11/><D42/><U94/><REACH who="1" step="1"/><E58/><AGARI ba="0,1" hai="5,6,18,22,24,50,55,58,74,78,80,87,90,92" machi="58" ten="30,3900,0" yaku="1,1,7,1,53,1" doraHai="101" doraHaiUra="106" who="2" fromWho="1" sc="250,0,250,-39,240,49,250,0" /><INIT seed="1,0,0,4,0,116" ten="250,211,289,250" oya="1" hai0="42,128,131,22,100,33,79,3,25,134,105,46,10" hai1="114,53,104,47,110,80,49,94,20,71,66,69,87" hai2="27,58,111,63,35,109,101,83,88,13,28,72,123" hai3="132,52,89,43,37,36,2,64,127,91,67,107,4"/><U31/><E114/><V103/><F123/><W29/><G107/><T102/><D134/><U73/><E104/><V85/><F72/><W135/><G29/><T75/><D33/><U98/><E73/><V55/><REACH who="2" step="1"/><F13/><REACH who="2" ten="250,211,279,250" step="2"/><W130/><G2/><T57/><D75/><U117/><E117/><V129/><F129/><W61/><G130/><T82/><D3/><U21/><E110/><AGARI ba="0,1" hai="27,28,35,55,58,63,83,85,88,101,103,109,110,111" machi="110" ten="40,5200,0" yaku="1,1,14,1,54,1,53,0" doraHai="116" doraHaiUra="60" who="2" fromWho="1" sc="250,0,211,-52,279,62,250,0" /><INIT seed="2,0,0,5,4,69" ten="250,159,341,250" oya="2" hai0="93,8,83,121,39,118,96,50,26,3,42,116,52" hai1="80,114,124,75,16,5,112,122,131,86,30,21,67" hai2="44,43,18,108,100,4,82,47,57,104,14,1,38" hai3="27,46,65,78,135,2,48,28,106,109,56,111,129"/><V99/><F108/><N who="3" m="41547" /><G2/><T6/><D121/><U120/><E75/><V49/><F82/><W15/><G106/><T37/><D26/><N who="1" m="16719" /><E67/><V71/><F71/><W85/><G15/><T51/><D51/><U58/><E58/><V60/><F4/><W74/><G74/><T84/><D42/><U97/><E86/><V54/><F1/><W24/><G135/><T35/><D35/><U87/><E87/><V32/><F32/><W79/><G85/><T102/><D116/><U123/><E97/><V101/><F101/><W19/><G19/><T29/><D29/><U22/><E80/><V62/><REACH who="2" step="1"/><F57/><REACH who="2" ten="250,159,331,250" step="2"/><W115/><G115/><N who="1" m="44074" /><E5/><V98/><F98/><W90/><G56/><T117/><D118/><U133/><E133/><V64/><F64/><W25/><G65/><T73/><D117/><U45/><E45/><V126/><F126/><W132/><G132/><T91/><D73/><U72/><E72/><V94/><F94/><W88/><G78/><T31/><D31/><U40/><E40/><V103/><F103/><W127/><G79/><T95/><D93/><U130/><E124/><V36/><F36/><W53/><G127/><T77/><D102/><U13/><AGARI ba="0,1" hai="13,16,22,120,122,123,130,131" m="44074,16719" machi="13" ten="40,8000,1" yaku="13,1,34,2,54,1" doraHai="69" who="1" fromWho="1" sc="250,-20,159,90,331,-40,250,-20" /><INIT seed="3,0,0,5,2,132" ten="230,249,291,230" oya="3" hai0="66,92,95,121,81,25,70,12,34,5,64,15,94" hai1="36,127,108,37,109,56,90,71,130,60,73,29,89" hai2="52,31,27,42,113,99,78,86,76,16,3,103,131" hai3="72,114,100,67,85,126,106,112,93,41,79,26,11"/><W133/><G133/><T87/><D121/><U0/><E73/><V50/><F3/><W24/><G41/><T120/><D120/><U69/><E0/><V32/><F113/><W129/><G67/><N who="0" m="25643" /><D34/><U135/><E29/><V53/><F131/><W58/><G129/><T98/><D70/><N who="1" m="26635" /><E130/><V9/><F42/><W20/><G26/><T6/><D25/><U105/><E105/><V88/><F53/><W75/><G75/><T57/><D57/><U35/><E35/><V13/><F99/><N who="3" m="61727" /><G58/><T115/><D98/><U19/><E19/><V97/><F97/><W122/><G122/><T40/><D40/><U21/><E21/><N who="2" m="15855" /><F103/><W91/><G11/><T47/><D115/><N who="3" m="44073" /><G20/><T38/><D38/><U68/><E68/><V28/><F28/><W110/><G24/><T18/><D47/><U125/><E135/><V4/><F4/><N who="0" m="1642" /><D18/><U59/><E36/><V14/><F32/><W7/><G7/><T65/><N who="0" m="25651" /><T83/><DORA hai="77" /><D87/><U54/><E37/><V51/><F14/><AGARI ba="0,0" hai="12,14,15,81,83,92,94,95" m="1642,25651" machi="14" ten="40,8000,1" yaku="28,2,8,1,52,2" doraHai="132,77" who="0" fromWho="2" sc="230,80,249,0,291,-80,230,0" owari="310,41.0,249,4.9,211,-28.9,230,-17.0" /></mjloggm>