<mjloggm ver="2.3"><GO type="225" lobby="0"/><UN n0="%E7%89%B9%E6%9D%B1%E3%81%AF%E4%B8%96%E7%95%8C%E3%82%92%E6%95%91%E3%81%86" n1="%E3%81%8B%E3%82%8F%E3%81%A1%E3%82%83%E3%82%93%35%38" n2="%E3%82%A4%E3%83%BC%E3%82%B1%E3%83%97%E3%83%A9" n3="%E9%B3%B3%E6%9D%B1%E3%81%AE%E3%81%BF%E3%81%91%E3%81%AB%E3%82%83%E3%82%93" dan="16,16,17,16" rate="2159.56,2122.33,2228.54,2145.44" sx="M,M,M,F"/><TAIKYOKU oya="0"/><INIT seed="0,0,0,3,3,97" ten="250,250,250,250" oya="0" hai0="57,43,10,15,125,21,5,86,26,36,31,14,41" hai1="16,89,2,46,52,131,22,95,4,90,106,127,60" hai2="7,49,20,68,19,98,100,76,47,53,124,91,71" hai3="135,50,122,112,13,132,123,110,18,64,130,56,115"/><T35/><D125/><U88/><E106/><V134/><F124/><W32/><G64/><T48/><D36/><U6/><E127/><V99/><F134/><N who="3" m="51243" /><G56/><T92/><D86/><U17/><E131/><V65/><F76/><W73/><G50/><T61/><D48/><N who="1" m="28695" /><E2/><V85/><F7/><N who="1" m="2601" /><E60/><V42/><F42/><W9/><G73/><T96/><D35/><U67/><E67/><V12/><F65/><W118/><G130/><T75/><D75/><U29/><E29/><V126/><F126/><W44/><G44/><T84/><D84/><N who="1" m="52647" /><E17/><V82/><REACH who="2" step="1"/><F99/><REACH who="2" ten="250,250,240,250" step="2"/><W109/><G118/><T105/><D43/><U111/><E111/><N who="3" m="42506" /><G32/><T33/><D41/><U55/><E55/><V1/><F1/><W24/><G24/><AGARI ba="0,1" hai="16,22,24,88,90" m="52647,2601,28695" machi="24" ten="30,7700,0" yaku="8,1,54,3" doraHai="97" who="1" fromWho="3" sc="250,0,250,87,240,0,250,-77" /><INIT seed="1,0,0,5,2,102" ten="250,337,240,173" oya="1" hai0="18,70,86,29,42,65,36,130,56,78,125,77,101" hai1="49,28,84,64,122,23,135,103,95,91,79,5,89" hai2="96,45,15,31,118,50,47,46,74,16,106,27,105" hai3="128,20,110,60,132,111,39,35,2,115,87,93,13"/><U51/><E122/><V48/><F118/><W17/><G39/><T117/><D70/><U71/><E135/><V69/><F69/><W9/><G60/><T88/><D117/><U75/><E75/><V52/><F74/><W3/><G87/><T57/><D130/><U99/><E5/><V12/><F96/><W44/><G44/><T72/><D72/><U26/><E79/><V55/><F47/><W119/><G93/><T80/><D125/><U59/><E71/><V116/><F116/><W67/><G67/><T81/><D101/><U11/><E11/><V76/><F76/><W54/><G54/><T61/><D29/><U109/><E109/><N who="3" m="41482" /><G119/><T124/><D124/><U0/><E0/><N who="3" m="42" /><G115/><T58/><D36/><U41/><E41/><V100/><F100/><W107/><G107/><T85/><D42/><U112/><E112/><V66/><F66/><W32/><G128/><T40/><D40/><U123/><E123/><V126/><F126/><W104/><G104/><T98/><D18/><U4/><E4/><V30/><F27/><N who="3" m="14735" /><G132/><T108/><D108/><U19/><E19/><AGARI ba="0,0" hai="12,15,16,19,30,31,45,46,48,50,52,55,105,106" machi="19" ten="25,12000,2" yaku="22,2,52,2,54,2" doraHai="102" who="2" fromWho="1" sc="250,0,337,-120,240,120,173,0" /><AGARI ba="0,0" hai="9,13,19,32,35" m="14735,42,41482" machi="19" ten="30,3900,0" yaku="14,1,34,2" doraHai="102" who="3" fromWho="1" sc="250,0,217,-39,360,0,173,39" /><INIT seed="2,0,0,2,4,36" ten="250,178,360,212" oya="2" hai0="116,125,88,17,26,19,11,55,100,129,35,101,57" hai1="25,75,82,96,9,14,83,77,131,118,12,115,128" hai2="130,5,69,28,56,119,44,106,99,54,0,104,84" hai3="112,113,124,34,98,1,80,15,6,134,111,30,132"/><V81/><F119/><W7/><G80/><T27/><D116/><U31/><E118/><V43/><F69/><W127/><G98/><T13/><D129/><U67/><E115/><N who="3" m="44106" /><G15/><N who="0" m="7423" /><D125/><N who="3" m="48201" /><G111/><T105/><D105/><U78/><E67/><V62/><F130/><W42/><G42/><T76/><D76/><U48/><E96/><V79/><F28/><W40/><G40/><T114/><D35/><U109/><E109/><V90/><F5/><N who="3" m="1547" /><G1/><T21/><D114/><U107/><E107/><V52/><F0/><W97/><G97/><T46/><D101/><U70/><E70/><V71/><F71/><W74/><G74/><T37/><D100/><U122/><E75/><V2/><F2/><W86/><G86/><T38/><D13/><U24/><E9/><V18/><F99/><W45/><G45/><T60/><D46/><U61/><E61/><V51/><F79/><W59/><G59/><T135/><D57/><U103/><E48/><V49/><F18/><W10/><G10/><T126/><D19/><U16/><E16/><V39/><F39/><W102/><G102/><T3/><D3/><U50/><E103/><V8/><F8/><W123/><G123/><T94/><D38/><U91/><E50/><V29/><F29/><W87/><G87/><T72/><D37/><U47/><E31/><V73/><F73/><W4/><N who="3" m="1555" /><W85/><DORA hai="68" /><G85/><T120/><D72/><U133/><E47/><AGARI ba="0,0" hai="43,44,47,49,51,52,54,56,62,81,84,90,104,106" machi="47" ten="30,5800,0" yaku="7,1,52,1,54,1" doraHai="36,68" who="2" fromWho="1" sc="250,0,178,-58,360,58,212,0" /><INIT seed="2,1,0,3,2,76" ten="250,120,418,212" oya="2" hai0="42,108,63,8,117,89,134,54,5,114,74,11,44" hai1="7,12,97,130,91,127,86,87,109,88,118,67,132" hai2="102,32,129,124,119,1,57,106,122,83,4,112,24" hai3="27,94,59,120,48,28,71,64,49,133,60,79,105"/><V65/><F112/><W56/><G105/><T62/><D114/><U15/><E118/><V36/><F122/><W70/><G120/><T22/><D74/><U16/><E109/><V23/><F36/><W77/><G133/><T21/><D108/><U38/><E38/><V20/><F32/><W107/><G107/><T58/><D134/><U31/><E132/><V53/><F65/><W95/><G27/><T2/><D117/><U34/><E130/><V10/><F124/><W96/><G28/><T103/><D103/><U78/><E127/><V123/><F123/><W92/><G96/><T98/><D62/><U33/><E67/><V72/><F129/><W135/><G135/><T111/><D111/><U52/><E31/><V81/><F72/><W82/><G77/><T9/><D2/><U0/><E0/><V101/><F23/><W13/><G13/><T115/><D5/><U14/><E7/><V61/><F119/><W6/><G6/><T100/><D89/><N who="1" m="34379" /><E34/><V39/><F39/><W80/><G79/><T93/><D115/><U43/><E43/><V51/><F61/><W116/><G116/><T69/><D69/><N who="3" m="26121" /><G60/><T99/><D99/><U30/><E33/><V84/><F84/><N who="1" m="32297" /><E30/><V26/><F26/><W25/><G25/><T104/><D98/><U29/><E29/><V3/><F3/><W47/><G64/><T37/><D37/><U41/><E78/><V50/><F106/><W131/><G131/><T110/><D110/><U66/><E66/><V40/><F4/><W90/><G90/><T17/><D104/><U46/><E97/><V18/><F1/><RYUUKYOKU ba="1,0" sc="250,0,120,0,418,0,212,0" /><INIT seed="3,2,0,5,4,67" ten="250,120,418,212" oya="3" hai0="44,43,91,12,119,45,81,46,26,113,122,127,75" hai1="1,114,31,57,103,21,99,34,70,20,63,68,110" hai2="86,18,16,42,77,131,41,130,96,64,9,112,123" hai3="109,27,124,120,60,105,17,24,134,53,102,30,93"/><W5/><G120/><T126/><D119/><U47/><E114/><V39/><F112/><W83/><G105/><T2/><D113/><U51/><E110/><V33/><F33/><W3/><G134/><T11/><D2/><U37/><E1/><V104/><F123/><W28/><G124/><N who="0" m="47659" /><D26/><U78/><E37/><V116/><F116/><W118/><G83/><T13/><D13/><U71/><E78/><V38/><F39/><W32/><G60/><T36/><D122/><U128/><E128/><V29/><F38/><W69/><G53/><T54/><D54/><U108/><E108/><V101/><F64/><W88/><G102/><T56/><D56/><U23/><E34/><V129/><F29/><W74/><G74/><T115/><D115/><U84/><E84/><V35/><F35/><W80/><G17/><N who="2" m="6761" /><F9/><W121/><G80/><AGARI ba="2,0" hai="41,42,77,80,86,96,101,104,129,130,131" m="6761" machi="80" ten="40,2600,0" yaku="19,1,54,1" doraHai="67" who="2" fromWho="3" sc="250,0,120,0,418,32,212,-32" owari="250,5.0,120,-38.0,450,55.0,180,-22.0" /></mjloggm>