<mjloggm ver="2.3"><GO type="225" lobby="0"/><UN n0="%E3%83%A9%E3%83%BC%E3%83%A1%E3%83%B3%E4%BA%94%E9%83%8E" n1="%E3%81%95%E3%81%8D%E3%81%9F%E3%81%BE%E6%9E%97%E6%AA%8E" n2="%E3%83%96%E3%83%83%E3%83%91%E3%82%AA%E3%83%96%E3%83%81%E3%82%AD%E3%83%B3" n3="%E3%83%A9%E3%82%B9%E7%8E%87%EF%BC%93%E5%89%B2" dan="16,16,16,17" rate="2132.47,2090.00,2197.80,2211.30" sx="M,M,M,F"/><TAIKYOKU oya="0"/><INIT seed="0,0,0,3,1,17" ten="250,250,250,250" oya="0" hai0="57,60,37,99,67,49,130,118,112,12,98,119,40" hai1="70,22,41,91,14,126,75,71,113,45,81,5,50" hai2="84,123,95,3,18,61,120,128,96,103,47,127,108" hai3="129,74,35,44,11,27,46,58,93,20,105,23,87"/><T133/><D112/><U1/><E126/><V78/><F127/><W28/><G74/><T7/><D130/><U32/><E32/><V16/><F128/><W104/><G129/><T114/><D114/><U54/><E113/><V102/><F108/><W6/><G104/><T85/><D133/><U106/><E106/><V62/><F3/><W29/><G105/><T33/><D33/><U34/><E34/><V109/><F109/><W86/><G58/><T65/><D37/><U59/><E1/><V132/><F132/><W69/><G69/><T124/><D124/><U80/><E80/><N who="2" m="47127" /><F123/><W100/><G100/><N who="2" m="38441" /><F120/><W134/><G134/><T25/><D67/><U52/><E75/><V89/><F47/><W125/><G125/><T117/><D85/><N who="1" m="50607" /><E71/><V72/><F72/><W19/><G35/><T10/><REACH who="0" step="1"/><D25/><REACH who="0" ten="240,250,250,250" step="2"/><U63/><E70/><V83/><F83/><W131/><G131/><T101/><D101/><U64/><E5/><V43/><F43/><W2/><G87/><T110/><D110/><U88/><E88/><V31/><F31/><W92/><G29/><T135/><D135/><U90/><E90/><V94/><F94/><W53/><G86/><T15/><D15/><U4/><E4/><V42/><F42/><W73/><G73/><T107/><D107/><U55/><E14/><V39/><F39/><W111/><G111/><T36/><D36/><U82/><E82/><V56/><F89/><W8/><G93/><T77/><D77/><U38/><E38/><V115/><F95/><W76/><G92/><T0/><D0/><U48/><E48/><V97/><F115/><RYUUKYOKU ba="0,1" sc="240,15,250,15,250,-15,250,-15" hai0="7,10,12,40,49,57,60,65,98,99,117,118,119" hai1="22,41,45,50,52,54,55,59,63,64" /><INIT seed="0,1,1,4,0,134" ten="255,265,235,235" oya="0" hai0="49,123,78,135,36,115,97,13,129,45,99,69,17" hai1="58,33,124,114,90,76,86,22,82,32,73,131,55" hai2="21,125,18,1,106,105,116,98,4,26,91,87,89" hai3="6,44,51,109,37,71,101,93,122,74,16,88,2"/><T40/><D115/><U117/><E114/><V56/><F116/><W102/><G37/><T7/><D123/><U85/><E117/><V39/><F39/><W63/><G74/><T14/><D135/><U50/><E131/><V121/><F121/><W108/><G6/><T3/><D3/><U80/><E124/><V111/><F111/><N who="3" m="42571" /><G2/><T83/><D69/><U70/><E70/><V8/><F125/><W132/><G132/><T112/><D112/><U5/><E5/><V62/><F91/><W43/><G122/><T68/><D68/><U35/><REACH who="1" step="1"/><E22/><REACH who="1" ten="255,255,235,235" step="2"/><V20/><F20/><W25/><G71/><T42/><D129/><U10/><E10/><V27/><F27/><W12/><G25/><T77/><D7/><U119/><E119/><V72/><F72/><AGARI ba="1,2" hai="32,33,35,50,55,58,72,73,76,80,82,85,86,90" machi="72" ten="40,1300,0" yaku="1,1,53,0" doraHai="134" doraHaiUra="60" who="1" fromWho="2" sc="255,0,255,36,235,-16,235,0" /><INIT seed="1,0,0,5,3,8" ten="255,291,219,235" oya="1" hai0="86,37,71,60,33,99,45,17,64,102,103,74,92" hai1="41,130,36,2,87,108,56,59,132,54,34,52,24" hai2="39,106,127,18,47,121,107,93,128,97,50,109,19" hai3="10,11,7,13,90,123,112,84,35,25,96,61,70"/><U67/><E2/><V46/><F121/><W78/><G123/><T81/><D74/><U23/><E34/><V111/><F39/><W29/><G112/><T21/><D33/><U75/><E75/><V26/><F127/><W32/><G32/><T12/><D103/><U1/><E1/><V82/><F82/><W72/><G72/><T85/><REACH who="0" step="1"/><D81/><REACH who="0" ten="245,291,219,235" step="2"/><U44/><E132/><V117/><F117/><W119/><G119/><T0/><D0/><U3/><E3/><V58/><F128/><W126/><G126/><T134/><D134/><U98/><E130/><V115/><F115/><W135/><G135/><T22/><D22/><U100/><E100/><V16/><F107/><W89/><G78/><T125/><D125/><U31/><E23/><N who="2" m="13671" /><F106/><W73/><G73/><T101/><D101/><U15/><E108/><V91/><F111/><W68/><G90/><T20/><D20/><U66/><E31/><V38/><F109/><W14/><G89/><T43/><AGARI ba="0,1" hai="12,17,21,37,43,45,60,64,71,85,86,92,99,102" machi="43" ten="30,4000,0" yaku="1,1,0,1,52,1,53,0" doraHai="8" doraHaiUra="104" who="0" fromWho="0" sc="245,50,291,-20,219,-10,235,-10" /><INIT seed="2,0,0,4,1,6" ten="295,271,209,225" oya="2" hai0="87,104,59,63,79,70,1,39,109,81,111,26,103" hai1="99,25,96,32,43,126,52,117,74,100,116,127,12" hai2="92,89,125,65,131,4,33,64,133,55,128,82,9" hai3="114,28,35,27,16,124,71,57,10,23,110,51,67"/><V45/><F33/><W73/><G110/><N who="0" m="41995" /><D39/><U11/><E74/><V115/><F115/><W134/><G73/><T105/><D70/><U47/><E25/><V20/><F20/><W21/><G134/><T50/><D1/><U29/><E29/><V129/><F133/><W120/><G120/><T94/><D50/><N who="1" m="28767" /><E32/><V112/><F112/><W121/><G121/><T54/><D26/><U31/><E31/><V95/><F125/><N who="1" m="47625" /><E43/><V102/><F45/><W24/><G124/><T48/><D63/><U7/><E99/><AGARI ba="0,0" hai="48,54,59,79,81,87,94,99,103,104,105" m="41995" machi="99" ten="30,1000,0" yaku="14,1" doraHai="6" who="0" fromWho="1" sc="295,10,271,-10,209,0,225,0" /><INIT seed="3,0,0,4,0,15" ten="305,261,209,225" oya="3" hai0="58,66,11,56,13,10,103,67,60,18,107,33,4" hai1="96,79,0,29,35,91,93,55,97,37,7,84,12" hai2="94,25,3,78,90,61,104,5,132,6,115,131,102" hai3="23,110,36,38,83,114,80,130,85,64,87,62,44"/><W41/><G114/><T74/><D74/><U28/><E37/><V22/><F115/><W86/><G130/><T113/><D113/><U24/><E29/><V81/><F3/><W125/><G125/><T39/><D33/><U106/><E0/><V75/><F131/><W31/><G38/><T118/><D118/><U99/><E79/><V21/><F132/><W26/><REACH who="3" step="1"/><G110/><REACH who="3" ten="305,261,209,215" step="2"/><T59/><D39/><U57/><E106/><V126/><F126/><W135/><G135/><T133/><D133/><U128/><E128/><V8/><F61/><W53/><G53/><T116/><D60/><U49/><E99/><N who="2" m="61535" /><F8/><W42/><G42/><T20/><D11/><U34/><E97/><V27/><F22/><W17/><G17/><T9/><D9/><N who="1" m="4159" /><E35/><V65/><F65/><W119/><G119/><T50/><D116/><U98/><E98/><V105/><F105/><W70/><AGARI ba="0,1" hai="23,26,31,36,41,44,62,64,70,80,83,85,86,87" machi="70" ten="30,6000,0" yaku="1,1,0,1,53,1" doraHai="15" doraHaiUra="19" who="3" fromWho="3" sc="305,-20,261,-20,209,-20,215,70" /><INIT seed="3,1,0,4,5,85" ten="285,241,189,285" oya="3" hai0="122,101,69,115,29,48,34,15,25,21,106,84,28" hai1="44,11,2,132,88,6,4,12,74,107,117,120,75" hai2="112,22,16,55,47,90,134,32,3,131,7,79,31" hai3="38,54,111,33,24,45,58,113,36,64,49,20,57"/><W5/><G113/><T126/><D122/><U108/><E120/><V97/><F112/><W83/><G33/><T39/><D39/><U104/><E108/><V1/><F131/><W123/><G123/><T78/><D115/><U102/><E44/><V81/><F134/><W40/><G111/><T51/><D69/><U10/><E132/><V72/><F32/><W0/><G0/><T99/><D126/><U100/><E117/><V68/><F31/><W133/><G5/><T124/><D124/><U114/><E114/><V95/><F68/><W50/><G133/><T103/><D103/><U63/><E63/><V93/><F7/><W89/><G64/><T91/><D78/><U125/><E125/><V77/><F77/><W67/><G67/><T98/><D98/><U30/><E30/><V62/><F95/><W26/><G26/><T13/><D29/><U41/><E41/><V86/><F72/><W105/><G57/><T76/><D76/><U94/><E94/><V118/><F118/><W70/><G105/><T8/><D34/><U128/><E128/><V65/><F65/><W42/><G42/><T96/><D96/><U61/><E61/><V66/><F66/><W37/><G70/><T59/><D59/><U46/><E46/><V19/><F19/><N who="3" m="12319" /><G38/><T87/><D15/><U130/><E130/><V82/><F82/><W17/><G17/><N who="0" m="8359" /><D87/><U60/><E12/><N who="2" m="9479" /><F47/><W18/><G18/><T56/><D56/><U135/><E135/><V9/><F9/><W119/><G119/><T53/><D53/><U35/><E2/><V14/><F14/><W73/><G73/><RYUUKYOKU ba="1,0" sc="285,10,241,-30,189,10,285,10" hai0="21,25,28,48,51,84,91,99,101,106" hai2="1,3,55,62,79,81,86,90,93,97" hai3="36,37,40,45,49,50,54,58,83,89" /><INIT seed="3,2,0,2,3,34" ten="295,211,199,295" oya="3" hai0="12,135,32,107,51,126,8,29,117,5,132,133,104" hai1="119,45,69,47,72,37,103,1,48,65,0,82,41" hai2="7,101,36,105,108,3,131,58,98,122,13,66,84" hai3="46,79,33,50,40,111,75,27,20,67,26,120,15"/><W125/><G120/><T44/><D126/><U70/><E103/><V109/><F122/><W42/><G125/><T106/><D117/><U59/><E59/><V19/><F36/><W134/><G67/><T63/><D63/><U102/><E102/><V25/><F131/><W21/><G33/><T64/><D64/><U100/><E100/><V71/><F25/><W52/><G134/><T88/><D88/><U54/><E119/><V31/><F31/><N who="3" m="17863" /><G111/><N who="2" m="42569" /><F71/><W55/><G75/><T56/><D56/><U77/><REACH who="1" step="1"/><E65/><REACH who="1" ten="295,201,199,295" step="2"/><V24/><F66/><W86/><G42/><N who="0" m="24983" /><D106/><U43/><E43/><V92/><F105/><W35/><G40/><T30/><D32/><U80/><E80/><V17/><F58/><W89/><G35/><T76/><D107/><U99/><E99/><V91/><F101/><W68/><G55/><T115/><D104/><U110/><E110/><V116/><F98/><W112/><G52/><T16/><D133/><U57/><E57/><V73/><F116/><W18/><G46/><T93/><D135/><U23/><E23/><N who="2" m="13439" /><F73/><W81/><G21/><T113/><D132/><U2/><AGARI ba="2,1" hai="0,1,2,37,41,45,47,48,54,69,70,72,77,82" machi="2" ten="30,12000,2" yaku="1,1,0,1,52,3,53,1" doraHai="34" doraHaiUra="74" who="1" fromWho="1" sc="295,-32,201,136,199,-32,295,-62" owari="263,6.3,337,43.7,167,-33.3,233,-16.7" /></mjloggm>