<mjloggm ver="2.3"><GO type="225" lobby="0"/><UN n0="%E3%83%81%E3%83%83%E3%82%BF%E3%82%BD%E3%83%BC" n1="%E7%B4%94%E6%BD%94%E3%83%94%E3%83%A9%E3%83%8B%E3%82%A2" n2="%E3%83%96%E3%83%83%E3%83%91%E3%82%AA%E3%83%96%E3%83%81%E3%82%AD%E3%83%B3" n3="%E3%83%A9%E3%82%B9%E7%8E%87%EF%BC%93%E5%89%B2" dan="16,16,17,17" rate="2209.36,2172.85,2176.78,2192.19" sx="F,M,M,F"/><TAIKYOKU oya="0"/><INIT seed="0,0,0,0,5,123" ten="250,250,250,250" oya="0" hai0="30,5,103,122,83,113,97,62,29,93,89,68,25" hai1="135,88,61,51,47,55,116,77,16,18,91,111,81" hai2="102,99,57,128,24,59,36,54,79,112,90,42,9" hai3="114,126,74,125,38,98,75,0,86,26,115,6,45"/><T130/><D130/><U134/><E116/><V66/><F112/><N who="3" m="43051" /><G26/><T118/><D122/><U50/><E61/><V23/><F128/><W124/><G6/><T117/><D113/><U106/><E106/><V92/><F79/><W52/><G0/><T37/><D37/><U17/><E50/><V129/><F129/><W121/><G121/><T96/><D5/><U101/><E101/><V71/><F71/><W63/><G38/><T72/><D72/><U60/><E60/><V120/><F120/><W4/><G4/><T132/><D132/><N who="1" m="50731" /><E111/><V35/><F66/><W67/><G98/><T127/><D127/><U84/><AGARI ba="0,0" hai="16,17,18,47,51,55,77,81,84,88,91" m="50731" machi="84" ten="30,4000,0" yaku="20,1,54,2" doraHai="123" who="1" fromWho="1" sc="250,-20,250,40,250,-10,250,-10" /><INIT seed="1,0,0,3,3,30" ten="230,290,240,240" oya="1" hai0="59,89,14,16,104,23,57,47,112,126,7,99,67" hai1="17,41,78,127,123,105,114,61,46,81,122,39,69" hai2="92,44,88,75,107,29,115,73,35,111,48,77,4" hai3="119,19,106,74,38,76,100,53,8,72,28,83,128"/><U25/><E105/><V109/><F107/><W80/><G38/><T15/><D126/><U102/><E102/><V96/><F115/><W130/><G119/><T110/><D110/><N who="2" m="41994" /><F4/><W22/><G8/><N who="0" m="4383" /><D104/><U43/><E43/><N who="2" m="24607" /><F77/><W124/><G124/><T125/><D125/><U12/><E114/><V18/><F18/><W62/><G28/><T87/><D99/><U84/><E25/><AGARI ba="0,0" hai="25,29,35,73,75,88,92,96" m="24607,41994" machi="25" ten="30,3900,0" yaku="14,1,52,1,54,1" doraHai="30" who="2" fromWho="1" sc="230,0,290,-39,240,39,240,0" /><INIT seed="2,0,0,0,4,62" ten="230,251,279,240" oya="2" hai0="107,60,98,56,83,92,24,76,133,49,44,41,115" hai1="82,3,117,119,87,28,132,47,79,6,80,126,0" hai2="10,135,68,37,99,58,78,104,45,131,109,114,46" hai3="91,34,9,25,105,16,95,13,64,36,35,31,118"/><V71/><F78/><W111/><G111/><T134/><D115/><U12/><E28/><V40/><F99/><W94/><G105/><T100/><D24/><U22/><E126/><V38/><F10/><W61/><G118/><T90/><D107/><U102/><E102/><V106/><F114/><W112/><G112/><T20/><D20/><U30/><E132/><V116/><F116/><W89/><G36/><T1/><D1/><U72/><E47/><V123/><F123/><W73/><G73/><T54/><REACH who="0" step="1"/><D100/><REACH who="0" ten="220,251,279,240" step="2"/><U124/><E0/><V14/><F106/><W81/><G34/><T59/><D59/><U55/><E3/><V130/><F104/><W103/><G103/><T57/><D57/><U18/><E119/><V84/><F58/><W19/><G19/><T43/><D43/><U121/><E117/><V33/><F40/><W23/><G35/><T120/><D120/><U97/><E121/><V88/><F33/><W2/><G2/><T17/><D17/><U110/><E6/><V75/><F71/><W129/><G129/><T11/><D11/><U63/><E30/><V53/><F68/><W125/><G125/><T113/><D113/><U15/><E124/><V21/><F130/><W86/><G91/><T85/><AGARI ba="0,1" hai="41,44,49,54,56,60,76,83,85,90,92,98,133,134" machi="85" ten="30,2000,0" yaku="1,1,0,1,53,0" doraHai="62" doraHaiUra="70" who="0" fromWho="0" sc="220,30,251,-5,279,-10,240,-5" /><INIT seed="3,0,0,0,5,117" ten="250,246,269,235" oya="3" hai0="40,33,60,3,90,114,43,89,126,37,74,116,82" hai1="5,95,53,24,108,73,81,7,134,124,101,109,13" hai2="25,30,72,0,87,107,112,93,32,20,102,97,135" hai3="103,83,2,105,23,35,16,67,15,55,71,70,111"/><W46/><G2/><T49/><D116/><U31/><E124/><V41/><F112/><W132/><G132/><T6/><D33/><U120/><E120/><V17/><F135/><W11/><G35/><T76/><D49/><U52/><E134/><V29/><F72/><W123/><G123/><T80/><D126/><U51/><E101/><V61/><F0/><W34/><G34/><T88/><D114/><U130/><E95/><V36/><F61/><W99/><G111/><N who="1" m="42570" /><E130/><V62/><F62/><W133/><G133/><T119/><D119/><U69/><E69/><V4/><F4/><N who="1" m="1609" /><E13/><V21/><F32/><W127/><G127/><T75/><D60/><U106/><E106/><V91/><F21/><W128/><G128/><T45/><D40/><U27/><E31/><V68/><F68/><W1/><G67/><T59/><D59/><N who="1" m="33183" /><E53/><V131/><F131/><W10/><G1/><T98/><D98/><U84/><E73/><V125/><F125/><W57/><G46/><T65/><D65/><U118/><E118/><V8/><F8/><W26/><G83/><T94/><D82/><U54/><E54/><V56/><F56/><W79/><G79/><AGARI ba="0,0" hai="24,27,79,81,84" m="33183,1609,42570" machi="79" ten="30,2000,0" yaku="14,1,54,1" doraHai="117" who="1" fromWho="3" sc="250,0,246,20,269,0,235,-20" /><INIT seed="4,0,0,2,4,81" ten="250,266,269,215" oya="0" hai0="133,8,84,18,44,80,93,82,76,12,0,90,105" hai1="63,77,41,91,127,9,107,71,54,100,37,72,69" hai2="27,31,79,14,36,97,15,118,6,104,55,74,70" hai3="42,95,120,25,43,21,129,19,66,48,130,24,45"/><T122/><D133/><U68/><E91/><V92/><F36/><W106/><G106/><T94/><D105/><U38/><E127/><V2/><F104/><W39/><G120/><T101/><D122/><U3/><E54/><V46/><F70/><W124/><G124/><T135/><D135/><U47/><E38/><V115/><F115/><W110/><G110/><T58/><D0/><U26/><E26/><V86/><F118/><W7/><G66/><T108/><D108/><U51/><E51/><N who="2" m="29175" /><F74/><W34/><G7/><T49/><D58/><U121/><E121/><V87/><F2/><W123/><G123/><T83/><D101/><U67/><E100/><N who="2" m="60455" /><F79/><W50/><G95/><N who="0" m="36363" /><D76/><U134/><E134/><V35/><F35/><W32/><G39/><T88/><D90/><U65/><E65/><V73/><F73/><W103/><G103/><T30/><D30/><U78/><E78/><V57/><F57/><W128/><REACH who="3" step="1"/><G25/><REACH who="3" ten="250,266,269,205" step="2"/><T16/><D18/><U75/><E107/><V125/><F125/><W60/><G60/><T112/><D112/><U61/><E63/><V132/><F6/><W5/><G5/><T17/><D17/><U33/><E72/><V59/><F132/><W11/><G11/><T117/><D117/><U109/><E109/><V96/><F31/><W20/><G20/><T119/><D119/><U85/><E75/><V4/><F4/><W102/><G102/><T113/><D113/><U114/><E114/><V1/><F96/><W22/><G22/><T52/><AGARI ba="0,1" hai="8,12,16,44,49,52,80,82,83,84,88" m="36363" machi="52" ten="30,18000,2" yaku="25,1,8,1,52,1,54,3" doraHai="81" who="0" fromWho="0" sc="250,190,266,-60,269,-60,205,-60" owari="440,54.0,206,-19.4,209,0.9,145,-35.5" /></mjloggm>