<mjloggm ver="2.3"><GO type="225" lobby="0"/><UN n0="%E6%A0%B9%E5%85%83%E3%81%8B%E3%82%89%E5%90%B9%E3%81%A3%E9%A3%9B%E3%81%B6" n1="%E7%99%BD%E9%9B%AA%E4%B9%83%E6%84%9B" n2="%E6%98%93%E5%88%A9%E8%96%A9%E4%BC%AF" n3="%79%75%72%69%6D%6F%67" dan="16,16,17,16" rate="2134.10,2066.14,2164.82,2186.91" sx="F,F,F,F"/><TAIKYOKU oya="0"/><INIT seed="0,0,0,3,2,130" ten="250,250,250,250" oya="0" hai0="67,51,98,83,61,9,33,39,85,27,55,42,89" hai1="102,47,126,28,103,57,0,115,30,105,44,108,92" hai2="62,90,37,19,76,26,107,14,109,122,78,77,79" hai3="101,34,63,120,21,4,60,45,56,128,5,75,84"/><T38/><D42/><U113/><E92/><V35/><F122/><W121/><G34/><T29/><D98/><U80/><E57/><V11/><F37/><W132/><G75/><T53/><D53/><U17/><E0/><V48/><F107/><W124/><G124/><T129/><D129/><U22/><E80/><V18/><F109/><W123/><G128/><T8/><D8/><U2/><E2/><V71/><F48/><W117/><G117/><T40/><D40/><U49/><E108/><V3/><F3/><W94/><G45/><N who="1" m="17482" /><E49/><V134/><F90/><N who="3" m="53575" /><G132/><T13/><D55/><U12/><E126/><V25/><F134/><W118/><G118/><T111/><D51/><U73/><E73/><V50/><F50/><W99/><G21/><T46/><D46/><U135/><E135/><V16/><N who="2" m="19456" /><DORA hai="93" /><V96/><F96/><W1/><G1/><T66/><D111/><U69/><E69/><V74/><F74/><W68/><G68/><T72/><D72/><U125/><E125/><V58/><F71/><W82/><G82/><T87/><D87/><U131/><E131/><V81/><F81/><W112/><G112/><N who="1" m="43082" /><E105/><V95/><F95/><N who="3" m="58623" /><G60/><T36/><REACH who="0" step="1"/><D61/><REACH who="0" ten="240,250,250,250" step="2"/><U59/><E59/><V97/><F97/><W31/><G31/><AGARI ba="0,1" hai="12,17,22,28,30,31,102,103" m="43082,17482" machi="31" ten="30,1000,0" yaku="11,1" doraHai="130,93" who="1" fromWho="3" sc="240,0,250,20,250,0,250,-10" /><INIT seed="1,0,0,3,3,97" ten="240,270,250,240" oya="1" hai0="29,7,92,83,20,47,70,123,129,74,122,103,44" hai1="72,9,107,111,62,91,71,25,6,65,28,89,76" hai2="130,120,132,118,49,102,131,99,41,19,48,114,39" hai3="38,57,63,17,86,55,124,60,90,133,27,77,88"/><U30/><E30/><V106/><F118/><W11/><G124/><T34/><D129/><N who="2" m="49162" /><F120/><N who="0" m="46122" /><D70/><U79/><E79/><V80/><F132/><W100/><G133/><T127/><D34/><U58/><E111/><V8/><F114/><W67/><G38/><T68/><D68/><U116/><E116/><V69/><F69/><W2/><G2/><T84/><D7/><U93/><E107/><V75/><F39/><W3/><G3/><T115/><D74/><U101/><E71/><V54/><F41/><W1/><G1/><T128/><D115/><U52/><E65/><V117/><F117/><W18/><G77/><N who="0" m="46191" /><D127/><U61/><E61/><V40/><F40/><W94/><G63/><T42/><D42/><U59/><E59/><V21/><F8/><W126/><G67/><T23/><D128/><U56/><E56/><V4/><F4/><W53/><G53/><T105/><D105/><U109/><E109/><V36/><F54/><W81/><G126/><T82/><D82/><U95/><E9/><V35/><F35/><W85/><G11/><T135/><D20/><N who="1" m="15399" /><E6/><V33/><F33/><W108/><G108/><T5/><D5/><U31/><E72/><V113/><F36/><W125/><G125/><T104/><D135/><U24/><E76/><N who="2" m="44063" /><F113/><W43/><G43/><T22/><D22/><U12/><E62/><V134/><F134/><W96/><G27/><AGARI ba="0,0" hai="19,21,27,48,49,99,102,106" m="44063,49162" machi="27" ten="30,2000,0" yaku="19,1,52,1" doraHai="97" who="2" fromWho="3" sc="240,0,270,0,250,20,240,-20" /><INIT seed="2,0,0,4,0,88" ten="240,270,270,220" oya="2" hai0="25,130,106,13,40,90,105,53,43,55,76,11,9" hai1="119,8,111,10,91,33,49,109,77,36,71,116,31" hai2="100,64,133,52,126,19,96,29,110,27,7,61,98" hai3="67,70,101,37,0,51,87,4,78,128,112,84,58"/><V74/><F74/><W129/><G37/><T59/><D130/><N who="3" m="50281" /><G70/><T16/><D76/><U57/><E36/><V92/><F133/><W47/><G0/><T54/><D59/><U24/><E71/><V38/><F38/><W131/><G4/><T28/><D9/><N who="1" m="3691" /><E77/><V2/><F2/><W122/><G122/><T125/><D125/><U14/><E14/><V17/><F7/><W39/><G39/><T99/><D105/><U3/><E3/><V94/><F110/><N who="1" m="41993" /><E91/><V62/><F126/><W56/><G112/><T118/><D118/><N who="1" m="45099" /><E49/><V26/><F64/><W34/><G34/><T35/><REACH who="0" step="1"/><D106/><REACH who="0" ten="230,270,270,220" step="2"/><U120/><E57/><V45/><F45/><W30/><G78/><T6/><D6/><U73/><E73/><V79/><F79/><W81/><G56/><T102/><D102/><U22/><E120/><V117/><F117/><W42/><G58/><T41/><D41/><U21/><AGARI ba="0,1" hai="21,22,24,31,33" m="45099,41993,3691" machi="21" ten="40,5200,0" yaku="14,1,34,2" doraHai="88" who="1" fromWho="1" sc="230,-13,270,62,270,-26,220,-13" /><INIT seed="3,0,0,3,2,47" ten="217,332,244,207" oya="3" hai0="56,90,61,3,73,131,35,106,123,46,135,39,23" hai1="76,68,32,37,102,103,10,38,75,2,126,105,57" hai2="27,78,64,128,11,62,121,54,16,63,0,115,60" hai3="4,119,17,104,117,130,82,67,86,127,21,87,70"/><W101/><G127/><T51/><D35/><U7/><E57/><V25/><F115/><W8/><G130/><T49/><D3/><U92/><E92/><V96/><F121/><W18/><G87/><T122/><D73/><U113/><E103/><V42/><F42/><W26/><G18/><T34/><D106/><U83/><E113/><V72/><F64/><W93/><G93/><T44/><D34/><U43/><E126/><V52/><F128/><W88/><G67/><N who="0" m="39335" /><D23/><U97/><E32/><V107/><F0/><W41/><G41/><N who="0" m="22591" /><D90/><U108/><E108/><V132/><F132/><W99/><REACH who="3" step="1"/><G70/><REACH who="3" ten="217,332,244,197" step="2"/><T65/><D131/><U91/><E68/><V111/><F72/><W36/><G36/><T28/><D28/><U81/><E43/><V69/><F69/><W50/><G50/><N who="0" m="18955" /><D135/><U15/><E38/><V79/><F16/><W129/><G129/><T59/><D46/><U112/><E37/><V110/><F107/><W114/><G114/><T6/><D6/><U9/><E112/><V85/><F85/><W19/><G19/><T100/><D100/><U74/><E74/><V22/><F96/><W98/><G98/><T48/><D65/><U13/><E7/><V71/><F79/><W14/><AGARI ba="0,1" hai="4,8,14,17,21,26,82,86,88,99,101,104,117,119" machi="14" ten="20,7800,0" yaku="1,1,0,1,7,1,54,1,53,0" doraHai="47" doraHaiUra="45" who="3" fromWho="3" sc="217,-26,332,-26,244,-26,197,88" /><INIT seed="3,1,0,2,5,127" ten="191,306,218,285" oya="3" hai0="135,99,7,12,10,47,61,93,68,133,22,67,0" hai1="98,95,88,76,4,21,91,6,118,83,125,3,101" hai2="18,44,126,37,5,43,71,27,86,110,16,1,108" hai3="128,51,28,100,102,50,20,57,35,54,69,17,111"/><W78/><G69/><T72/><D72/><U84/><E125/><V11/><F126/><W42/><G35/><T129/><D47/><U8/><E118/><V134/><F134/><N who="0" m="51210" /><D22/><U23/><E6/><V2/><F2/><W14/><G28/><T36/><D36/><U79/><E91/><V66/><F86/><W34/><G34/><T82/><D82/><U62/><E62/><N who="2" m="40407" /><F27/><W19/><G111/><AGARI ba="1,0" hai="1,5,11,16,18,37,43,44,108,110,111" m="40407" machi="111" ten="30,2000,0" yaku="14,1,54,1" doraHai="127" who="2" fromWho="3" sc="191,0,306,0,218,23,285,-23" owari="191,-30.9,306,40.6,241,-15.9,262,6.2" /></mjloggm>