<mjloggm ver="2.3"><GO type="225" lobby="0"/><UN n0="%E3%82%8F%E3%81%8B%E3%81%B0%2A%E3%82%AC%E3%83%BC%E3%83%AB" n1="%E3%83%96%E3%83%83%E3%83%91%E3%82%AA%E3%83%96%E3%83%81%E3%82%AD%E3%83%B3" n2="%E3%81%8B%E3%82%8F%E3%81%A1%E3%82%83%E3%82%93%35%38" n3="%EF%BC%AE%EF%BC%A1%EF%BC%AF%33%33%39" dan="17,16,16,16" rate="2229.77,2118.85,2163.18,2154.18" sx="M,M,M,M"/><TAIKYOKU oya="0"/><INIT seed="0,0,0,5,1,0" ten="250,250,250,250" oya="0" hai0="23,6,59,97,129,95,72,118,69,116,132,46,119" hai1="85,115,80,14,28,74,88,2,49,135,117,5,63" hai2="8,71,73,102,54,33,66,134,48,47,27,18,122" hai3="4,110,20,34,56,89,64,70,25,68,26,31,130"/><T16/><D69/><U125/><E117/><V19/><F122/><W30/><G110/><T61/><D72/><U65/><E125/><V84/><F73/><W93/><G130/><T1/><D129/><U22/><E135/><V106/><F134/><W58/><G4/><T51/><D132/><U126/><E126/><V81/><F71/><W41/><G41/><T32/><D32/><U109/><E109/><V21/><F33/><W37/><G37/><T13/><D1/><U78/><E115/><V103/><F66/><W127/><G127/><T91/><D6/><U24/><E2/><V9/><F106/><W131/><G131/><T35/><D35/><U11/><E49/><V104/><F104/><W57/><REACH who="3" step="1"/><G64/><REACH who="3" ten="250,250,250,240" step="2"/><T120/><D120/><U3/><E3/><V98/><F98/><AGARI ba="0,1" hai="20,25,26,30,31,34,56,57,58,68,70,89,93,98" machi="98" ten="40,5200,0" yaku="1,1,2,1,53,1" doraHai="0" doraHaiUra="90" who="3" fromWho="2" sc="250,0,250,0,250,-52,240,62" /><INIT seed="1,0,0,3,5,46" ten="250,250,198,302" oya="1" hai0="73,0,85,110,28,21,114,81,5,60,52,57,40" hai1="107,76,71,17,112,13,45,11,33,66,92,14,119" hai2="3,32,123,132,72,90,41,25,120,135,97,70,65" hai3="34,31,118,63,23,111,27,50,98,78,130,127,101"/><U58/><E112/><V67/><F90/><W108/><G78/><T86/><D114/><U133/><E119/><V113/><F97/><W91/><G91/><T39/><D110/><N who="3" m="42025" /><G118/><T104/><D104/><U7/><E107/><V12/><F72/><W43/><G130/><T99/><D99/><U117/><E117/><V115/><F12/><W116/><G116/><T68/><D68/><U36/><E133/><N who="2" m="51275" /><F25/><W100/><G63/><T94/><D73/><U54/><E33/><V53/><F3/><W8/><G8/><T82/><D0/><U64/><E76/><V24/><F24/><W37/><G37/><T93/><D5/><U129/><E129/><V42/><F32/><W62/><G62/><T22/><D40/><N who="2" m="15466" /><F70/><W29/><G29/><T79/><D39/><U26/><E71/><V103/><F103/><W106/><G101/><T134/><D134/><U47/><E26/><V10/><F10/><W15/><G15/><T59/><D28/><U9/><E36/><V16/><F16/><W18/><G18/><T124/><D21/><U125/><E17/><V61/><F113/><W51/><G34/><T89/><D22/><U6/><E6/><V83/><F83/><W20/><G20/><T44/><D81/><U4/><E7/><V121/><F115/><W75/><G75/><T88/><D94/><U2/><E4/><V126/><F126/><W1/><G1/><T128/><D124/><U49/><E92/><V69/><F69/><W84/><G127/><T48/><D128/><U35/><E125/><V38/><F38/><W30/><G30/><T95/><D79/><RYUUKYOKU ba="0,0" sc="250,-10,250,-10,198,30,302,-10" hai2="53,61,65,67,120,121,123" /><INIT seed="2,1,0,0,2,54" ten="240,240,228,292" oya="2" hai0="21,34,23,6,65,120,31,28,74,58,59,90,124" hai1="15,46,122,66,110,16,89,127,60,25,26,44,105" hai2="111,77,104,39,94,56,84,42,3,8,40,13,114" hai3="83,106,72,86,43,52,18,37,33,50,80,76,92"/><V14/><F114/><W85/><G106/><T107/><D74/><U108/><E105/><V17/><F104/><W7/><G33/><T87/><D34/><U112/><E112/><V55/><F3/><W88/><G7/><T1/><D120/><U81/><E127/><V116/><F116/><W68/><G68/><T109/><D109/><N who="1" m="42091" /><E122/><V100/><F39/><W133/><G133/><T98/><D124/><U113/><E113/><V36/><F36/><W123/><G123/><T73/><D73/><U91/><E44/><V5/><F111/><W49/><G37/><T69/><D69/><N who="1" m="42183" /><E46/><V131/><F131/><W53/><G43/><T78/><D107/><U132/><E132/><V41/><F77/><W30/><G30/><T62/><D78/><U32/><E81/><V10/><F84/><W128/><G128/><T19/><D87/><U63/><E63/><V48/><REACH who="2" step="1"/><F41/><REACH who="2" ten="240,240,218,292" step="2"/><W70/><G85/><T45/><D1/><U97/><E97/><AGARI ba="1,1" hai="5,8,10,13,14,17,40,42,48,55,56,94,97,100" machi="97" ten="40,12000,1" yaku="1,1,2,1,8,1,52,1,53,0" doraHai="54" doraHaiUra="125" who="2" fromWho="1" sc="240,0,240,-123,218,133,292,0" /><INIT seed="2,2,0,0,2,50" ten="240,117,351,292" oya="2" hai0="17,103,114,128,57,129,109,49,91,29,51,73,88" hai1="22,5,34,90,93,95,39,121,33,89,108,84,132" hai2="36,20,80,87,77,25,127,78,111,11,63,9,64" hai3="48,15,43,37,118,94,1,100,32,7,133,104,70"/><V56/><F127/><W52/><G118/><T101/><D114/><U59/><E39/><V4/><F36/><W112/><G32/><T124/><D73/><U115/><E115/><V71/><F111/><W40/><G70/><T62/><D109/><U130/><E108/><V82/><F71/><W10/><G37/><T117/><D124/><U97/><E130/><N who="0" m="50281" /><D29/><U86/><E132/><V24/><F4/><W41/><G112/><T98/><D103/><U126/><E126/><V107/><F107/><W102/><G104/><N who="0" m="63543" /><D17/><U110/><E110/><V18/><REACH who="2" step="1"/><F24/><REACH who="2" ten="240,117,341,292" step="2"/><W122/><G133/><T99/><D117/><U105/><E105/><V67/><F67/><W3/><G122/><T12/><D12/><U44/><E121/><V54/><F54/><W116/><G116/><T21/><D21/><U135/><E22/><V58/><F58/><N who="3" m="33031" /><G3/><T75/><D57/><U53/><E135/><V68/><F68/><W38/><G1/><T2/><D2/><U6/><E44/><V134/><F134/><W85/><G38/><T81/><D62/><U30/><E97/><V96/><F96/><W0/><G0/><T19/><D19/><U119/><E119/><V55/><F55/><W74/><G74/><AGARI ba="2,1" hai="9,11,18,20,25,56,63,64,74,77,78,80,82,87" machi="74" ten="30,5800,0" yaku="1,1,7,1,53,1" doraHai="50" doraHaiUra="16" who="2" fromWho="3" sc="240,0,117,0,341,74,292,-64" /><INIT seed="2,3,0,2,2,112" ten="240,117,415,228" oya="2" hai0="42,15,47,98,89,100,17,26,135,111,50,101,59" hai1="7,93,115,4,91,48,41,29,10,88,123,45,96" hai2="65,113,63,61,57,3,81,83,79,114,14,77,33" hai3="13,18,70,6,62,125,58,131,40,43,60,102,31"/><V22/><F3/><W51/><G31/><T54/><D111/><U133/><E133/><V128/><F33/><W129/><G102/><T21/><D135/><U95/><E123/><V9/><F22/><W109/><G6/><T52/><D54/><U124/><E124/><V35/><F35/><W118/><G13/><T74/><D74/><U39/><E115/><V122/><F122/><W73/><G18/><T38/><D89/><U34/><E39/><V68/><F128/><N who="3" m="49227" /><G73/><T106/><D101/><U80/><E80/><V76/><F83/><W116/><G109/><T36/><D15/><U120/><E120/><V105/><F105/><W94/><G94/><T5/><D5/><U84/><REACH who="1" step="1"/><E10/><REACH who="1" ten="240,107,415,228" step="2"/><V64/><F81/><W85/><G125/><T49/><AGARI ba="3,1" hai="17,21,26,36,38,42,47,49,50,52,59,98,100,106" machi="49" ten="20,2700,0" yaku="0,1,7,1,54,1" doraHai="112" who="0" fromWho="0" sc="240,46,107,-10,415,-16,228,-10" /><INIT seed="3,0,0,3,1,5" ten="286,97,399,218" oya="3" hai0="11,29,9,75,13,114,81,127,7,40,135,30,18" hai1="52,132,106,133,86,112,42,68,25,108,38,48,103" hai2="46,23,2,117,102,67,116,79,80,20,31,14,54" hai3="50,83,96,134,47,98,58,74,120,63,97,64,104"/><W32/><G120/><T69/><D69/><U85/><E103/><V71/><F2/><W105/><G32/><T95/><D127/><U57/><E106/><V109/><F102/><W101/><G134/><T41/><D135/><N who="1" m="51787" /><E86/><V49/><F109/><W61/><G104/><T62/><D114/><U6/><E85/><V94/><F94/><W118/><G118/><T126/><D126/><U16/><E6/><V93/><F93/><W44/><G44/><T17/><D95/><U36/><E16/><V76/><F67/><W1/><G1/><T8/><D62/><N who="1" m="36135" /><E25/><V113/><F71/><W82/><G82/><T33/><D33/><U107/><E107/><V39/><F39/><N who="1" m="14889" /><E112/><V26/><F113/><W24/><G24/><T53/><D7/><U121/><E68/><V55/><F79/><W59/><G74/><T99/><D99/><U72/><E72/><V111/><F111/><W60/><G83/><T66/><D81/><U35/><E35/><V28/><F54/><W0/><G0/><T73/><D53/><U51/><E108/><V56/><F56/><W91/><G91/><T34/><D34/><U92/><E92/><V45/><F45/><W19/><G105/><T125/><D73/><U131/><E131/><V129/><F129/><W43/><G101/><T124/><D75/><U130/><E130/><V37/><F37/><W87/><G87/><T88/><D88/><U22/><E22/><V128/><F128/><W4/><G97/><T21/><D124/><U123/><E42/><V119/><F119/><W3/><G43/><N who="0" m="16459" /><D125/><U10/><E10/><N who="0" m="4201" /><D21/><U110/><E110/><RYUUKYOKU ba="0,0" sc="286,-10,97,30,399,-10,218,-10" hai1="48,51,121,123" owari="276,7.6,127,-37.3,389,48.9,208,-19.2" /></mjloggm>