<mjloggm ver="2.3"><GO type="225" lobby="0"/><UN n0="%E3%80%93%E3%81%97%E3%83%BC%E3%82%89%E3%80%93" n1="%E6%81%A5%E6%99%92%E3%81%97" n2="%E3%83%A9%E3%82%A4%E3%83%B3%E3%81%AE%E8%99%8E" n3="%E4%BF%BA%E3%81%A8%E5%A6%96%E5%A4%A2" dan="16,16,16,16" rate="2149.75,2217.27,2131.52,2126.55" sx="M,M,M,F"/><TAIKYOKU oya="0"/><INIT seed="0,0,0,2,2,134" ten="250,250,250,250" oya="0" hai0="41,61,118,56,93,3,78,116,26,101,49,123,86" hai1="0,60,95,119,130,28,85,40,43,16,99,82,11" hai2="92,64,124,51,50,2,46,63,122,128,127,42,7" hai3="73,33,109,24,87,100,77,12,126,131,38,55,120"/><T111/><D3/><U52/><E130/><V62/><F122/><W54/><G73/><T90/><D123/><U44/><E119/><V36/><F128/><W1/><G131/><T91/><D111/><U67/><E28/><V102/><F7/><W10/><G1/><T115/><D115/><U110/><E110/><V29/><F2/><W68/><G68/><T39/><D39/><U114/><E114/><V17/><F29/><W106/><G38/><T89/><D116/><U4/><E67/><V6/><F6/><W18/><G109/><T98/><D118/><U66/><E66/><V135/><F17/><W22/><G33/><T65/><D78/><U81/><E81/><V27/><F27/><W112/><G112/><T45/><REACH who="0" step="1"/><D26/><REACH who="0" ten="240,250,250,250" step="2"/><U88/><E0/><V19/><F135/><W20/><G77/><T31/><D31/><U35/><E4/><V107/><F19/><W57/><G18/><T14/><D14/><N who="1" m="7263" /><E35/><V84/><F36/><W21/><G12/><T34/><D34/><U58/><E44/><V23/><F46/><W32/><G32/><T5/><D5/><U25/><E25/><V48/><F23/><W59/><G24/><T103/><D103/><AGARI ba="0,1" hai="40,43,52,58,60,82,85,88,95,99,103" m="7263" machi="103" ten="30,7700,0" yaku="8,1,54,3" doraHai="134" who="1" fromWho="0" sc="240,-77,250,87,250,0,250,0" /><INIT seed="1,0,0,5,3,36" ten="163,337,250,250" oya="1" hai0="27,76,102,94,74,131,5,56,69,32,44,111,96" hai1="20,91,26,77,18,25,53,98,17,30,81,92,7" hai2="21,126,52,97,99,83,2,78,31,133,8,43,90" hai3="101,15,82,105,48,45,70,130,109,93,85,123,63"/><U120/><E120/><V42/><F126/><W67/><G123/><T132/><D69/><U59/><E7/><V49/><F133/><W55/><G109/><T117/><D132/><U110/><E110/><V4/><F31/><W79/><G105/><T73/><D111/><U68/><E68/><V66/><F66/><W28/><G130/><T3/><D131/><U62/><REACH who="1" step="1"/><E26/><REACH who="1" ten="163,327,250,250" step="2"/><V50/><F21/><W125/><G125/><T35/><D117/><U0/><E0/><V86/><F50/><W14/><G14/><T113/><D5/><U128/><E128/><V60/><F60/><W89/><G15/><T16/><D3/><U129/><E129/><V23/><F23/><W1/><G1/><T88/><D113/><U104/><E104/><V75/><F99/><W84/><G70/><T12/><D27/><U46/><E46/><V72/><F97/><W51/><G63/><T40/><D56/><U34/><E34/><V11/><F11/><W87/><G48/><T6/><D6/><U114/><E114/><V106/><F106/><W108/><G108/><T71/><D71/><U58/><E58/><V19/><F4/><W47/><G45/><T80/><D102/><U135/><E135/><V61/><F61/><W107/><G101/><T121/><D121/><U100/><E100/><V95/><F2/><W119/><G119/><T38/><REACH who="0" step="1"/><D74/><AGARI ba="0,1" hai="17,18,20,25,30,53,59,62,74,77,81,91,92,98" machi="74" ten="30,11600,0" yaku="1,1,7,1,53,2" doraHai="36" doraHaiUra="13" who="1" fromWho="0" sc="163,-116,327,126,250,0,250,0" /><INIT seed="1,1,0,0,3,51" ten="47,453,250,250" oya="1" hai0="35,56,108,110,30,74,36,132,16,3,42,24,23" hai1="113,67,45,4,11,71,131,94,81,49,73,104,33" hai2="13,87,22,109,127,85,57,133,5,105,59,31,126" hai3="103,86,27,101,54,62,97,125,107,135,102,116,52"/><U82/><E104/><V93/><F105/><W19/><G135/><T7/><D74/><U26/><E94/><V47/><F133/><W68/><G125/><N who="2" m="47625" /><F109/><W34/><G116/><T10/><D42/><U48/><E73/><V75/><F75/><W58/><G86/><N who="2" m="32777" /><F93/><W90/><G90/><T89/><D36/><U17/><E67/><V32/><F32/><W37/><G37/><T100/><D89/><U111/><E17/><V80/><F80/><W40/><G40/><T76/><D76/><U79/><E82/><V6/><F47/><W9/><G9/><T29/><D100/><N who="3" m="38505" /><G19/><T106/><D106/><U61/><E45/><V18/><F31/><N who="3" m="19839" /><G58/><AGARI ba="1,0" hai="5,6,13,18,22,57,58,59" m="32777,47625" machi="58" ten="30,1000,0" yaku="18,1" doraHai="51" who="2" fromWho="3" sc="47,0,453,0,250,13,250,-13" /><INIT seed="2,0,0,4,1,9" ten="47,453,263,237" oya="2" hai0="60,6,95,23,57,111,128,129,100,108,28,120,101" hai1="119,59,114,3,121,117,8,61,11,92,5,53,98" hai2="73,87,113,12,40,132,103,39,55,106,38,127,116" hai3="44,96,72,71,123,97,18,56,84,110,133,64,82"/><V130/><F113/><W32/><G123/><T29/><D120/><U0/><E121/><V51/><F73/><W16/><G71/><T47/><D6/><U83/><E114/><V75/><F75/><W125/><G72/><T76/><D76/><U48/><E3/><V66/><F116/><W135/><G32/><T89/><D47/><U134/><E134/><N who="3" m="51210" /><G110/><T42/><D42/><U109/><E109/><V93/><F127/><W105/><G125/><T43/><D43/><U54/><E83/><V90/><F130/><W27/><G44/><T122/><D122/><U118/><E11/><V70/><F40/><W79/><G27/><T41/><D41/><U131/><E131/><V25/><F25/><W81/><G81/><T2/><D2/><U1/><E119/><V115/><F115/><W86/><G86/><T13/><D57/><U52/><E0/><V58/><F132/><W31/><G31/><T46/><D46/><U68/><E117/><V94/><F106/><W15/><G105/><T112/><D112/><U74/><E74/><V50/><F70/><W85/><G85/><T80/><D80/><U22/><E22/><V37/><F87/><W69/><G69/><T45/><D23/><U104/><E104/><V124/><F39/><W10/><G18/><T20/><D20/><U67/><E118/><V88/><F124/><W19/><G19/><T4/><D45/><U30/><E30/><V77/><F38/><W7/><G7/><T33/><D4/><U49/><E68/><V21/><F37/><W36/><G36/><T126/><D126/><U91/><AGARI ba="0,0" hai="1,5,8,48,49,52,53,54,59,61,67,91,92,98" machi="91" ten="30,4000,0" yaku="5,1,0,1,54,1" doraHai="9" who="1" fromWho="1" sc="47,-10,453,40,263,-20,237,-10" /><INIT seed="3,0,0,2,3,117" ten="37,493,243,227" oya="3" hai0="64,90,44,92,102,29,127,36,79,87,113,39,82" hai1="99,123,110,1,67,96,27,19,125,118,72,42,23" hai2="105,43,68,9,15,16,10,78,56,108,85,93,97" hai3="54,119,107,34,77,50,112,28,73,101,74,135,26"/><W21/><G119/><T48/><D127/><U84/><E123/><V3/><F68/><W46/><G112/><T100/><D113/><U31/><E110/><V49/><F108/><W0/><G0/><T109/><D39/><U13/><E125/><V17/><F105/><W55/><G135/><T20/><D36/><U47/><E72/><V120/><F3/><W81/><G101/><T129/><D129/><U51/><E118/><V30/><F30/><W8/><G107/><T11/><D109/><U38/><E1/><V52/><F43/><W41/><G73/><T70/><D70/><U130/><E130/><V95/><F120/><W115/><G115/><T7/><D64/><U18/><E18/><V126/><F126/><W32/><G8/><T91/><D20/><N who="1" m="11375" /><E38/><V24/><F24/><W40/><G40/><T33/><D29/><U114/><E114/><V128/><F128/><W89/><G89/><T104/><D33/><U6/><E6/><N who="2" m="3511" /><F10/><W83/><G83/><T76/><D104/><U98/><E67/><V116/><F116/><W22/><G34/><T25/><D25/><U60/><E84/><V106/><F106/><W63/><G41/><T59/><D59/><U37/><E37/><V69/><F69/><W5/><G5/><T4/><D4/><U134/><E134/><V65/><F65/><W66/><G54/><T86/><D79/><U111/><E111/><V133/><F133/><W35/><G35/><T62/><D62/><AGARI ba="0,0" hai="23,27,31,42,47,51,60,62,96,98,99" m="11375" machi="62" ten="30,1000,0" yaku="8,1" doraHai="117" who="1" fromWho="0" sc="37,-10,493,10,243,0,227,0" owari="27,-47.3,503,60.3,243,4.3,227,-17.3" /></mjloggm>