<mjloggm ver="2.3"><GO type="225" lobby="0"/><UN n0="%E4%BC%8A%E9%81%94%E6%9C%B1%E9%87%8C%E7%B4%97" n1="%E3%83%A9%E3%83%BC%E3%83%A1%E3%83%B3%E4%BA%94%E9%83%8E" n2="%77%72%77%72%77%72%77%72" n3="%E6%A1%9C%E6%B2%A2%E5%A2%A8" dan="16,16,16,17" rate="2070.28,2157.51,2194.42,2137.50" sx="F,M,M,F"/><TAIKYOKU oya="0"/><INIT seed="0,0,0,5,1,4" ten="250,250,250,250" oya="0" hai0="103,120,71,53,29,125,20,76,2,67,72,87,30" hai1="121,35,49,98,38,75,90,59,79,39,51,52,69" hai2="111,21,57,19,129,88,1,31,47,17,110,84,40" hai3="107,13,81,70,44,14,41,54,64,36,25,62,104"/><T43/><D120/><U96/><E121/><V56/><F1/><W135/><G135/><T124/><D72/><U77/><E35/><V131/><F31/><W61/><G25/><T73/><D73/><U80/><E69/><V48/><F56/><W55/><G81/><N who="0" m="47527" /><D43/><U109/><E109/><N who="2" m="41483" /><F57/><N who="3" m="35007" /><G13/><T108/><D108/><U12/><E77/><V82/><F19/><W0/><G14/><AGARI ba="0,0" hai="14,17,21,40,47,48,82,84,88,129,131" m="41483" machi="14" ten="30,2000,0" yaku="14,1,54,1" doraHai="4" who="2" fromWho="3" sc="250,0,250,0,250,20,250,-20" /><INIT seed="1,0,0,1,0,44" ten="250,250,270,230" oya="1" hai0="37,33,43,117,45,97,126,134,81,75,125,3,63" hai1="90,9,96,121,120,58,0,64,78,2,87,6,133" hai2="26,38,22,11,59,100,130,135,15,56,40,113,27" hai3="107,109,30,77,42,5,83,110,115,46,72,74,16"/><U71/><E71/><V55/><F130/><W31/><G115/><T76/><D117/><U119/><E119/><V69/><F69/><W124/><G107/><T95/><D134/><U127/><E133/><V57/><F135/><W23/><G74/><T14/><D3/><U66/><E127/><V84/><F113/><W62/><G5/><T51/><D33/><U123/><E0/><V10/><F100/><W88/><G62/><T85/><D63/><U73/><E96/><V17/><F38/><W36/><G124/><N who="0" m="47723" /><D14/><U102/><E102/><V128/><F40/><W28/><REACH who="3" step="1"/><G88/><REACH who="3" ten="250,250,270,220" step="2"/><N who="0" m="55527" /><D75/><U20/><E73/><V54/><F128/><W67/><G67/><T41/><D43/><U131/><E131/><V92/><F84/><W29/><N who="3" m="7168" /><DORA hai="104" /><W53/><G53/><T8/><D8/><N who="2" m="3114" /><F92/><W99/><G99/><T89/><D89/><U105/><E2/><V80/><F80/><W34/><G34/><T39/><AGARI ba="0,1" hai="37,39,41,45,51,76,81,85" m="55527,47723" machi="39" ten="30,4000,0" yaku="18,1,52,1,54,1" doraHai="44,104" who="0" fromWho="0" sc="250,50,250,-20,270,-10,220,-10" /><INIT seed="2,0,0,3,2,57" ten="300,230,260,210" oya="2" hai0="72,90,60,39,61,21,0,11,31,14,87,19,18" hai1="43,74,36,135,38,41,68,106,7,71,48,115,131" hai2="56,122,83,110,4,17,33,121,32,29,59,1,52" hai3="76,9,91,54,102,34,64,69,30,117,22,16,26"/><V80/><F1/><W10/><G117/><T82/><D39/><N who="1" m="14891" /><E7/><V12/><F4/><W62/><G76/><T93/><D0/><U92/><E92/><V58/><F110/><W24/><G91/><N who="0" m="51703" /><D31/><U28/><E28/><V124/><F124/><W84/><G84/><N who="0" m="52423" /><D72/><U111/><E106/><V66/><F66/><W51/><REACH who="3" step="1"/><G102/><REACH who="3" ten="300,230,260,200" step="2"/><T118/><D118/><U67/><E74/><V113/><F121/><W86/><G86/><T46/><D46/><AGARI ba="0,1" hai="9,10,16,22,24,26,30,34,46,51,54,62,64,69" machi="46" ten="30,7700,0" yaku="1,1,7,1,52,1,54,1,53,0" doraHai="57" doraHaiUra="88" who="3" fromWho="0" sc="300,-77,230,0,260,0,200,87" /><INIT seed="3,0,0,4,3,48" ten="223,230,260,287" oya="3" hai0="58,30,131,40,116,113,2,77,0,31,5,10,88" hai1="81,107,49,117,85,118,87,133,82,79,121,80,108" hai2="68,123,71,103,96,63,126,109,13,42,55,34,24" hai3="91,129,69,11,92,86,84,94,101,44,6,17,19"/><W73/><G73/><T119/><D77/><N who="1" m="46223" /><E121/><V39/><F123/><W29/><G69/><T122/><D40/><U43/><E107/><V51/><F109/><W54/><G129/><T120/><D58/><U99/><E108/><V18/><F126/><W47/><G29/><N who="0" m="10763" /><D88/><N who="1" m="51311" /><E133/><V93/><F24/><W83/><G101/><T36/><D36/><U128/><E128/><V95/><F34/><W114/><G114/><T75/><D75/><N who="1" m="43391" /><E43/><V12/><F42/><W127/><G127/><T20/><D113/><U53/><E49/><V125/><F125/><W4/><G54/><T112/><D112/><U64/><E53/><V67/><F68/><W106/><G106/><T52/><D52/><U60/><E60/><V111/><F111/><W97/><G83/><T45/><D45/><U100/><E64/><V102/><F39/><W130/><G130/><T110/><D131/><U134/><E134/><V56/><F18/><W66/><G66/><T62/><D62/><U50/><E50/><V57/><F71/><W33/><G33/><T16/><D0/><U132/><E132/><V25/><F25/><W65/><G65/><T3/><D2/><U38/><E38/><V124/><F124/><W61/><G61/><T14/><D110/><U90/><E100/><V104/><F104/><W32/><G32/><T8/><D20/><U41/><E41/><V115/><F115/><W37/><G37/><T15/><D3/><U9/><E9/><V89/><F103/><W135/><G135/><T78/><D78/><U74/><E74/><V76/><F76/><W28/><G11/><T23/><D8/><RYUUKYOKU ba="0,0" sc="223,10,230,10,260,10,287,-30" hai0="5,10,14,15,16,23,116,119,120,122" hai1="90,99,117,118" hai2="12,13,51,55,56,57,63,67,89,93,95,96,102" /><INIT seed="4,1,0,4,4,87" ten="233,240,270,257" oya="0" hai0="39,72,25,16,77,58,110,60,19,57,21,90,44" hai1="113,6,54,30,33,10,47,35,104,94,68,122,36" hai2="105,132,108,22,82,80,8,50,133,118,76,126,70" hai3="85,75,20,129,0,28,62,40,49,42,112,117,34"/><T127/><D127/><U111/><E122/><V125/><F70/><W32/><G75/><T120/><D120/><U17/><E104/><V67/><F108/><W13/><G117/><T18/><D110/><U135/><E111/><V38/><F38/><W27/><G0/><T134/><D134/><N who="2" m="51818" /><F105/><W116/><G116/><T79/><D57/><U43/><E135/><V53/><F118/><W41/><G112/><T86/><D44/><U84/><E113/><V46/><F67/><W23/><G129/><T73/><D39/><U45/><E68/><V92/><F8/><W29/><G62/><T65/><D72/><U107/><E107/><V121/><F121/><W66/><G66/><T9/><D73/><U89/><E30/><V96/><F22/><W100/><G100/><T98/><D98/><U115/><E115/><V63/><F63/><W124/><G124/><N who="2" m="47721" /><F76/><N who="0" m="29258" /><D9/><U109/><E109/><V7/><F7/><W26/><G49/><T61/><D60/><U103/><E6/><V56/><F56/><W93/><G13/><T102/><D102/><AGARI ba="1,0" hai="46,50,53,80,82,92,96,102" m="47721,51818" machi="102" ten="30,2000,0" yaku="20,1,18,1" doraHai="87" who="2" fromWho="0" sc="233,-23,240,0,270,23,257,0" /><INIT seed="5,0,0,5,2,96" ten="210,240,293,257" oya="1" hai0="133,129,95,114,61,93,118,79,128,4,115,72,106" hai1="3,33,84,52,74,99,53,135,51,62,12,37,113" hai2="134,5,10,81,69,90,87,46,0,116,124,56,97" hai3="108,24,45,73,23,1,40,107,68,77,58,91,49"/><U9/><E74/><V41/><F116/><W2/><G68/><T123/><D118/><U66/><E33/><V47/><F69/><W75/><G108/><T119/><D119/><U59/><E37/><V110/><F110/><W19/><G107/><T30/><D30/><U64/><E3/><V67/><F134/><W101/><G101/><T31/><D31/><U43/><E135/><V35/><F35/><W7/><G91/><T82/><D133/><U100/><E113/><N who="0" m="43017" /><D4/><U17/><E84/><V34/><F34/><W6/><G1/><T88/><D61/><U18/><E43/><V94/><F124/><W109/><G109/><T8/><D8/><U130/><E18/><V63/><F41/><W86/><G2/><T89/><D106/><U22/><E9/><V71/><F71/><W39/><G73/><T15/><D15/><U131/><E131/><N who="0" m="50249" /><D123/><U121/><E121/><V112/><F112/><W117/><G75/><T70/><D70/><U126/><E130/><V27/><F27/><W48/><G117/><T122/><D122/><U103/><E126/><V132/><F132/><W98/><G6/><T32/><D32/><U14/><E14/><V38/><F38/><W42/><G7/><T85/><D89/><AGARI ba="0,0" hai="0,5,10,46,47,56,63,67,81,87,89,90,94,97" machi="89" ten="30,1000,0" yaku="7,1" doraHai="96" who="2" fromWho="0" sc="210,-10,240,0,293,10,257,0" owari="200,-30.0,240,-16.0,303,40.3,257,5.7" /></mjloggm>