<mjloggm ver="2.3"><GO type="225" lobby="0"/><UN n0="%E7%9A%AE%E3%80%85" n1="%E3%83%96%E3%83%83%E3%83%91%E3%82%AA%E3%83%96%E3%83%81%E3%82%AD%E3%83%B3" n2="%77%72%77%72%77%72%77%72" n3="%E3%83%81%E3%83%83%E3%82%BF%E3%82%BD%E3%83%BC" dan="16,17,16,16" rate="2119.96,2222.74,2136.54,2172.07" sx="F,M,M,F"/><TAIKYOKU oya="0"/><INIT seed="0,0,0,4,4,26" ten="250,250,250,250" oya="0" hai0="102,34,107,33,103,126,4,129,124,95,45,15,105" hai1="1,120,25,35,52,86,116,7,60,100,85,96,111" hai2="115,38,49,135,75,5,112,27,93,54,91,88,30" hai3="32,9,68,14,41,63,39,113,12,19,56,36,29"/><T40/><D129/><U2/><E116/><V80/><F38/><W98/><G113/><T18/><D4/><U73/><E120/><V59/><F135/><W110/><G110/><T133/><D133/><U84/><E73/><V114/><F5/><W94/><G68/><T99/><D95/><U50/><E111/><V13/><F13/><W11/><G41/><T31/><D102/><U28/><E60/><V22/><REACH who="2" step="1"/><F93/><REACH who="2" ten="250,250,240,250" step="2"/><W47/><G12/><T82/><D107/><U132/><E7/><V109/><F109/><W123/><G123/><T3/><D3/><U46/><REACH who="1" step="1"/><E132/><REACH who="1" ten="250,240,240,250" step="2"/><V121/><F121/><W106/><G106/><AGARI ba="0,2" hai="1,2,25,28,35,46,50,52,84,85,86,96,100,106" machi="106" ten="40,8000,1" yaku="1,1,2,1,52,1,54,1,53,0" doraHai="26" doraHaiUra="58" who="1" fromWho="3" sc="250,0,240,100,240,0,250,-80" /><INIT seed="1,0,0,3,0,26" ten="250,340,240,170" oya="1" hai0="92,81,132,97,46,12,122,15,44,56,38,47,75" hai1="36,63,58,68,31,76,103,93,109,130,110,86,123" hai2="72,70,11,49,77,113,128,41,42,17,95,124,28" hai3="88,24,54,121,14,21,107,60,53,5,104,108,135"/><U16/><E123/><V126/><F70/><W57/><G108/><N who="1" m="41578" /><E130/><V71/><F71/><W4/><G135/><T50/><D50/><U89/><E36/><V27/><F128/><W118/><G118/><T32/><D32/><U111/><N who="1" m="41586" /><U61/><DORA hai="29" /><E68/><V20/><F113/><W134/><G134/><T83/><D132/><U94/><E76/><V120/><F120/><W133/><G133/><T106/><D122/><U45/><E45/><V102/><F77/><W25/><G121/><T1/><D1/><U39/><E39/><V55/><F72/><W84/><G53/><T6/><D106/><U117/><E117/><V82/><F82/><N who="0" m="31242" /><D75/><U74/><E74/><V91/><F102/><W69/><G69/><T48/><D38/><U33/><E16/><V66/><F66/><W99/><G25/><T2/><D6/><U62/><E94/><V0/><F0/><W65/><G65/><T35/><D2/><U129/><E103/><V73/><F73/><W23/><G21/><T18/><D35/><U105/><E105/><V64/><F17/><N who="3" m="10679" /><G24/><T100/><D18/><U19/><E19/><V78/><F78/><W37/><G107/><T127/><D127/><N who="2" m="48682" /><F11/><W3/><G37/><T22/><D22/><U43/><E129/><V8/><F8/><W40/><G3/><T59/><D59/><U90/><E58/><N who="2" m="33135" /><F95/><N who="3" m="54663" /><G40/><N who="2" m="15465" /><F91/><W114/><G114/><T116/><D116/><U87/><E43/><V79/><F79/><W131/><G131/><T119/><D119/><U115/><E115/><V67/><AGARI ba="0,0" hai="20,27,28,64,67" m="15465,33135,48682" machi="67" ten="30,2000,0" yaku="18,1,52,1" doraHai="26,29" who="2" fromWho="2" sc="250,-5,340,-10,240,20,170,-5" /><INIT seed="2,0,0,2,0,50" ten="245,330,260,165" oya="2" hai0="128,37,13,46,100,24,56,62,69,86,121,103,54" hai1="94,117,92,41,68,81,25,129,115,113,44,98,58" hai2="75,43,96,12,101,88,119,95,49,40,125,30,33" hai3="61,63,19,80,122,97,87,6,85,109,91,111,35"/><V4/><F119/><W51/><G122/><T116/><D121/><U65/><E117/><V83/><F125/><W28/><G6/><T102/><D116/><U11/><E68/><V29/><F75/><W93/><G35/><T123/><D123/><U124/><E124/><V31/><F33/><W38/><G38/><T27/><D128/><U64/><E129/><V0/><F0/><W15/><G28/><T7/><D69/><U135/><E135/><V16/><F4/><W5/><G5/><T45/><D86/><U134/><E134/><V130/><F130/><W76/><G85/><T8/><D37/><U9/><E113/><V36/><F36/><W90/><G76/><T66/><D66/><U32/><E32/><V74/><F74/><W72/><G72/><T79/><D79/><U55/><E25/><AGARI ba="0,0" hai="7,8,13,24,25,27,45,46,54,56,62,100,102,103" machi="25" ten="40,2600,0" yaku="8,1,52,1" doraHai="50" who="0" fromWho="1" sc="245,26,330,-26,260,0,165,0" /><INIT seed="3,0,0,5,0,38" ten="271,304,260,165" oya="3" hai0="45,87,109,76,27,32,49,75,77,12,15,3,52" hai1="21,60,28,81,121,92,37,83,101,85,17,10,65" hai2="64,72,67,124,50,119,68,133,18,46,71,11,36" hai3="56,108,113,130,125,39,34,79,14,104,30,1,8"/><W44/><G113/><T41/><D3/><U89/><E121/><V69/><F72/><W135/><G104/><T102/><D75/><U115/><E37/><V31/><F36/><W58/><G125/><T120/><D120/><U47/><E115/><V123/><F119/><W19/><G130/><T114/><D114/><U103/><E47/><V99/><F123/><W54/><G135/><T43/><D109/><U62/><E28/><V9/><F124/><W111/><G1/><T86/><D32/><U53/><E10/><V134/><F31/><W23/><G34/><T33/><D33/><U16/><E53/><V59/><F99/><W93/><G79/><N who="0" m="30283" /><D102/><N who="1" m="38923" /><E17/><V84/><F84/><N who="0" m="32298" /><D27/><N who="1" m="14759" /><E65/><N who="2" m="25163" /><F18/><W20/><G30/><T26/><D26/><U73/><E73/><V35/><F35/><W7/><G7/><T61/><D43/><U131/><E131/><V80/><F80/><AGARI ba="0,0" hai="60,62,80,81,83,85,89,92" m="14759,38923" machi="80" ten="30,2000,0" yaku="8,1,54,1" doraHai="38" who="1" fromWho="2" sc="271,0,304,20,260,-20,165,0" owari="271,7.1,324,42.4,240,-16.0,165,-33.5" /></mjloggm>