<mjloggm ver="2.3"><GO type="225" lobby="0"/><UN n0="%63%68%78%62%64" n1="%E5%91%A8%E6%9D%B1" n2="%E6%98%93%E5%88%A9%E8%96%A9%E4%BC%AF" n3="%E5%8D%A0%E3%81%84%E5%B8%AB%E8%A3%8F%E3%81%AA%E3%81%84%E3%81%97" dan="16,17,17,17" rate="2104.43,2215.48,2179.05,2240.05" sx="M,M,F,M"/><TAIKYOKU oya="0"/><INIT seed="0,0,0,3,2,36" ten="250,250,250,250" oya="0" hai0="39,55,48,67,80,41,65,53,86,112,124,131,121" hai1="17,60,79,95,16,52,106,91,2,54,7,103,3" hai2="11,96,0,14,117,45,84,12,62,9,113,71,15" hai3="64,74,13,35,31,10,134,70,22,100,34,90,111"/><T57/><D121/><U24/><E79/><V4/><F113/><W19/><G111/><T122/><D122/><U97/><E7/><V110/><F110/><W114/><G114/><T29/><D112/><U104/><E104/><V21/><F117/><W75/><G134/><T116/><D116/><U108/><E108/><V28/><F96/><W47/><G100/><T129/><D29/><U126/><E126/><V99/><F84/><W92/><G64/><T133/><D124/><U87/><E24/><V105/><F28/><W118/><G70/><T66/><D133/><U73/><E73/><V135/><F135/><W63/><G63/><N who="0" m="36271" /><D86/><U102/><E102/><V85/><F85/><W43/><G118/><T40/><D80/><U59/><REACH who="1" step="1"/><E54/><REACH who="1" ten="250,240,250,250" step="2"/><V8/><F4/><W27/><G75/><T115/><D115/><U18/><AGARI ba="0,1" hai="2,3,16,17,18,52,59,60,87,91,95,97,103,106" machi="18" ten="30,8000,1" yaku="1,1,2,1,0,1,54,2,53,0" doraHai="36" doraHaiUra="132" who="1" fromWho="1" sc="250,-40,240,90,250,-20,250,-20" /><INIT seed="1,0,0,5,3,106" ten="210,330,230,230" oya="1" hai0="111,35,96,72,16,33,76,11,6,109,59,28,66" hai1="29,23,0,86,92,24,77,91,43,8,114,7,80" hai2="88,63,51,90,18,32,124,130,61,135,126,1,127" hai3="84,97,15,74,31,131,83,81,52,4,93,120,71"/><U26/><E114/><V14/><F1/><W27/><G120/><T64/><D96/><U17/><E43/><V105/><F105/><W36/><G36/><T46/><D46/><U22/><REACH who="1" step="1"/><E92/><REACH who="1" ten="210,320,230,230" step="2"/><V94/><F94/><W5/><G93/><T79/><D109/><U101/><E101/><V2/><F126/><W125/><G125/><T40/><D111/><U128/><E128/><V113/><F130/><W70/><G131/><T85/><D40/><U58/><E58/><V99/><F124/><W134/><G70/><T47/><D59/><U87/><E87/><V30/><F127/><W44/><G84/><T39/><D85/><U42/><E42/><V53/><F113/><W103/><G103/><T117/><D117/><U60/><E60/><V112/><F63/><W119/><G71/><T56/><D56/><U13/><E13/><V75/><F14/><W78/><G15/><T73/><D47/><U37/><E37/><V110/><F61/><W118/><G118/><T57/><D57/><U20/><E20/><V25/><F112/><W67/><G119/><T9/><D39/><U89/><AGARI ba="0,1" hai="0,7,8,17,22,23,24,26,29,77,80,86,89,91" machi="89" ten="30,11700,0" yaku="1,1,0,1,53,2" doraHai="106" doraHaiUra="21" who="1" fromWho="1" sc="210,-39,320,127,230,-39,230,-39" /><INIT seed="1,1,0,0,0,79" ten="171,447,191,191" oya="1" hai0="67,105,126,55,15,46,0,92,96,87,48,45,58" hai1="90,71,130,13,47,59,12,115,35,117,73,68,62" hai2="30,8,54,56,52,60,7,123,53,22,104,44,6" hai3="81,86,10,64,2,57,131,32,116,122,129,114,74"/><U112/><E35/><V97/><F123/><W75/><G122/><T102/><D0/><U29/><E29/><V27/><F44/><W132/><G114/><T61/><D126/><U125/><E73/><V88/><F104/><W23/><G32/><T98/><D87/><U42/><E117/><V101/><F101/><W124/><G116/><T38/><D15/><U118/><E118/><V34/><F34/><W89/><G124/><T21/><D21/><U119/><E119/><V43/><F43/><W3/><G132/><T25/><D25/><U65/><E125/><V26/><F26/><W93/><G23/><T14/><D14/><U39/><E130/><N who="3" m="49674" /><G93/><T1/><D1/><N who="3" m="9" /><G10/><T50/><D38/><U40/><E39/><V84/><F97/><W5/><G5/><N who="2" m="1545" /><F8/><W31/><G31/><T107/><REACH who="0" step="1"/><D98/><REACH who="0" ten="161,447,191,191" step="2"/><U51/><E112/><V69/><F69/><W80/><G74/><T11/><D11/><U4/><E71/><V24/><F24/><W70/><G75/><T16/><D16/><U121/><E68/><V18/><F18/><W76/><G70/><T108/><D108/><U110/><E110/><V128/><F128/><W103/><G103/><T33/><D33/><U100/><E100/><V20/><F20/><W9/><G9/><T95/><D95/><AGARI ba="1,1" hai="22,27,30,52,53,54,56,60,84,88,95" m="1545" machi="95" ten="30,3900,0" yaku="8,1,54,2" doraHai="79" who="2" fromWho="0" sc="161,-42,447,0,191,52,191,0" /><INIT seed="2,0,0,2,4,127" ten="119,447,243,191" oya="2" hai0="118,3,52,80,81,43,100,15,98,0,1,48,2" hai1="34,94,31,58,9,4,69,105,11,12,32,47,120" hai2="14,26,63,102,71,33,70,84,82,121,37,131,21" hai3="18,23,44,90,53,30,8,112,109,17,45,22,128"/><V124/><F121/><W40/><G109/><T133/><N who="0" m="0" /><DORA hai="42" /><T35/><D35/><U25/><E105/><V99/><F37/><W92/><G128/><T36/><D133/><U60/><E120/><V57/><F33/><W134/><G134/><T79/><D118/><U59/><E34/><V19/><F131/><W51/><G112/><T114/><D114/><U61/><E69/><V66/><F14/><W101/><G101/><T96/><D15/><U65/><E94/><V67/><F67/><W104/><G104/><T27/><D27/><U39/><E11/><V89/><REACH who="2" step="1"/><F124/><REACH who="2" ten="119,447,233,191" step="2"/><W56/><G8/><T97/><D100/><U108/><E39/><V72/><F72/><W5/><G22/><T55/><D36/><U62/><E32/><V122/><F122/><W77/><G23/><T68/><D68/><U16/><E65/><V115/><F115/><W111/><G111/><T123/><D123/><U10/><E10/><V6/><F6/><W74/><G5/><T75/><REACH who="0" step="1"/><D81/><REACH who="0" ten="109,447,233,191" step="2"/><U106/><E9/><V125/><F125/><W85/><G92/><AGARI ba="0,2" hai="19,21,26,57,63,66,70,71,82,84,89,92,99,102" machi="92" ten="30,5800,0" yaku="1,1,7,1,53,1" doraHai="127,42" doraHaiUra="103,13" who="2" fromWho="3" sc="109,0,447,0,233,78,191,-58" /><INIT seed="2,1,0,5,4,128" ten="109,447,311,133" oya="2" hai0="106,30,37,41,34,93,92,131,88,44,110,89,39" hai1="50,47,28,117,107,76,123,74,21,3,31,25,73" hai2="68,65,82,94,5,40,81,97,83,17,18,1,130" hai3="42,125,101,102,8,26,75,108,19,52,134,80,85"/><V84/><F130/><W49/><G108/><T66/><D131/><U78/><E107/><V98/><F40/><W124/><G75/><T135/><D106/><U62/><E3/><V64/><F1/><W129/><G42/><T2/><D2/><U114/><E114/><V87/><F5/><W59/><G129/><T104/><D104/><U79/><E117/><V54/><F68/><W36/><G36/><T55/><D135/><U0/><E0/><V132/><F54/><W29/><G134/><T32/><D66/><N who="2" m="25706" /><F132/><W100/><G19/><N who="2" m="7177" /><F94/><W33/><REACH who="3" step="1"/><G8/><REACH who="3" ten="109,447,311,123" step="2"/><T43/><D110/><U16/><E74/><V103/><F103/><W20/><G20/><T96/><D55/><U109/><E73/><V67/><F67/><W27/><G27/><T115/><D115/><U51/><E109/><V120/><F120/><W56/><G56/><T48/><D48/><U86/><E51/><V45/><F45/><W91/><AGARI ba="1,1" hai="26,29,33,49,52,59,80,85,91,100,101,102,124,125" machi="91" ten="30,4000,0" yaku="1,1,0,1,54,1,53,0" doraHai="128" doraHaiUra="121" who="3" fromWho="3" sc="109,-11,447,-11,311,-21,123,53" /><INIT seed="3,0,0,1,4,62" ten="98,436,290,176" oya="3" hai0="60,39,120,133,33,96,134,49,115,70,56,77,117" hai1="135,106,15,2,80,65,116,68,28,69,99,76,74" hai2="16,37,5,127,63,122,123,21,103,66,82,100,46" hai3="11,109,118,32,4,73,47,111,107,83,25,90,51"/><W59/><G118/><T13/><D120/><N who="2" m="46122" /><F5/><W42/><G107/><T113/><D33/><U14/><E80/><V67/><F82/><W86/><G73/><T20/><D77/><U72/><E15/><N who="2" m="9375" /><F127/><W78/><G90/><T55/><D96/><U26/><E99/><V97/><F63/><W132/><G132/><N who="0" m="50795" /><D13/><U45/><E14/><V27/><F27/><W102/><G102/><N who="2" m="38953" /><F97/><W71/><G11/><T48/><D20/><U31/><E26/><V10/><F10/><W95/><G25/><T23/><D39/><U98/><E98/><V81/><F81/><W84/><G32/><T17/><D17/><U12/><E12/><V105/><F105/><W52/><G4/><T93/><D23/><U129/><E106/><V8/><F8/><W88/><REACH who="3" step="1"/><G71/><REACH who="3" ten="98,436,290,166" step="2"/><T41/><D117/><U40/><E116/><V7/><F7/><W9/><G9/><T75/><D75/><U114/><E74/><V91/><F91/><W94/><G94/><T125/><D93/><U18/><E72/><V1/><F1/><W128/><G128/><T58/><D125/><U0/><E129/><V64/><F37/><AGARI ba="0,1" hai="37,42,47,51,52,59,78,83,84,86,88,95,109,111" machi="37" ten="40,12000,1" yaku="1,1,54,2,53,1" doraHai="62" doraHaiUra="43" who="3" fromWho="2" sc="98,0,436,0,290,-120,166,130" /><INIT seed="3,1,0,3,1,11" ten="98,436,170,296" oya="3" hai0="101,55,29,48,69,78,82,19,123,16,52,18,117" hai1="46,135,40,64,93,84,109,60,4,114,96,90,76" hai2="133,103,14,3,108,100,58,107,41,57,118,9,37" hai3="98,119,67,31,6,102,87,106,66,61,129,24,70"/><W80/><G129/><T86/><D123/><U20/><E109/><V2/><F118/><W54/><G119/><T88/><D117/><U38/><E135/><V120/><F108/><W71/><G6/><T25/><D69/><U94/><E114/><V26/><F120/><W36/><G54/><T89/><D101/><U42/><E4/><V49/><F37/><W92/><G36/><T22/><D55/><U44/><E20/><V95/><F107/><W1/><G1/><T110/><D110/><U5/><E5/><V63/><F26/><W34/><G92/><T99/><D99/><U127/><E127/><V72/><F72/><W15/><G15/><T33/><D33/><U43/><E46/><AGARI ba="1,0" hai="16,18,19,22,25,29,46,48,52,78,82,86,88,89" machi="46" ten="40,8000,1" yaku="8,1,54,3" doraHai="11" who="0" fromWho="1" sc="98,83,436,-83,170,0,296,0" owari="181,-21.9,353,45.3,170,-33.0,296,9.6" /></mjloggm>