<mjloggm ver="2.3"><GO type="225" lobby="0"/><UN n0="%72%69%6F%75%63%68%61%6E" n1="%E6%98%93%E5%88%A9%E8%96%A9%E4%BC%AF" n2="%E4%BF%BA%E3%81%A8%E5%A6%96%E5%A4%A2" n3="%E6%81%A5%E6%99%92%E3%81%97" dan="16,17,16,17" rate="2131.50,2200.24,2220.13,2196.66" sx="M,F,F,M"/><TAIKYOKU oya="0"/><INIT seed="0,0,0,3,3,2" ten="250,250,250,250" oya="0" hai0="86,56,55,89,40,102,126,22,96,16,28,32,26" hai1="108,127,134,80,34,29,135,129,130,123,62,35,41" hai2="118,6,30,116,51,61,91,65,81,47,112,93,97" hai3="14,98,74,69,46,72,117,17,7,87,58,49,25"/><T42/><D126/><U0/><E41/><V104/><F112/><W19/><G117/><N who="2" m="45161" /><F104/><W1/><G69/><T105/><D32/><N who="1" m="12331" /><E62/><V85/><F30/><W23/><G58/><T95/><REACH who="0" step="1"/><D28/><REACH who="0" ten="240,250,250,250" step="2"/><U13/><E29/><V120/><F120/><W131/><G74/><T121/><D121/><U78/><E123/><V125/><F125/><W59/><G72/><T39/><D39/><U63/><E127/><V21/><F65/><W115/><G115/><T68/><D68/><U83/><E135/><V119/><F119/><W10/><G131/><T122/><D122/><U132/><E134/><V110/><F110/><W107/><G19/><T33/><D33/><U103/><E108/><V133/><F133/><W88/><G17/><T66/><D66/><U20/><E130/><V76/><F61/><AGARI ba="0,1" hai="16,22,26,40,42,55,56,61,86,89,95,96,102,105" machi="61" ten="30,5800,0" yaku="1,1,7,1,54,1,53,0" doraHai="2" doraHaiUra="73" who="0" fromWho="2" sc="240,68,250,0,250,-58,250,0" /><INIT seed="0,1,0,5,0,106" ten="308,250,192,250" oya="0" hai0="60,118,34,50,70,95,53,69,57,61,54,28,46" hai1="4,18,45,87,55,31,108,80,32,113,109,11,131" hai2="128,68,120,99,0,42,12,29,107,114,121,6,104" hai3="59,133,47,58,67,27,111,63,51,7,116,21,19"/><T117/><D95/><U43/><E131/><V102/><F114/><W72/><G116/><N who="0" m="44651" /><D28/><U8/><E113/><V74/><F0/><W33/><G111/><T79/><D79/><U14/><E32/><V9/><F68/><N who="0" m="26218" /><D34/><U30/><E55/><V119/><F119/><W2/><G33/><T122/><D61/><U35/><E35/><V82/><F29/><W26/><G63/><T134/><D134/><U83/><E83/><V100/><F128/><W76/><G133/><T103/><D103/><U91/><E109/><V64/><F64/><W130/><G76/><T75/><D75/><U65/><E108/><V39/><F102/><W89/><G72/><T77/><D77/><U52/><E65/><V110/><F107/><W97/><G67/><T105/><D105/><U78/><E91/><V62/><F62/><W125/><G89/><T22/><D22/><U40/><E31/><V17/><F110/><W56/><G21/><T37/><D37/><U129/><E30/><V36/><F39/><W44/><G97/><T126/><D126/><U115/><E129/><V41/><F36/><W48/><G130/><T24/><D24/><U20/><E115/><V13/><F74/><W73/><G73/><T92/><D92/><U123/><E20/><N who="2" m="11303" /><F82/><W5/><G125/><T25/><D25/><N who="3" m="9225" /><G2/><T86/><D86/><U93/><E93/><V127/><F127/><W132/><G132/><T10/><D10/><U49/><REACH who="1" step="1"/><E123/><AGARI ba="1,0" hai="46,50,53,54,57,60,122,123" m="26218,44651" machi="123" ten="30,2900,0" yaku="34,2" doraHai="106" who="0" fromWho="1" sc="308,32,250,-32,192,0,250,0" /><INIT seed="0,2,0,2,5,90" ten="340,218,192,250" oya="0" hai0="120,19,66,5,43,3,128,33,132,50,15,57,6" hai1="82,126,63,86,75,54,62,83,85,130,32,99,112" hai2="89,114,1,51,22,65,16,88,61,18,93,9,104" hai3="53,69,80,107,74,119,100,30,38,124,2,129,31"/><T95/><D120/><U23/><E32/><V28/><F114/><W42/><G119/><T115/><D115/><U131/><E112/><V76/><F104/><W52/><G69/><T87/><D33/><U17/><E126/><V4/><F76/><N who="3" m="44055" /><G124/><T27/><D128/><U91/><E75/><V94/><F51/><W111/><G107/><T105/><D105/><U14/><E99/><V41/><F41/><W8/><G100/><T47/><D132/><U35/><E35/><V125/><F125/><W13/><G13/><T118/><D118/><U45/><E45/><V73/><F73/><W49/><G111/><T10/><D27/><U110/><E110/><V71/><F28/><N who="3" m="10795" /><G49/><T92/><D87/><U46/><E46/><V122/><F122/><W81/><G81/><T0/><D0/><U78/><REACH who="1" step="1"/><E54/><REACH who="1" ten="340,208,192,250" step="2"/><V117/><F117/><W108/><G108/><T97/><D97/><U127/><E127/><V79/><F22/><W72/><G72/><T44/><D47/><U20/><E20/><V77/><F77/><W106/><G52/><T96/><D96/><U55/><E55/><V102/><F79/><W98/><G53/><T34/><D34/><U37/><E37/><V21/><F102/><W133/><G98/><T70/><D44/><U24/><E24/><V123/><F123/><W60/><G38/><T67/><D50/><U134/><E134/><V25/><REACH who="2" step="1"/><F18/><REACH who="2" ten="340,208,182,250" step="2"/><W109/><G133/><T39/><D19/><U58/><E58/><V48/><F48/><W84/><G42/><T26/><D43/><U68/><E68/><V101/><F101/><W113/><G113/><RYUUKYOKU ba="2,2" sc="340,-15,208,15,182,15,250,-15" hai1="14,17,23,62,63,78,82,83,85,86,91,130,131" hai2="1,4,9,16,21,25,61,65,71,88,89,93,94" /><INIT seed="1,3,2,2,3,96" ten="325,223,197,235" oya="1" hai0="78,118,121,46,2,56,103,42,91,57,100,52,108" hai1="122,97,20,134,71,107,99,105,34,74,131,126,130" hai2="36,101,28,120,29,7,39,17,115,41,62,33,35" hai3="15,116,104,82,106,58,63,6,72,86,51,61,127"/><U102/><E34/><V113/><F7/><W81/><G127/><T75/><D118/><U55/><E122/><V38/><F120/><W60/><G116/><T135/><D121/><U21/><E71/><V68/><F41/><W64/><G104/><T133/><D108/><U24/><E74/><V87/><F17/><W43/><G106/><T119/><D119/><U10/><E10/><V69/><F87/><W123/><G72/><T117/><D117/><U67/><E67/><V45/><F45/><N who="3" m="26047" /><G123/><T77/><D2/><U59/><E134/><N who="0" m="51209" /><D91/><U5/><E5/><V12/><F12/><W3/><G3/><T83/><D77/><U22/><E24/><V80/><F80/><N who="3" m="30827" /><G86/><T79/><D78/><U112/><E112/><N who="2" m="43083" /><F62/><W85/><G85/><T114/><D114/><U94/><E126/><V110/><F110/><W8/><AGARI ba="3,2" hai="6,8,15,58,60,61,63,64" m="30827,26047" machi="8" ten="30,1100,0" yaku="8,1" doraHai="96" who="3" fromWho="3" sc="325,-6,223,-8,197,-6,235,40" /><INIT seed="2,0,0,2,2,103" ten="319,215,191,275" oya="2" hai0="60,20,65,32,67,9,64,54,128,46,12,43,70" hai1="121,96,85,41,74,108,107,29,110,8,35,39,102" hai2="10,82,25,122,62,69,112,111,129,79,76,77,16" hai3="1,101,71,134,84,31,59,125,131,106,80,120,44"/><V100/><F112/><W66/><G120/><T23/><D32/><U90/><E74/><V68/><F122/><W113/><G113/><T94/><D128/><U18/><E121/><V109/><F129/><W132/><G131/><T22/><D94/><U27/><E41/><V97/><F82/><W93/><G1/><T118/><D54/><U26/><E39/><V52/><F69/><W4/><G4/><T81/><D118/><U6/><E27/><V135/><F135/><W5/><G5/><T14/><D81/><U48/><E48/><V21/><F10/><W105/><G71/><T126/><D126/><U47/><E47/><V86/><F86/><W133/><G31/><T124/><D124/><U130/><E18/><V58/><REACH who="2" step="1"/><F68/><REACH who="2" ten="319,215,181,275" step="2"/><W91/><G125/><T56/><D70/><U89/><E130/><V2/><F2/><W34/><G80/><T17/><REACH who="0" step="1"/><D14/><REACH who="0" ten="309,215,181,275" step="2"/><U50/><E110/><V49/><F49/><AGARI ba="0,2" hai="9,12,17,20,22,23,43,46,49,56,60,64,65,67" machi="49" ten="40,5200,0" yaku="1,1,2,1,8,1,53,0" doraHai="103" doraHaiUra="95" who="0" fromWho="2" sc="309,72,215,0,181,-52,275,0" /><INIT seed="3,0,0,1,2,131" ten="381,215,129,275" oya="3" hai0="14,39,6,122,37,133,64,91,38,41,98,59,10" hai1="51,76,101,88,52,65,134,49,96,111,104,34,132" hai2="40,32,114,12,35,45,24,127,125,99,7,110,94" hai3="36,28,46,21,116,58,118,97,16,100,15,70,107"/><W19/><G70/><T18/><D133/><N who="1" m="51307" /><E34/><V67/><F114/><W81/><G28/><T87/><D122/><U75/><E111/><V77/><F110/><W11/><G58/><T109/><D109/><U30/><E30/><V90/><F67/><W26/><REACH who="3" step="1"/><G81/><REACH who="3" ten="381,215,129,265" step="2"/><T106/><D59/><U105/><E65/><V69/><F69/><W4/><G4/><T103/><D64/><U102/><E105/><V63/><F63/><W82/><G82/><T1/><D41/><AGARI ba="0,1" hai="11,15,16,19,21,26,36,41,46,97,100,107,116,118" machi="41" ten="40,3900,0" yaku="1,1,54,1,53,0" doraHai="131" doraHaiUra="85" who="3" fromWho="0" sc="381,-39,215,0,129,0,265,49" /><INIT seed="3,1,0,0,2,24" ten="342,215,129,314" oya="3" hai0="63,83,10,113,1,51,45,70,34,54,15,26,77" hai1="122,2,118,87,13,91,56,120,14,84,40,105,102" hai2="43,88,21,79,28,53,11,121,29,129,58,46,19" hai3="31,124,73,0,82,94,60,126,125,85,132,89,110"/><W5/><G132/><T64/><D113/><U52/><E2/><V112/><F112/><W72/><G60/><T65/><D65/><U62/><E118/><V35/><F35/><W86/><G110/><T80/><D1/><U128/><E128/><V134/><F129/><W42/><G42/><T48/><D77/><U44/><E87/><V25/><F79/><W59/><G59/><N who="0" m="36991" /><D34/><U17/><E102/><V36/><F134/><W96/><G86/><T57/><D26/><U8/><E14/><V109/><F109/><W50/><G50/><T55/><D70/><U30/><E30/><V12/><F121/><W78/><G31/><T16/><AGARI ba="1,0" hai="10,15,16,45,48,51,54,55,57,80,83" m="36991" machi="16" ten="30,2000,0" yaku="8,1,54,1" doraHai="24" who="0" fromWho="0" sc="342,23,215,-6,129,-6,314,-11" owari="365,46.5,209,-19.1,123,-37.7,303,10.3" /></mjloggm>