<mjloggm ver="2.3"><GO type="225" lobby="0"/><UN n0="%E6%81%A5%E6%99%92%E3%81%97" n1="%E4%BF%BA%E3%81%A8%E5%A6%96%E5%A4%A2" n2="%E5%91%A8%E6%9D%B1" n3="%E7%99%BD%E5%80%89%E5%AF%9B%E4%B9%8B" dan="16,16,16,16" rate="2080.54,2109.42,2156.99,2126.52" sx="M,F,M,M"/><TAIKYOKU oya="0"/><INIT seed="0,0,0,4,3,104" ten="250,250,250,250" oya="0" hai0="68,72,49,92,57,63,125,62,89,2,47,7,17" hai1="35,32,9,81,84,97,127,38,102,99,90,133,66" hai2="51,60,130,128,113,29,88,91,118,74,20,48,4" hai3="45,0,114,61,86,56,40,33,5,16,101,13,58"/><T26/><D125/><U70/><E127/><V64/><F113/><W42/><G114/><T119/><D119/><U78/><E38/><V106/><F106/><W116/><G33/><T18/><D68/><U122/><E122/><V1/><F118/><W28/><G28/><T87/><D72/><U6/><E133/><V23/><F74/><W39/><G116/><T31/><D7/><U134/><E134/><V100/><F100/><W69/><G42/><N who="0" m="24823" /><D2/><U120/><E120/><V96/><F4/><W110/><G110/><T77/><D77/><U93/><E66/><V108/><F1/><W117/><G101/><T12/><D31/><U112/><E70/><V80/><F108/><W124/><G124/><T10/><D57/><U94/><REACH who="1" step="1"/><E112/><REACH who="1" ten="250,240,250,250" step="2"/><V30/><F64/><W11/><G117/><T37/><D37/><U123/><E123/><V43/><F130/><W55/><G69/><T121/><D121/><U50/><E50/><V41/><F128/><W131/><G131/><T135/><D135/><U44/><E44/><V36/><F36/><W85/><REACH who="3" step="1"/><G58/><REACH who="3" ten="250,240,250,240" step="2"/><T126/><D126/><U71/><E71/><V21/><F43/><W73/><G73/><T53/><D53/><U22/><E22/><AGARI ba="0,2" hai="0,5,11,13,16,22,39,40,45,55,56,61,85,86" machi="22" ten="30,7700,0" yaku="1,1,7,1,54,1,53,1" doraHai="104" doraHaiUra="15" who="3" fromWho="1" sc="250,0,240,-77,250,0,240,97" /><AGARI ba="0,0" hai="10,12,17,18,22,26,62,63,87,89,92" m="24823" machi="22" ten="30,1500,0" yaku="8,1" doraHai="104" who="0" fromWho="1" sc="250,15,163,-15,250,0,337,0" /><INIT seed="0,1,0,5,1,23" ten="265,148,250,337" oya="0" hai0="74,32,1,127,15,2,111,76,40,44,55,71,112" hai1="62,21,30,53,82,84,132,120,86,83,126,106,8" hai2="124,37,38,102,78,61,29,16,77,98,50,35,0" hai3="122,130,105,10,80,12,14,131,91,108,107,18,72"/><T90/><D112/><U41/><E120/><V66/><F0/><W4/><G122/><T45/><D71/><U103/><E132/><V17/><F124/><W87/><G108/><T63/><D111/><U34/><E126/><V125/><F125/><W67/><G67/><T100/><D90/><U129/><E129/><N who="3" m="49162" /><G72/><T58/><D127/><U20/><E41/><V117/><F117/><W101/><G101/><T114/><D114/><U73/><E73/><V19/><F50/><W116/><G116/><T68/><D45/><U135/><E135/><V56/><F38/><W69/><G69/><T22/><D32/><U60/><E8/><AGARI ba="1,0" hai="4,8,10,12,14,18,80,87,91,105,107" m="49162" machi="8" ten="30,1000,0" yaku="19,1" doraHai="23" who="3" fromWho="1" sc="265,0,148,-13,250,0,337,13" /><INIT seed="1,0,0,1,3,114" ten="265,135,250,350" oya="1" hai0="34,75,82,92,94,105,38,31,124,91,96,113,87" hai1="13,80,50,53,23,116,1,110,131,20,107,35,89" hai2="56,22,78,39,119,79,111,112,115,32,100,123,16" hai3="40,77,83,24,85,10,101,72,81,129,93,43,8"/><U74/><E35/><V48/><F39/><W130/><G24/><T132/><D38/><U51/><E1/><V73/><F123/><W69/><G69/><T133/><D113/><N who="2" m="43594" /><F73/><W117/><G117/><T26/><D124/><U134/><E116/><V25/><F119/><W12/><G93/><T118/><D94/><U28/><E107/><V58/><F111/><W21/><G21/><T0/><D0/><U15/><E110/><V68/><F68/><W106/><G101/><N who="0" m="62631" /><D118/><U70/><E70/><V9/><F100/><W60/><G60/><T86/><D86/><N who="1" m="50375" /><E74/><V103/><F103/><W67/><G67/><T33/><D34/><U36/><E36/><V98/><F98/><W42/><G106/><T54/><D54/><U57/><E134/><V104/><F104/><W66/><G66/><T126/><D126/><U121/><E121/><V19/><F32/><W109/><G109/><T3/><D3/><U125/><E125/><V64/><F64/><W76/><REACH who="3" step="1"/><G10/><REACH who="3" ten="265,135,250,340" step="2"/><T59/><D132/><U88/><E23/><V97/><F22/><W2/><G2/><T49/><D133/><U84/><E131/><V128/><F128/><W17/><AGARI ba="0,1" hai="8,12,17,40,42,43,72,76,77,81,83,85,129,130" machi="17" ten="30,4000,0" yaku="1,1,0,1,53,1" doraHai="114" doraHaiUra="11" who="3" fromWho="3" sc="265,-10,135,-20,250,-10,340,50" /><INIT seed="2,0,0,0,0,132" ten="255,115,240,390" oya="2" hai0="111,2,133,97,103,114,39,73,94,86,130,68,77" hai1="128,44,126,129,58,76,18,82,49,118,0,55,45" hai2="13,35,50,134,15,20,102,41,3,70,75,25,109" hai3="101,19,28,71,67,38,14,11,113,104,95,124,122"/><V74/><F70/><W32/><G38/><T12/><D114/><U46/><E118/><V91/><F134/><W27/><G95/><T107/><D2/><U8/><E18/><V34/><F3/><W22/><G113/><T42/><D133/><U108/><E108/><V123/><F102/><W98/><G122/><T4/><D130/><N who="1" m="50283" /><E8/><V61/><F61/><N who="3" m="40431" /><G11/><T105/><D68/><U59/><E59/><V57/><F123/><W112/><G112/><T81/><D111/><U117/><E0/><V83/><F109/><W37/><G37/><T65/><D65/><U1/><E1/><V119/><F119/><W92/><G92/><T78/><D78/><U115/><E117/><V93/><F35/><W127/><AGARI ba="0,0" hai="14,19,22,27,28,32,98,101,104,124,127" m="40431" machi="127" ten="30,4000,0" yaku="25,1,52,2" doraHai="132" who="3" fromWho="3" sc="255,-10,115,-10,240,-20,390,40" /><INIT seed="3,0,0,0,1,11" ten="245,105,220,430" oya="3" hai0="94,42,68,89,6,54,79,63,126,10,123,16,119" hai1="85,13,71,34,66,114,115,84,101,97,124,129,20" hai2="73,111,127,25,90,130,15,46,29,55,59,48,133" hai3="38,45,19,17,103,82,57,98,65,37,104,77,120"/><W106/><G65/><T64/><D123/><U122/><E34/><V110/><F73/><W60/><G60/><T83/><D119/><U47/><E122/><V27/><F130/><W134/><G57/><T58/><D126/><U49/><E129/><V72/><F72/><W76/><G45/><T91/><D42/><U39/><E39/><V44/><F127/><W51/><G51/><T2/><D16/><U21/><E124/><V69/><F69/><W12/><G98/><T107/><D94/><U53/><E115/><V135/><F90/><W43/><G82/><T22/><D22/><U7/><E114/><V128/><F15/><W4/><G4/><T33/><D33/><U28/><E66/><V80/><F80/><W30/><G103/><T86/><D107/><U131/><E71/><V78/><F78/><W1/><G43/><T105/><D105/><U32/><E32/><N who="2" m="20527" /><F27/><W70/><G70/><T95/><D95/><U56/><E131/><V8/><F8/><W118/><G77/><T50/><AGARI ba="0,0" hai="2,6,10,50,54,58,63,64,68,79,83,86,89,91" machi="50" ten="20,1500,0" yaku="0,1,7,1" doraHai="11" who="0" fromWho="0" sc="245,15,105,-4,220,-4,430,-7" owari="260,6.0,101,-39.9,216,-18.4,423,52.3" /></mjloggm>