<mjloggm ver="2.3"><GO type="225" lobby="0"/><UN n0="%E6%9D%B1%E9%A2%A8%E3%81%AE%E3%81%8D%E3%82%83%E3%81%B7%E3%81%95%E3%82%93" n1="%E3%83%96%E3%83%83%E3%83%91%E3%82%AA%E3%83%96%E3%83%81%E3%82%AD%E3%83%B3" n2="%E5%B8%86%E7%AB%8B%E5%A4%8F%E8%A1%A3" n3="%E5%8D%A0%E3%81%84%E5%B8%AB%E8%A3%8F%E3%81%AA%E3%81%84%E3%81%97" dan="16,17,17,17" rate="2177.55,2189.25,2200.83,2253.16" sx="M,M,M,M"/><TAIKYOKU oya="0"/><INIT seed="0,0,0,1,5,68" ten="250,250,250,250" oya="0" hai0="28,115,95,69,112,133,52,9,90,55,63,117,56" hai1="4,24,134,105,120,129,35,84,27,26,59,29,128" hai2="37,110,41,85,125,7,122,74,118,79,32,76,81" hai3="99,36,86,17,25,6,0,130,44,11,31,38,131"/><T97/><D117/><U106/><E120/><V15/><F32/><W2/><G2/><T114/><D133/><U30/><E134/><V132/><F122/><W49/><G86/><T93/><D69/><U33/><E4/><V113/><F113/><W45/><G17/><T111/><D28/><U94/><E26/><V64/><F125/><W77/><G99/><T48/><D111/><U66/><E84/><V53/><F64/><W87/><G87/><T109/><D109/><U75/><E94/><V100/><F100/><W1/><G77/><T70/><D95/><U57/><REACH who="1" step="1"/><E66/><REACH who="1" ten="250,240,250,250" step="2"/><V23/><F85/><W72/><G72/><AGARI ba="0,1" hai="24,27,29,30,33,35,57,59,72,75,105,106,128,129" machi="72" ten="25,6400,0" yaku="1,1,2,1,22,2,53,0" doraHai="68" doraHaiUra="83" who="1" fromWho="3" sc="250,0,240,74,250,0,250,-64" /><INIT seed="1,0,0,4,2,81" ten="250,314,250,186" oya="1" hai0="63,48,52,38,29,21,25,130,116,62,110,85,44" hai1="98,117,15,51,73,124,22,69,68,4,0,90,46" hai2="35,32,54,127,30,10,96,66,128,89,95,28,47" hai3="60,65,49,133,57,17,24,92,23,16,71,80,14"/><U83/><E117/><V55/><F127/><W105/><G105/><T27/><D116/><U121/><E121/><V2/><F128/><W8/><G133/><T131/><D110/><U13/><E124/><V108/><F108/><W74/><G74/><T1/><D1/><U26/><E0/><V50/><F66/><W45/><G80/><T31/><D38/><U123/><E123/><V126/><F126/><W94/><REACH who="3" step="1"/><G71/><REACH who="3" ten="250,314,250,176" step="2"/><T37/><D37/><U59/><E73/><V122/><F122/><W115/><G115/><T112/><D112/><U75/><E69/><V43/><F35/><W77/><G77/><T19/><D131/><U91/><E68/><V88/><F32/><W109/><G109/><T84/><D130/><U118/><E75/><V132/><F132/><W102/><G102/><T11/><D31/><U114/><E118/><V103/><F30/><W93/><G93/><T119/><D119/><U42/><E114/><V9/><F28/><W125/><G125/><T79/><D79/><U113/><E113/><V82/><F82/><W5/><G5/><T106/><D106/><U86/><E4/><V78/><F78/><W33/><G33/><T39/><D39/><U135/><E135/><V67/><F103/><W76/><G76/><T101/><D101/><U111/><E111/><V56/><F89/><W53/><AGARI ba="0,1" hai="8,14,16,17,23,24,45,49,53,57,60,65,92,94" machi="53" ten="20,12000,2" yaku="1,1,0,1,7,1,8,1,54,1,53,1" doraHai="81" doraHaiUra="6" who="3" fromWho="3" sc="250,-30,314,-60,250,-30,176,130" /><INIT seed="2,0,0,5,1,29" ten="220,254,220,306" oya="2" hai0="123,95,27,65,15,111,63,86,8,31,80,72,36" hai1="126,52,12,130,43,14,75,57,19,54,39,60,23" hai2="89,3,4,115,70,122,106,6,61,22,33,92,83" hai3="103,49,90,5,93,30,107,127,73,53,98,119,105"/><V18/><F115/><W51/><G119/><T50/><D36/><U69/><E126/><V45/><F122/><W7/><G127/><T113/><D72/><U117/><E117/><V91/><F106/><W99/><G105/><T101/><D111/><U85/><E130/><V28/><F45/><W94/><G73/><T108/><D108/><U77/><E75/><V100/><F100/><W78/><G78/><T16/><D50/><U135/><E135/><V79/><F70/><W116/><G116/><T82/><D123/><U128/><E128/><V9/><F61/><W84/><G30/><T131/><D131/><U56/><E69/><V109/><F6/><W58/><REACH who="3" step="1"/><G49/><REACH who="3" ten="220,254,220,296" step="2"/><T17/><D113/><U66/><E39/><V87/><F109/><W55/><G55/><T74/><D74/><U24/><E43/><V2/><F2/><W25/><G25/><T104/><D104/><U1/><E1/><V41/><F41/><W59/><G59/><T64/><D31/><U68/><E68/><V110/><F110/><W88/><AGARI ba="0,1" hai="5,7,51,53,58,84,88,90,93,94,98,99,103,107" machi="88" ten="20,8000,1" yaku="1,1,0,1,7,1,54,1,53,1" doraHai="29" doraHaiUra="46" who="3" fromWho="3" sc="220,-20,254,-20,220,-40,296,90" /><INIT seed="3,0,0,1,0,89" ten="200,234,180,386" oya="3" hai0="87,129,118,102,101,135,4,123,96,124,23,13,73" hai1="63,64,97,7,20,40,14,22,11,50,130,18,75" hai2="100,61,2,33,49,110,112,115,16,85,94,104,90" hai3="32,109,71,44,54,8,83,69,81,36,66,52,125"/><W15/><G32/><T58/><D73/><U55/><E130/><V120/><F2/><W57/><G125/><T39/><D39/><U108/><E75/><V30/><F33/><W91/><G36/><T47/><D118/><U78/><E108/><V38/><F38/><W98/><G69/><T59/><D135/><U9/><E78/><V19/><F110/><W132/><G71/><T25/><D124/><U80/><E80/><V65/><F30/><W119/><G119/><T127/><D127/><U121/><E121/><V70/><F120/><W106/><G106/><T42/><D123/><U95/><E40/><V53/><F104/><W35/><G35/><T29/><D87/><U126/><E126/><V111/><F100/><N who="0" m="38506" /><D96/><U43/><E43/><V56/><REACH who="2" step="1"/><F111/><REACH who="2" ten="200,234,170,386" step="2"/><W122/><G122/><T113/><D129/><U82/><E7/><V107/><F107/><W84/><G109/><T86/><D113/><AGARI ba="0,1" hai="16,19,49,53,56,61,65,70,85,90,94,112,113,115" machi="113" ten="40,5200,0" yaku="1,1,52,1,54,1,53,0" doraHai="89" doraHaiUra="103" who="2" fromWho="0" sc="200,-52,234,0,170,62,386,0" owari="148,-35.2,234,3.4,232,-16.8,386,48.6" /></mjloggm>