<mjloggm ver="2.3"><GO type="225" lobby="0"/><UN n0="%E6%9C%88%E5%B3%B6%E5%9F%BA" n1="%E3%82%BC%E3%83%AB%E3%83%80%E3%81%AE%E4%BC%9D%E8%AA%AC" n2="%E3%83%B4%E3%83%A0%EF%BC%99%E3%81%A6" n3="%E4%BF%BA%E3%81%A8%E5%A6%96%E5%A4%A2" dan="17,17,17,16" rate="2206.79,2147.96,2130.93,2198.08" sx="M,M,M,F"/><TAIKYOKU oya="0"/><INIT seed="0,0,0,3,1,82" ten="250,250,250,250" oya="0" hai0="4,79,26,70,50,48,57,95,84,45,80,78,99" hai1="42,12,14,97,135,37,132,11,23,131,76,35,49" hai2="59,18,2,125,117,96,66,40,75,6,118,85,63" hai3="110,130,91,120,68,30,54,29,121,10,108,103,65"/><T53/><D70/><U92/><E35/><V19/><F75/><W27/><G103/><T0/><D0/><U22/><E37/><V94/><F125/><W33/><G65/><T41/><D4/><U77/><E131/><V90/><F40/><W15/><G68/><T61/><D26/><U38/><E38/><V111/><F111/><N who="3" m="42539" /><G54/><T60/><REACH who="0" step="1"/><D79/><REACH who="0" ten="240,250,250,250" step="2"/><U55/><E76/><V13/><F2/><W93/><G130/><T71/><D71/><U67/><E77/><V46/><F6/><N who="3" m="3543" /><G30/><T62/><D62/><U5/><E5/><V7/><F7/><W114/><G114/><T133/><D133/><U134/><E134/><V72/><F63/><W115/><G115/><T3/><D3/><U74/><E132/><V21/><F18/><W81/><G81/><T87/><D87/><AGARI ba="0,1" hai="27,29,33,87,91,93,120,121" m="3543,42539" machi="87" ten="30,2000,0" yaku="14,1,52,1" doraHai="82" who="3" fromWho="0" sc="240,-20,250,0,250,0,250,30" /><INIT seed="1,0,0,0,2,101" ten="220,250,250,280" oya="1" hai0="130,111,81,11,46,31,66,110,23,76,45,37,47" hai1="27,115,87,13,33,64,91,74,0,98,59,63,20" hai2="128,51,70,53,18,61,14,6,3,122,124,108,29" hai3="78,84,28,9,42,82,65,86,4,62,96,25,79"/><U99/><E0/><V35/><F122/><W121/><G42/><T38/><D130/><U36/><E74/><V126/><F128/><W71/><G121/><T58/><D11/><U49/><E36/><V1/><F108/><N who="0" m="41514" /><D31/><U116/><E115/><V135/><F135/><W77/><G96/><T80/><D23/><U17/><E116/><V52/><F29/><W40/><G40/><T89/><D89/><U60/><E33/><V131/><F35/><W41/><G41/><T94/><D94/><U103/><E103/><V8/><F131/><W50/><G50/><T22/><D22/><U54/><E27/><V83/><F83/><N who="0" m="31818" /><D76/><U113/><E113/><V92/><F92/><W134/><G134/><T95/><D95/><N who="1" m="54783" /><E60/><AGARI ba="0,0" hai="37,38,45,46,47,58,60,66" m="31818,41514" machi="60" ten="40,1300,0" yaku="14,1" doraHai="101" who="0" fromWho="1" sc="220,13,250,-13,250,0,280,0" /><INIT seed="2,0,0,5,4,0" ten="233,237,250,280" oya="2" hai0="98,38,56,51,127,32,129,75,121,131,37,3,42" hai1="120,60,58,106,133,97,28,36,50,6,59,47,57" hai2="46,123,122,108,48,18,9,109,53,71,130,66,102" hai3="76,87,88,13,2,85,74,1,96,65,16,92,54"/><V94/><F102/><W7/><G65/><T126/><D75/><U110/><E28/><V118/><F94/><W10/><G1/><T69/><D32/><U55/><E106/><V43/><F118/><W115/><G115/><T117/><D98/><U111/><E97/><V89/><F89/><W31/><G31/><T135/><D3/><U41/><E6/><V27/><F130/><N who="0" m="49674" /><D121/><U80/><E80/><V70/><F27/><W15/><G2/><T61/><D117/><U67/><E120/><N who="2" m="46123" /><F18/><W116/><G116/><T49/><D69/><N who="2" m="26122" /><F9/><N who="3" m="4287" /><G74/><T63/><D135/><U23/><E23/><V90/><F90/><W107/><G107/><T14/><D14/><U4/><E4/><V82/><F82/><W119/><G119/><T79/><D79/><U62/><E133/><V11/><F11/><W44/><G76/><T8/><D8/><U39/><E39/><N who="0" m="14857" /><D61/><U21/><E21/><V84/><F84/><W132/><G132/><T72/><D72/><U40/><E40/><V45/><F66/><AGARI ba="0,0" hai="36,41,47,50,55,57,58,59,60,62,66,67,110,111" machi="66" ten="40,8000,1" yaku="9,1,34,3" doraHai="0" who="1" fromWho="2" sc="233,0,237,80,250,-80,280,0" /><INIT seed="3,0,0,4,4,8" ten="233,317,170,280" oya="3" hai0="105,12,102,43,41,98,20,44,107,61,48,30,87" hai1="86,83,13,11,99,123,66,74,14,42,80,92,106" hai2="78,60,4,23,19,65,56,36,59,50,90,72,116" hai3="91,53,58,118,110,9,3,35,16,71,84,7,126"/><W45/><G118/><T27/><D43/><U67/><E123/><V15/><F116/><W28/><G71/><T128/><D128/><U119/><E119/><V57/><F36/><W115/><G115/><T2/><D2/><U127/><E127/><V69/><F4/><W68/><G68/><T108/><D108/><U70/><E106/><V120/><F120/><W77/><G126/><T121/><D121/><U22/><E70/><V62/><F50/><W94/><G110/><T129/><D129/><U34/><E34/><V46/><F46/><W81/><G45/><T82/><D61/><U89/><E42/><V21/><F90/><W31/><G35/><T93/><D12/><U112/><E112/><V113/><F113/><W64/><G64/><N who="1" m="24618" /><E74/><V10/><REACH who="2" step="1"/><F60/><REACH who="2" ten="233,317,160,280" step="2"/><N who="3" m="35919" /><G7/><T131/><D131/><U101/><E89/><AGARI ba="0,1" hai="20,27,30,41,44,48,82,87,89,93,98,102,105,107" machi="89" ten="30,1000,0" yaku="7,1" doraHai="8" who="0" fromWho="1" sc="233,20,317,-10,160,0,280,0" owari="253,-14.7,307,40.7,160,-34.0,280,8.0" /></mjloggm>