<mjloggm ver="2.3"><GO type="225" lobby="0"/><UN n0="%E3%81%BF%E3%81%BF%E3%81%9A" n1="%E7%89%B9%E6%9D%B1%E3%81%AF%E4%B8%96%E7%95%8C%E3%82%92%E6%95%91%E3%81%86" n2="%E3%82%A4%E3%83%BC%E3%82%B1%E3%83%97%E3%83%A9" n3="%E7%99%BD%E5%80%89%E5%AF%9B%E4%B9%8B" dan="18,16,17,16" rate="2255.62,2151.99,2231.66,2110.39" sx="M,M,M,M"/><TAIKYOKU oya="0"/><INIT seed="0,0,0,3,3,38" ten="250,250,250,250" oya="0" hai0="73,91,26,42,27,97,130,93,114,7,89,121,127" hai1="61,53,62,33,82,103,85,83,13,65,107,43,22" hai2="86,50,10,34,64,119,123,110,128,100,76,72,122" hai3="79,69,80,59,70,133,40,126,41,11,124,21,118"/><T115/><D73/><U0/><E33/><V135/><F34/><W116/><G11/><T47/><D121/><N who="2" m="46090" /><F50/><W15/><G15/><T78/><D78/><U58/><E0/><V23/><F23/><W98/><G21/><T95/><D127/><N who="3" m="48681" /><G98/><T37/><D130/><U19/><E107/><V49/><F49/><W117/><G133/><T12/><D12/><U102/><E43/><N who="3" m="16458" /><G59/><T55/><D55/><U60/><E82/><V18/><F10/><W9/><G9/><T8/><D8/><U88/><REACH who="1" step="1"/><E62/><REACH who="1" ten="250,240,250,250" step="2"/><V92/><F135/><W17/><G17/><T99/><REACH who="0" step="1"/><D7/><REACH who="0" ten="240,240,250,250" step="2"/><U120/><E120/><V96/><F128/><W48/><G48/><T30/><D30/><U3/><E3/><V32/><F18/><W104/><G104/><T112/><AGARI ba="0,2" hai="26,27,37,42,47,89,91,93,95,97,99,112,114,115" machi="112" ten="30,11700,0" yaku="1,1,0,1,9,1,52,1,53,0" doraHai="38" doraHaiUra="51" who="0" fromWho="0" sc="240,137,240,-39,250,-39,250,-39" /><INIT seed="0,1,0,1,5,126" ten="377,201,211,211" oya="0" hai0="124,63,16,105,9,81,113,108,75,100,87,121,89" hai1="49,37,51,68,21,32,18,20,118,5,92,66,101" hai2="107,47,99,80,34,102,28,12,38,98,115,8,128" hai3="123,122,67,10,58,130,96,0,57,52,33,88,76"/><T106/><D113/><U117/><E32/><V23/><F115/><W90/><G33/><T22/><D121/><N who="3" m="46089" /><G76/><T27/><D124/><U78/><E37/><V132/><F34/><W50/><G96/><T25/><D108/><U2/><E78/><V70/><F70/><W103/><G103/><T65/><D9/><U42/><E68/><V17/><F132/><W93/><G93/><T129/><D75/><U1/><E66/><V95/><F80/><W56/><G130/><T19/><D100/><U24/><E101/><V111/><F111/><W72/><G72/><T3/><D3/><U135/><E92/><V114/><F114/><W60/><G57/><T82/><D82/><U48/><E42/><V35/><F35/><W44/><G58/><T97/><D97/><U14/><E135/><V112/><F112/><W53/><G67/><T41/><D41/><U40/><E40/><V7/><F128/><W62/><G62/><T43/><D43/><U6/><E2/><V127/><F127/><W46/><G46/><T15/><D129/><U133/><E133/><V73/><F73/><W79/><G79/><T31/><D31/><U91/><E91/><N who="2" m="55679" /><F28/><W116/><G116/><T83/><D83/><U54/><E54/><V61/><F61/><W39/><G39/><T4/><D4/><AGARI ba="1,0" hai="0,4,10,44,50,52,53,56,60,88,90" m="46089" machi="4" ten="30,3900,0" yaku="13,1,54,2" doraHai="126" who="3" fromWho="0" sc="377,-42,201,0,211,0,211,42" /><INIT seed="1,0,0,3,0,54" ten="335,201,211,253" oya="1" hai0="18,20,76,35,67,90,48,30,64,92,134,1,42" hai1="80,32,103,75,109,110,96,78,14,3,77,108,94" hai2="47,44,105,27,124,83,19,26,53,106,51,122,43" hai3="93,129,5,57,104,82,12,111,45,62,89,102,130"/><U60/><E3/><V0/><F122/><W52/><G111/><T22/><D1/><U61/><E32/><V131/><F0/><W38/><G104/><T100/><D134/><U73/><E14/><V125/><F131/><N who="3" m="50187" /><G102/><T33/><D76/><U79/><REACH who="1" step="1"/><E80/><REACH who="1" ten="335,191,211,253" step="2"/><V9/><F125/><W34/><G34/><T8/><D35/><U70/><E70/><V16/><F124/><W49/><G82/><T112/><D33/><U2/><E2/><V74/><F83/><W31/><G12/><T63/><D112/><U10/><E10/><V107/><F9/><W4/><G38/><T46/><D8/><U58/><E58/><V71/><F71/><W65/><G31/><T120/><D30/><U55/><E55/><V101/><F53/><W87/><AGARI ba="0,1" hai="4,5,45,49,52,57,62,65,87,89,93" m="50187" machi="87" ten="30,4000,0" yaku="19,1,52,1,54,1" doraHai="54" who="3" fromWho="3" sc="335,-10,191,-20,211,-10,253,50" /><INIT seed="2,0,0,0,0,70" ten="325,171,201,303" oya="2" hai0="75,57,104,65,77,21,108,78,2,122,120,89,5" hai1="97,124,62,114,133,99,107,86,66,118,15,33,80" hai2="94,48,4,12,63,135,9,106,35,71,1,60,69" hai3="131,79,92,56,58,8,134,41,127,90,101,110,61"/><V82/><F106/><W0/><G110/><T53/><D104/><U19/><E114/><V10/><F35/><W85/><G131/><T49/><D108/><U55/><E118/><V26/><F135/><W16/><G134/><T23/><D2/><U59/><E133/><V25/><F82/><W116/><G127/><T123/><D5/><U7/><E124/><V40/><F94/><W67/><G116/><T91/><D65/><U46/><E33/><V3/><F4/><W73/><G101/><T88/><REACH who="0" step="1"/><D75/><REACH who="0" ten="315,171,201,303" step="2"/><U37/><E7/><V68/><F1/><W76/><G73/><T95/><D95/><U125/><E125/><V115/><F3/><W18/><G0/><T31/><D31/><U29/><E29/><V11/><F115/><W102/><G18/><T98/><D98/><U22/><E107/><V72/><F72/><W119/><G119/><T105/><D105/><U109/><E109/><V117/><F117/><W14/><G102/><T50/><D50/><N who="1" m="29143" /><E37/><V34/><F48/><W39/><REACH who="3" step="1"/><G58/><REACH who="3" ten="315,171,201,293" step="2"/><T38/><D38/><U112/><E112/><V6/><F6/><W28/><G28/><T64/><D64/><U52/><E66/><V32/><F69/><W30/><G30/><T103/><D103/><U54/><E54/><V42/><F68/><W113/><G113/><T132/><D132/><U24/><E24/><V74/><F71/><W83/><G83/><T128/><D128/><U111/><E111/><V43/><F74/><W130/><G130/><T51/><D51/><U121/><E121/><V45/><F26/><W93/><G93/><T20/><AGARI ba="0,2" hai="20,21,23,49,53,57,77,78,88,89,91,120,122,123" machi="20" ten="40,12000,2" yaku="1,1,5,1,0,1,29,2,54,1,53,0" doraHai="70" doraHaiUra="96" who="0" fromWho="0" sc="315,140,171,-30,201,-60,293,-30" /><INIT seed="3,0,0,0,4,57" ten="455,141,141,263" oya="3" hai0="50,62,111,25,51,88,54,14,33,49,101,112,68" hai1="15,92,8,24,39,104,42,72,82,90,23,4,115" hai2="110,81,40,41,13,129,36,56,95,74,29,53,125" hai3="131,132,107,130,21,59,128,106,124,109,32,45,91"/><W120/><G32/><T46/><D88/><U98/><E115/><V66/><F110/><W113/><G113/><T6/><D112/><U75/><E104/><V60/><F129/><W122/><G109/><T80/><D111/><U37/><E42/><V35/><F125/><W55/><G45/><T85/><D101/><U16/><REACH who="1" step="1"/><E82/><REACH who="1" ten="455,131,141,263" step="2"/><V69/><F40/><W3/><G107/><T1/><D62/><U18/><E18/><V27/><F41/><W86/><G106/><T127/><D14/><U10/><E10/><V47/><F36/><AGARI ba="0,1" hai="4,8,15,16,23,24,36,37,39,72,75,90,92,98" machi="36" ten="40,2600,0" yaku="1,1,54,1,53,0" doraHai="57" doraHaiUra="103" who="1" fromWho="2" sc="455,0,131,36,141,-26,263,0" owari="455,55.5,167,-23.3,115,-38.5,263,6.3" /></mjloggm>