<mjloggm ver="2.3"><GO type="225" lobby="0"/><UN n0="%E3%81%90%E3%81%A1%E3%82%84%E3%81%BE" n1="%E5%91%A8%E6%9D%B1" n2="%78%52%65" n3="%E3%83%96%E3%83%83%E3%83%91%E3%82%AA%E3%83%96%E3%83%81%E3%82%AD%E3%83%B3" dan="16,17,17,16" rate="2141.36,2161.78,2156.89,2152.62" sx="M,M,M,M"/><TAIKYOKU oya="0"/><INIT seed="0,0,0,2,1,62" ten="250,250,250,250" oya="0" hai0="21,91,9,39,57,65,32,83,25,112,117,118,10" hai1="18,124,76,123,36,102,45,75,103,35,66,87,34" hai2="109,43,2,126,98,11,80,78,74,130,51,115,68" hai3="27,31,55,99,84,54,88,23,108,96,85,67,127"/><T16/><D112/><U120/><E87/><V14/><F115/><W22/><G108/><T122/><D122/><U6/><E45/><V86/><F74/><W104/><G127/><T82/><D39/><U81/><E18/><V33/><F2/><W41/><G104/><T24/><D32/><U28/><E28/><V46/><F33/><W20/><G41/><T56/><D91/><U73/><E36/><V4/><F109/><W63/><G84/><T134/><D134/><U106/><E106/><V92/><F126/><W12/><G99/><T121/><D121/><U17/><E17/><V101/><F68/><W1/><G96/><T49/><D49/><U105/><E105/><V61/><REACH who="2" step="1"/><F61/><REACH who="2" ten="250,250,240,250" step="2"/><W19/><G1/><T8/><D117/><U107/><E124/><V90/><F90/><W58/><REACH who="3" step="1"/><G20/><REACH who="3" ten="250,250,240,240" step="2"/><T52/><D118/><U47/><E35/><V64/><F64/><W5/><G5/><T93/><D65/><U42/><E34/><V131/><AGARI ba="0,2" hai="4,11,14,43,46,51,78,80,86,92,98,101,130,131" machi="131" ten="30,7900,0" yaku="1,1,0,1,25,2,53,0" doraHai="62" doraHaiUra="133" who="2" fromWho="2" sc="250,-39,250,-20,240,99,240,-20" /><INIT seed="1,0,0,2,5,27" ten="211,230,339,220" oya="1" hai0="79,19,119,81,133,92,10,77,29,112,78,22,63" hai1="39,134,120,87,31,45,72,9,124,32,18,130,52" hai2="46,1,106,127,116,111,4,28,48,84,105,11,115" hai3="98,54,73,67,16,3,70,49,8,85,12,57,21"/><U51/><E120/><V65/><F116/><W36/><G73/><T6/><D119/><U102/><E72/><V23/><F115/><W95/><G36/><T60/><D112/><U99/><E134/><V66/><F111/><W69/><G85/><N who="0" m="48303" /><D133/><U109/><E109/><V131/><F131/><W75/><G75/><T129/><D129/><U117/><E130/><V30/><F127/><W40/><G40/><T37/><D37/><U15/><E39/><V104/><F84/><W94/><G67/><T5/><D92/><N who="1" m="58727" /><E124/><V90/><F90/><W25/><G3/><T125/><D125/><U113/><E117/><V88/><F88/><W91/><REACH who="3" step="1"/><G94/><REACH who="3" ten="211,230,339,210" step="2"/><T33/><D78/><U86/><E113/><V93/><F93/><W47/><G47/><T0/><D79/><U82/><E87/><V20/><F66/><W123/><G123/><T26/><D6/><AGARI ba="0,1" hai="6,8,12,16,21,25,49,54,57,69,70,91,95,98" machi="6" ten="30,3900,0" yaku="1,1,7,1,54,1,53,0" doraHai="27" doraHaiUra="110" who="3" fromWho="0" sc="211,-39,230,0,339,0,210,49" /><INIT seed="2,0,0,0,5,114" ten="172,230,339,259" oya="2" hai0="39,111,61,27,103,15,93,84,100,75,30,6,104" hai1="62,123,25,85,135,78,57,120,33,14,107,69,19" hai2="119,38,53,13,110,35,71,66,42,128,105,122,34" hai3="47,51,80,17,32,24,52,91,70,99,50,101,10"/><V45/><F122/><N who="1" m="46633" /><E107/><V2/><F110/><W117/><G70/><T7/><D75/><U116/><E69/><V90/><F2/><W96/><G117/><T26/><D39/><U63/><E135/><V49/><F128/><W36/><G36/><T67/><D111/><U127/><E127/><V129/><F105/><W76/><G91/><T118/><D118/><U56/><E85/><V28/><F129/><W37/><G37/><T88/><D27/><U65/><E78/><V97/><F119/><W125/><G125/><T108/><D108/><U72/><E72/><V4/><F28/><W132/><G132/><T41/><D41/><U92/><E92/><N who="2" m="56471" /><F13/><W112/><G112/><T12/><D12/><U115/><E115/><V87/><F4/><W68/><G68/><T55/><D55/><N who="1" m="34079" /><E116/><V60/><F87/><W95/><G99/><T54/><D54/><U29/><E14/><V134/><F134/><W86/><G32/><T124/><D124/><U79/><E79/><V44/><F34/><W16/><G24/><T77/><D77/><U74/><E74/><V59/><F35/><W21/><G21/><N who="0" m="15695" /><D104/><U94/><E19/><V133/><F133/><W5/><G5/><N who="0" m="1547" /><D15/><U46/><E94/><V109/><F109/><W82/><G10/><T102/><D102/><U113/><E113/><V106/><F106/><W73/><G73/><T18/><D18/><U131/><E131/><V43/><F71/><W64/><G17/><T58/><AGARI ba="0,0" hai="58,61,67,84,88,93,100,103" m="1547,15695" machi="58" ten="30,2000,0" yaku="8,1,54,1" doraHai="114" who="0" fromWho="0" sc="172,20,230,-5,339,-10,259,-5" /><INIT seed="3,0,0,4,4,102" ten="192,225,329,254" oya="3" hai0="124,20,50,60,12,82,71,116,26,97,108,51,119" hai1="1,100,56,0,104,115,13,73,35,55,54,105,16" hai2="129,84,23,30,66,130,7,42,22,62,5,78,107" hai3="53,14,74,11,47,41,92,133,15,132,25,94,93"/><W123/><G123/><T10/><D108/><U21/><E35/><V32/><F107/><W37/><G74/><T69/><D124/><U28/><E115/><V29/><F42/><W4/><G53/><T121/><D121/><U70/><E70/><N who="2" m="42327" /><F84/><W63/><G63/><T83/><D97/><U95/><E28/><N who="2" m="10859" /><F78/><W18/><REACH who="3" step="1"/><G25/><REACH who="3" ten="192,225,329,244" step="2"/><T43/><D60/><U114/><E73/><V101/><F32/><W91/><G91/><T125/><D125/><U103/><E55/><V135/><F135/><W46/><G46/><T3/><D3/><U40/><E0/><V33/><F33/><W17/><G17/><T58/><D43/><U127/><E1/><V126/><F126/><W64/><G64/><T99/><D99/><U24/><E127/><V48/><F130/><W134/><G134/><T106/><D106/><U61/><E40/><V117/><F129/><W112/><G112/><T122/><D122/><U87/><E114/><V34/><F34/><W39/><G39/><T85/><D26/><U19/><E103/><V27/><F101/><W80/><G80/><T52/><D82/><U57/><E100/><V88/><F27/><W118/><G118/><N who="0" m="45099" /><D51/><U38/><E38/><V67/><F117/><W45/><G45/><T110/><D110/><U9/><REACH who="1" step="1"/><E56/><REACH who="1" ten="192,215,329,244" step="2"/><V49/><F49/><W96/><G96/><T111/><D111/><U75/><E75/><V81/><F48/><W68/><G68/><T59/><D59/><U8/><E8/><AGARI ba="0,2" hai="4,8,11,14,15,18,37,41,47,92,93,94,132,133" machi="8" ten="40,7700,0" yaku="1,1,53,2" doraHai="102" doraHaiUra="131" who="3" fromWho="1" sc="192,0,215,-77,329,0,244,97" owari="192,-20.8,138,-36.2,329,12.9,341,44.1" /></mjloggm>