<mjloggm ver="2.3"><GO type="225" lobby="0"/><UN n0="%E6%A0%B9%E5%85%83%E3%81%8B%E3%82%89%E5%90%B9%E3%81%A3%E9%A3%9B%E3%81%B6" n1="%E3%81%BE%E3%81%A8%E3%81%9F" n2="%E3%82%B3%E3%83%90%E3%83%AC%E3%82%A4" n3="%72%65%6E%6B%75%6E" dan="17,16,16,17" rate="2109.63,2116.74,2157.12,2242.37" sx="F,M,M,M"/><TAIKYOKU oya="0"/><INIT seed="0,0,0,4,0,119" ten="250,250,250,250" oya="0" hai0="82,60,74,80,14,64,110,70,112,65,88,121,96" hai1="54,1,50,66,92,4,53,7,26,109,118,99,28" hai2="77,61,43,41,35,49,38,79,69,58,37,114,71" hai3="101,129,108,81,93,46,89,9,107,48,86,32,0"/><T87/><D112/><U6/><E118/><V123/><F35/><W105/><G32/><T126/><D126/><U59/><E109/><V111/><F79/><W103/><G108/><T128/><D110/><U131/><E131/><V3/><F111/><W117/><G117/><T106/><D128/><U78/><E78/><V130/><F77/><W30/><G30/><T134/><D134/><U113/><E113/><V133/><F3/><W36/><G36/><N who="2" m="13929" /><F133/><W24/><G24/><T44/><D65/><U97/><E1/><V39/><F130/><W22/><G22/><T19/><D44/><U63/><E50/><V68/><F114/><W18/><G129/><T104/><D80/><U95/><E97/><V10/><F10/><W132/><G132/><T21/><D74/><U34/><REACH who="1" step="1"/><E92/><REACH who="1" ten="250,240,250,250" step="2"/><V98/><F98/><W33/><G0/><T127/><D127/><U17/><E17/><V84/><F84/><W27/><G105/><T94/><REACH who="0" step="1"/><D121/><REACH who="0" ten="240,240,250,250" step="2"/><U51/><E51/><V42/><F123/><W73/><G48/><T67/><D67/><U2/><E2/><V29/><F39/><W11/><G73/><T55/><D55/><U52/><E52/><N who="2" m="32015" /><F29/><W120/><G120/><T31/><D31/><U72/><E72/><V91/><F42/><W20/><G81/><T135/><D135/><U23/><E23/><V125/><F125/><W56/><G20/><T90/><AGARI ba="0,2" hai="14,19,21,60,64,70,82,87,88,90,94,96,104,106" machi="90" ten="20,12000,1" yaku="1,1,0,1,7,1,54,1,53,1" doraHai="119" doraHaiUra="16" who="0" fromWho="0" sc="240,140,240,-40,250,-40,250,-40" /><INIT seed="0,1,0,4,1,45" ten="380,200,210,210" oya="0" hai0="37,18,114,74,104,48,52,76,133,89,98,103,88" hai1="3,14,70,54,6,80,82,126,44,112,109,30,40" hai2="107,10,20,71,106,51,87,69,2,102,95,99,77" hai3="22,25,60,123,39,9,130,26,59,128,75,100,11"/><T66/><D114/><U134/><E109/><V115/><F115/><W113/><G113/><T117/><D117/><U101/><E3/><V105/><F20/><W131/><G123/><T116/><D116/><U12/><E70/><V86/><F10/><W79/><G39/><T24/><D133/><U13/><E6/><V32/><F2/><W84/><G75/><T120/><D37/><U78/><E134/><V94/><F32/><W57/><G100/><T97/><D66/><U23/><E54/><V47/><F87/><W127/><G127/><T34/><D98/><U93/><E112/><V49/><F95/><W35/><G35/><T91/><D120/><U129/><E129/><V7/><F7/><W31/><G25/><T41/><D41/><U110/><E110/><V43/><REACH who="2" step="1"/><F49/><REACH who="2" ten="380,200,200,210" step="2"/><W92/><G9/><T65/><D48/><N who="1" m="26631" /><E126/><V125/><F125/><W28/><G11/><T121/><D34/><U135/><E135/><V27/><F27/><W64/><G31/><T118/><D24/><N who="1" m="16671" /><E78/><V85/><F85/><W42/><G42/><T124/><D76/><U36/><E36/><V50/><F50/><W33/><G33/><T55/><D124/><U58/><E58/><N who="3" m="22026" /><G79/><T5/><D5/><U0/><E0/><V111/><F111/><W132/><G132/><T96/><D121/><U1/><E1/><V67/><F67/><W15/><G15/><T29/><D65/><U8/><E8/><V56/><F56/><N who="3" m="36871" /><G84/><T16/><D29/><U61/><E61/><V21/><F21/><W90/><G130/><T122/><D122/><U4/><E4/><V17/><F17/><RYUUKYOKU ba="1,1" sc="380,-30,200,10,200,10,210,10" hai1="12,13,14,80,82,93,101" hai2="43,47,51,69,71,77,86,94,99,102,105,106,107" hai3="22,26,28,90,92,128,131" /><INIT seed="1,2,1,3,4,100" ten="350,210,210,220" oya="1" hai0="109,45,71,17,35,81,127,28,69,32,125,84,97" hai1="77,104,44,113,6,11,18,51,62,103,67,68,47" hai2="39,119,106,112,124,85,55,87,94,5,105,89,91" hai3="123,41,53,56,92,31,9,42,10,27,72,46,73"/><U131/><E113/><V54/><F39/><W82/><G123/><T43/><D109/><U15/><E131/><V135/><F112/><W37/><G42/><T52/><D97/><U121/><E121/><V21/><F119/><W8/><G92/><T38/><D17/><U57/><E77/><V19/><F5/><W14/><G14/><T126/><D52/><U114/><E114/><V60/><F135/><W16/><G82/><T80/><D80/><U36/><E36/><V132/><F132/><W22/><REACH who="3" step="1"/><G31/><REACH who="3" ten="350,210,210,210" step="2"/><T26/><D126/><U3/><E3/><V23/><F124/><W4/><G4/><T93/><D93/><U70/><E6/><V108/><F108/><W20/><G20/><T34/><D127/><U107/><E107/><V58/><F23/><W102/><G102/><T134/><D134/><U117/><E117/><V101/><F101/><W48/><AGARI ba="2,2" hai="8,9,10,16,22,27,37,41,46,48,53,56,72,73" machi="48" ten="30,4000,0" yaku="1,1,0,1,54,1,53,0" doraHai="100" doraHaiUra="24" who="3" fromWho="3" sc="350,-12,210,-22,210,-12,210,66" /><INIT seed="2,0,0,1,4,65" ten="338,188,198,276" oya="2" hai0="78,95,39,135,71,37,124,32,131,46,2,26,127" hai1="76,125,42,1,45,123,25,119,3,75,66,86,109" hai2="7,89,126,118,84,9,80,87,88,103,98,112,11" hai3="50,72,100,63,79,68,27,57,120,6,108,74,16"/><V34/><F34/><W115/><G120/><T122/><D122/><U105/><E119/><V97/><F118/><W15/><G108/><T51/><D2/><U121/><E109/><V91/><F112/><W4/><G115/><T10/><D71/><U116/><E116/><V70/><F126/><N who="0" m="48170" /><D135/><U81/><E105/><V60/><F91/><W117/><G117/><T18/><D78/><U58/><E125/><V83/><F7/><W94/><G50/><T64/><D64/><U43/><E3/><V8/><F103/><W90/><G68/><T36/><D95/><U73/><E1/><V55/><F55/><W59/><G100/><T77/><D77/><U13/><E75/><V129/><F129/><W133/><G27/><T107/><D107/><U49/><E73/><V54/><F70/><W134/><G79/><T113/><D131/><U85/><E25/><V130/><F130/><W104/><G104/><T62/><D62/><U102/><E102/><V38/><F38/><W92/><G74/><T20/><D10/><U110/><E110/><V40/><F40/><W82/><G72/><T30/><D113/><U52/><E121/><V111/><F111/><W22/><G82/><T41/><D32/><U56/><E123/><V93/><F93/><N who="3" m="35947" /><G90/><T61/><D61/><N who="1" m="38199" /><E85/><V12/><F12/><W5/><G63/><T21/><D39/><U29/><E13/><AGARI ba="0,0" hai="13,18,20,21,26,30,36,37,41,46,51" m="48170" machi="13" ten="30,1000,0" yaku="18,1" doraHai="65" who="0" fromWho="1" sc="338,10,188,-10,198,0,276,0" /><INIT seed="3,0,0,4,2,39" ten="348,178,198,276" oya="3" hai0="62,45,114,105,71,50,82,30,20,15,47,23,101" hai1="127,43,28,9,34,102,98,74,41,118,4,32,126" hai2="55,52,94,124,104,133,75,51,19,81,7,92,91" hai3="54,88,44,69,38,70,113,21,87,63,16,96,112"/><W84/><G96/><T107/><D114/><U13/><E74/><V3/><F104/><W122/><G122/><T14/><D62/><U135/><E135/><V27/><F133/><W40/><G87/><T85/><D71/><U134/><E134/><V79/><F124/><N who="1" m="47657" /><E118/><V31/><F19/><W120/><G120/><T83/><D30/><U68/><E68/><V130/><F130/><W58/><G70/><T37/><D37/><U42/><E28/><V60/><F60/><W22/><G69/><T36/><D50/><U119/><E119/><V93/><F91/><W132/><G132/><T86/><D36/><U117/><E117/><V49/><F49/><W25/><G21/><T99/><D99/><U76/><E76/><V11/><REACH who="2" step="1"/><F51/><REACH who="2" ten="348,178,188,276" step="2"/><W6/><G6/><T66/><D107/><AGARI ba="0,1" hai="4,9,13,32,34,41,42,43,98,102,107" m="47657" machi="107" ten="30,7700,0" yaku="18,1,52,3" doraHai="39" who="1" fromWho="0" sc="348,-77,178,87,188,0,276,0" /><INIT seed="4,0,0,3,5,77" ten="271,265,188,276" oya="0" hai0="79,108,69,42,102,80,64,35,105,111,96,124,12" hai1="2,119,106,97,44,15,76,81,101,109,125,126,38" hai2="75,122,27,113,60,55,59,13,92,91,40,62,51" hai3="134,65,58,100,107,36,5,26,25,7,47,72,54"/><T31/><D42/><N who="1" m="22615" /><E119/><V127/><F75/><W49/><G72/><N who="0" m="43111" /><D12/><U28/><E15/><V116/><F116/><W90/><G134/><T103/><D103/><U118/><E28/><V50/><F122/><W32/><G32/><T99/><D99/><U78/><E78/><V135/><F135/><W95/><G107/><T67/><D124/><N who="1" m="47723" /><E2/><V94/><F127/><W130/><G100/><T132/><D132/><U114/><E114/><V57/><F113/><W115/><G115/><T66/><D67/><U14/><E14/><V121/><F121/><W8/><G130/><T63/><D66/><U39/><E109/><V74/><F74/><W30/><G30/><T34/><D31/><U104/><E39/><V53/><F40/><W120/><G120/><T88/><D88/><U98/><E98/><V20/><F13/><N who="3" m="5263" /><G7/><T9/><D9/><U18/><E18/><V6/><F6/><W129/><G36/><T37/><D37/><U133/><E133/><V23/><F91/><W0/><G0/><T3/><D3/><U16/><E16/><V10/><REACH who="2" step="1"/><F10/><REACH who="2" ten="271,265,178,276" step="2"/><W71/><G129/><T52/><D111/><U48/><E118/><V117/><F117/><W112/><G112/><T86/><D108/><U46/><E104/><V68/><F68/><W24/><G71/><T128/><D128/><U87/><E106/><V83/><F83/><W1/><G1/><T22/><D69/><U61/><E101/><V19/><F19/><W17/><G17/><T73/><D102/><U43/><E81/><V82/><F82/><W93/><G90/><T4/><D105/><U89/><E76/><RYUUKYOKU ba="0,1" sc="271,-15,265,-15,178,15,276,15" hai2="20,23,27,50,51,53,55,57,59,60,62,92,94" hai3="24,25,26,47,49,54,58,65,93,95" /><INIT seed="5,1,1,0,4,64" ten="256,250,193,291" oya="1" hai0="101,20,117,5,78,49,37,54,99,34,96,7,28" hai1="133,52,110,82,122,79,108,4,76,17,1,67,60" hai2="104,45,19,51,68,127,112,111,21,70,132,55,128" hai3="62,31,81,75,3,65,106,22,0,15,77,59,103"/><U74/><E122/><V48/><F111/><N who="1" m="42537" /><E133/><V61/><F104/><W72/><G72/><T118/><D34/><U25/><E76/><V26/><F132/><W32/><G15/><T57/><D37/><U10/><E25/><V47/><F112/><W44/><G44/><T12/><D78/><U16/><E52/><V73/><F73/><W71/><G22/><T2/><D2/><N who="3" m="553" /><G59/><AGARI ba="1,1" hai="1,4,10,16,17,59,60,67,74,79,82" m="42537" machi="59" ten="30,2900,0" yaku="10,1,54,1" doraHai="64" who="1" fromWho="3" sc="256,0,250,42,193,0,291,-32" /><INIT seed="5,2,0,5,4,5" ten="256,292,193,259" oya="1" hai0="47,82,14,108,80,128,107,27,28,121,13,90,50" hai1="22,8,87,30,124,20,11,69,15,6,88,4,89" hai2="112,73,91,63,126,120,105,100,1,42,36,39,0" hai3="18,37,34,51,26,38,78,46,104,102,29,109,2"/><U68/><E124/><V110/><F91/><W106/><G109/><T71/><D71/><U66/><E30/><V125/><F42/><W7/><G78/><T33/><D108/><U59/><E59/><V17/><F17/><W43/><G18/><T85/><D107/><U72/><E72/><V113/><F63/><W83/><G83/><T74/><D121/><U35/><E35/><V86/><F86/><W127/><G127/><N who="2" m="48649" /><F100/><W118/><G118/><T98/><D98/><U65/><E87/><V111/><F105/><W101/><G101/><T52/><D128/><U114/><E114/><N who="2" m="44139" /><F73/><W76/><G76/><T94/><REACH who="0" step="1"/><D94/><REACH who="0" ten="246,292,193,259" step="2"/><U53/><E53/><V99/><F99/><W130/><G130/><T97/><D97/><U3/><E3/><N who="2" m="1099" /><F120/><W44/><G106/><T70/><D70/><U115/><E115/><V117/><F117/><W134/><G104/><T60/><D60/><U10/><E68/><V48/><F48/><W9/><G51/><T131/><D131/><U84/><E69/><V57/><F57/><W133/><G102/><T81/><D81/><U64/><E84/><V23/><F23/><W12/><G2/><T24/><D24/><U96/><E96/><V56/><F56/><W119/><G119/><T75/><D75/><U135/><E22/><V132/><F132/><W77/><G77/><AGARI ba="2,1" hai="13,14,27,28,33,47,50,52,74,77,80,82,85,90" machi="77" ten="40,2600,0" yaku="1,1,54,1,53,0" doraHai="5" doraHaiUra="62" who="0" fromWho="3" sc="246,42,292,0,193,0,259,-32" /><INIT seed="6,0,0,2,0,18" ten="288,292,193,227" oya="2" hai0="58,122,86,26,0,25,3,98,103,91,57,49,33" hai1="114,41,53,92,4,131,60,134,17,55,117,128,7" hai2="63,28,89,109,65,71,9,62,74,48,101,104,88" hai3="1,79,31,130,110,11,38,96,61,112,99,2,115"/><V32/><F74/><W127/><G110/><T82/><D122/><U132/><E114/><N who="3" m="43562" /><G38/><T125/><D125/><U19/><E92/><V66/><F109/><W102/><G127/><T113/><D113/><U34/><E34/><V30/><F9/><W52/><G130/><T118/><D118/><U39/><E60/><V76/><F76/><W14/><G31/><T56/><D49/><U70/><E70/><N who="2" m="42295" /><F48/><W93/><G79/><T87/><D87/><U123/><E41/><V21/><F30/><W12/><G96/><T24/><REACH who="0" step="1"/><D33/><REACH who="0" ten="278,292,193,227" step="2"/><U135/><E135/><V85/><F85/><W8/><G8/><T69/><D69/><U75/><E75/><V43/><F43/><W111/><G111/><T68/><D68/><U37/><E123/><V29/><F32/><W47/><G11/><T15/><D15/><N who="3" m="5673" /><G47/><T23/><D23/><U95/><E117/><V20/><F21/><W83/><G83/><T44/><D44/><U54/><E132/><V116/><F116/><W126/><G126/><T36/><D36/><U27/><E134/><V84/><F84/><W97/><G97/><T77/><D77/><U80/><E39/><V100/><F20/><W35/><G35/><T64/><D64/><U5/><E37/><V120/><F120/><W50/><G50/><T13/><D13/><U51/><E51/><V72/><F72/><W94/><G94/><AGARI ba="0,1" hai="0,3,24,25,26,56,57,58,82,86,91,94,98,103" machi="94" ten="40,1300,0" yaku="1,1,53,0" doraHai="18" doraHaiUra="133" who="0" fromWho="3" sc="278,23,292,0,193,0,227,-13" owari="301,40.1,292,9.2,193,-30.7,214,-18.6" /></mjloggm>