<mjloggm ver="2.3"><GO type="225" lobby="0"/><UN n0="%E3%81%95%E3%81%8D%E3%81%9F%E3%81%BE%E6%9E%97%E6%AA%8E" n1="%E3%83%A9%E3%83%BC%E3%83%A1%E3%83%B3%E4%BA%94%E9%83%8E" n2="%E6%80%AA%E3%81%97%E3%81%99%E3%81%8E%E3%82%8B%E3%83%81%E3%83%BC" n3="%E6%B5%81%E3%82%8C%EF%BC%9F%53%4F%41" dan="16,16,16,17" rate="2126.04,2172.78,2100.88,2215.02" sx="M,M,M,M"/><TAIKYOKU oya="0"/><INIT seed="0,0,0,3,1,95" ten="250,250,250,250" oya="0" hai0="135,80,71,74,16,19,105,3,84,131,21,24,115" hai1="83,70,72,12,78,101,86,15,54,106,42,122,20" hai2="66,98,121,117,28,6,56,49,36,23,38,76,130" hai3="65,58,0,34,4,46,7,39,40,85,55,10,92"/><T87/><D115/><U90/><E122/><V112/><F121/><W107/><G107/><T102/><D71/><U82/><E70/><V60/><F112/><W37/><G34/><T50/><D3/><U94/><E42/><V13/><F130/><W93/><G4/><T51/><D74/><U1/><E1/><V35/><F117/><W129/><G37/><T41/><D131/><U63/><E83/><V32/><F76/><W8/><G8/><T59/><D135/><U110/><E110/><V53/><F98/><W79/><G65/><T18/><D105/><U120/><E20/><V47/><F38/><W48/><G129/><T57/><D102/><U31/><E31/><V104/><F104/><W100/><G100/><T119/><D119/><U88/><E90/><V127/><F36/><W118/><G118/><T124/><D124/><U29/><E29/><V108/><F108/><W14/><G0/><T111/><D87/><U33/><E33/><V96/><F96/><W109/><G109/><T103/><D103/><U25/><E25/><V128/><F127/><W114/><G114/><T113/><D113/><U27/><E27/><N who="2" m="16511" /><F128/><W99/><G99/><T44/><D111/><U30/><E30/><V62/><F62/><N who="3" m="36191" /><G39/><T81/><D51/><U52/><E120/><V22/><F6/><W116/><G116/><T132/><D132/><U26/><E26/><V2/><F2/><W125/><G125/><T91/><D81/><AGARI ba="0,0" hai="7,10,14,40,46,48,79,81,85,92,93" m="36191" machi="81" ten="30,2000,0" yaku="25,1,8,1" doraHai="95" who="3" fromWho="0" sc="250,-20,250,0,250,0,250,20" /><INIT seed="1,0,0,1,1,112" ten="230,250,250,270" oya="1" hai0="36,76,125,13,34,53,15,49,82,86,24,109,60" hai1="104,85,47,2,14,77,31,78,74,107,12,35,4" hai2="43,110,98,81,97,102,63,126,91,11,106,50,132" hai3="134,114,59,96,105,95,121,54,124,8,0,127,101"/><U20/><E35/><V118/><F118/><W73/><G121/><T56/><D109/><U119/><E119/><V90/><F110/><W122/><G122/><T55/><D125/><N who="3" m="48201" /><G73/><T22/><D34/><U46/><E74/><V44/><F126/><W123/><G123/><T67/><D36/><U26/><E2/><V30/><F132/><W64/><G114/><T21/><D21/><U113/><E113/><V120/><F120/><W111/><G111/><T75/><D75/><U62/><E107/><V93/><F30/><W29/><G29/><T133/><D133/><U87/><E104/><V117/><F117/><W128/><G128/><T41/><D41/><U48/><E62/><V84/><F63/><N who="3" m="36343" /><G64/><T3/><D3/><U6/><E47/><V51/><REACH who="2" step="1"/><F11/><REACH who="2" ten="230,250,240,270" step="2"/><W69/><G134/><T94/><D94/><U25/><E31/><V1/><F1/><W7/><G69/><T5/><D5/><U116/><E116/><V80/><F80/><W99/><G95/><T72/><D82/><U42/><E4/><V70/><F70/><W65/><G105/><T61/><D61/><U18/><E6/><V130/><F130/><W58/><G8/><T37/><D60/><U39/><E20/><V108/><F108/><W16/><G7/><T103/><D22/><U131/><E131/><V83/><F83/><W135/><G0/><T45/><D67/><U28/><E28/><V32/><F32/><W10/><G135/><T33/><D33/><U9/><E9/><V17/><F17/><W40/><G10/><T19/><D19/><U71/><E18/><V66/><F66/><RYUUKYOKU ba="0,1" sc="230,-10,250,-10,240,30,270,-10" hai2="43,44,50,51,81,84,90,91,93,97,98,102,106" /><INIT seed="2,1,1,3,2,39" ten="220,240,270,260" oya="2" hai0="68,49,24,118,55,34,109,59,42,18,90,44,56" hai1="113,7,100,91,120,22,0,21,81,20,130,30,48" hai2="29,107,26,133,33,36,8,41,3,17,95,132,74" hai3="135,110,71,94,76,12,1,80,16,111,46,75,88"/><V65/><F107/><W67/><G1/><T61/><D34/><U25/><E113/><V123/><F123/><W122/><G122/><T124/><D90/><U101/><E120/><V105/><F105/><W9/><G135/><N who="2" m="51785" /><F74/><W53/><G67/><N who="0" m="41071" /><D18/><U108/><E108/><N who="3" m="41514" /><G71/><T47/><D24/><U23/><E130/><V102/><F65/><W86/><G53/><T31/><D31/><U70/><E70/><V134/><F134/><W87/><G46/><N who="0" m="28087" /><D109/><U37/><E37/><V115/><F115/><W93/><G93/><T11/><D11/><U62/><E0/><V116/><F116/><W78/><G78/><T104/><D104/><U127/><E7/><V14/><F3/><W82/><G82/><T38/><D118/><U77/><E77/><V99/><F36/><W83/><G83/><T6/><D6/><U98/><E30/><V32/><F32/><W121/><G121/><T63/><D124/><U10/><E127/><V103/><F103/><W128/><G128/><T2/><D2/><U27/><E101/><V125/><F125/><W89/><G89/><T73/><D73/><AGARI ba="1,1" hai="9,12,16,73,75,76,80,86,87,88,94" m="41514" machi="73" ten="30,3900,0" yaku="14,1,54,2" doraHai="39" who="3" fromWho="0" sc="220,-42,240,0,270,0,260,52" /><INIT seed="3,0,0,4,1,106" ten="178,240,270,312" oya="3" hai0="60,82,118,126,51,72,44,29,109,45,102,30,27" hai1="129,36,19,98,92,90,54,17,63,46,56,59,135" hai2="130,40,42,83,100,131,122,80,49,18,113,127,20" hai3="8,28,65,75,74,91,67,134,35,133,111,64,43"/><W88/><G43/><N who="2" m="16425" /><F113/><W69/><G69/><T33/><D118/><U57/><E129/><N who="2" m="49163" /><F127/><W110/><G28/><T71/><D126/><U86/><E135/><N who="3" m="51722" /><G35/><T13/><D109/><N who="3" m="41481" /><G8/><T66/><D30/><U14/><E36/><V108/><F122/><W132/><G132/><T107/><D13/><U101/><E46/><V23/><F108/><W78/><G78/><T55/><D45/><U79/><E79/><V95/><F23/><W0/><G0/><T125/><D125/><U120/><E120/><V4/><F4/><W15/><G15/><T58/><D82/><N who="1" m="49495" /><E19/><V93/><F80/><W26/><G26/><T52/><D55/><U5/><E5/><V103/><F20/><AGARI ba="0,0" hai="14,17,20,54,56,57,59,63,92,98,101" m="49495" machi="20" ten="30,1000,0" yaku="8,1" doraHai="106" who="1" fromWho="2" sc="178,0,240,10,270,-10,312,0" owari="178,-32.2,250,-15.0,260,6.0,312,41.2" /></mjloggm>