<mjloggm ver="2.3"><GO type="225" lobby="0"/><UN n0="%E3%83%96%E3%83%83%E3%83%91%E3%82%AA%E3%83%96%E3%83%81%E3%82%AD%E3%83%B3" n1="%E9%A6%AC%E5%BC%95%E7%81%AB%33" n2="%E6%9C%88%E5%B3%B6%E5%9F%BA" n3="%E3%81%90%E3%81%A1%E3%82%84%E3%81%BE" dan="16,16,16,16" rate="2134.50,2148.36,2107.77,2123.65" sx="M,M,M,M"/><TAIKYOKU oya="0"/><INIT seed="0,0,0,4,2,98" ten="250,250,250,250" oya="0" hai0="45,70,35,64,73,69,90,61,67,55,25,78,116" hai1="39,123,60,113,79,128,40,66,88,100,48,4,105" hai2="50,65,72,19,12,59,1,124,87,92,10,56,18" hai3="20,24,68,46,81,122,101,17,118,132,129,34,121"/><T43/><D116/><U126/><E123/><N who="3" m="47114" /><G118/><T11/><D55/><U85/><E128/><V14/><F72/><W13/><G129/><T106/><D90/><U94/><E126/><V62/><F1/><W109/><G109/><T2/><D106/><U76/><E39/><V53/><F124/><W127/><G127/><T131/><D131/><U95/><E105/><V134/><F134/><W115/><G132/><T23/><D23/><U36/><E36/><V83/><F92/><W125/><G125/><T16/><D16/><U75/><E75/><V6/><REACH who="2" step="1"/><F14/><REACH who="2" ten="250,250,240,250" step="2"/><W135/><G13/><T114/><D2/><U7/><E95/><V51/><F51/><W22/><G135/><T21/><D73/><U104/><E48/><V74/><F74/><W103/><G115/><T102/><D114/><U0/><E0/><V28/><F28/><W52/><G81/><T96/><D70/><U44/><E94/><V42/><F42/><W26/><G68/><T63/><D69/><U93/><E40/><V49/><F49/><N who="3" m="28727" /><G34/><T30/><D35/><U117/><E104/><V57/><F57/><W9/><G9/><T77/><D11/><U5/><E113/><V32/><F32/><W29/><AGARI ba="0,1" hai="17,20,22,24,26,29,101,103" m="28727,47114" machi="29" ten="30,7900,0" yaku="13,1,52,2,54,1" doraHai="98" who="3" fromWho="3" sc="250,-39,250,-20,240,-20,250,89" /><INIT seed="1,0,0,5,5,10" ten="211,230,220,339" oya="1" hai0="56,30,75,35,2,118,12,76,44,3,28,63,51" hai1="117,47,67,103,121,49,64,54,126,59,129,21,62" hai2="120,85,27,100,109,94,79,107,57,116,104,18,71" hai3="90,23,115,66,24,60,39,74,96,72,124,112,97"/><U114/><E114/><V8/><F71/><W110/><G39/><T82/><D118/><U32/><E117/><V106/><F116/><W132/><G110/><T108/><D108/><U61/><E32/><V105/><F109/><W135/><G124/><T17/><D30/><U34/><E34/><V45/><F120/><W52/><G52/><T91/><D91/><U58/><E121/><V22/><F105/><W29/><G74/><T55/><D28/><U6/><E126/><V26/><F26/><W86/><G72/><T19/><D19/><U68/><E6/><V111/><F111/><W87/><G87/><T42/><REACH who="0" step="1"/><D35/><REACH who="0" ten="201,230,220,339" step="2"/><U65/><E103/><V38/><F100/><W102/><G102/><T53/><D53/><N who="1" m="29887" /><E21/><AGARI ba="0,1" hai="2,3,12,17,21,42,44,51,55,56,63,75,76,82" machi="21" ten="30,7700,0" yaku="1,1,7,1,52,1,53,1" doraHai="10" doraHaiUra="77" who="0" fromWho="1" sc="201,87,230,-77,220,0,339,0" /><INIT seed="2,0,0,0,4,24" ten="288,153,220,339" oya="2" hai0="81,77,112,78,130,44,135,88,16,108,132,39,97" hai1="80,83,17,84,129,121,127,96,75,119,122,10,11" hai2="26,56,7,47,113,57,99,126,33,49,48,133,72" hai3="125,107,12,4,63,22,134,18,116,41,120,109,34"/><V87/><F72/><W62/><G116/><T82/><D112/><U115/><E115/><V15/><F113/><W76/><G120/><T60/><D108/><U131/><E17/><V71/><F71/><W102/><G34/><T68/><D130/><N who="1" m="49675" /><E11/><N who="2" m="4607" /><F33/><W53/><G125/><T9/><D39/><U43/><E10/><V3/><F3/><W55/><G134/><N who="0" m="51243" /><D44/><U74/><E43/><N who="2" m="24703" /><F133/><W31/><G109/><T32/><D32/><U5/><E5/><V35/><F35/><W51/><G4/><T13/><D68/><U52/><E52/><N who="2" m="31759" /><F126/><W59/><G22/><T46/><D46/><U91/><E127/><V89/><F57/><W14/><G59/><T92/><D60/><U95/><E119/><V20/><F99/><W37/><G62/><T61/><D61/><U106/><E106/><V105/><F105/><W23/><G63/><T42/><D42/><U117/><E117/><V111/><F111/><W100/><G107/><T79/><AGARI ba="0,0" hai="9,13,16,77,78,79,81,82,88,92,97" m="51243" machi="79" ten="30,4000,0" yaku="20,1,54,2" doraHai="24" who="0" fromWho="0" sc="288,40,153,-10,220,-20,339,-10" /><INIT seed="3,0,0,3,0,116" ten="328,143,200,329" oya="3" hai0="90,35,30,52,37,82,110,20,2,66,114,53,123" hai1="81,68,61,131,7,132,95,127,101,47,84,113,134" hai2="74,16,28,88,104,73,1,100,106,4,86,34,31" hai3="43,40,62,78,11,58,130,67,51,13,80,76,9"/><W119/><G119/><T57/><D123/><U107/><E7/><V105/><F100/><W71/><G130/><T89/><D37/><U102/><E47/><V32/><F1/><W54/><G76/><T118/><D118/><U59/><E68/><V39/><F4/><W33/><G33/><T83/><D2/><U109/><E59/><V18/><F39/><W46/><G13/><T63/><D35/><N who="2" m="13354" /><F86/><N who="3" m="48407" /><G71/><T60/><D110/><U85/><E61/><N who="0" m="23625" /><D66/><U92/><E113/><V75/><F88/><N who="0" m="33898" /><D114/><U22/><E22/><V129/><F129/><W56/><G56/><T64/><D64/><U120/><E131/><V21/><F21/><W8/><AGARI ba="0,0" hai="8,9,11,40,43,46,51,54,58,62,67" m="48407" machi="8" ten="30,1500,0" yaku="8,1" doraHai="116" who="3" fromWho="3" sc="328,-5,143,-5,200,-5,329,15" owari="323,12.3,138,-36.2,195,-20.5,344,44.4" /></mjloggm>