<mjloggm ver="2.3"><GO type="225" lobby="0"/><UN n0="%E3%80%93%E3%81%97%E3%83%BC%E3%82%89%E3%80%93" n1="%E6%A0%B9%E5%85%83%E3%81%8B%E3%82%89%E5%90%B9%E3%81%A3%E9%A3%9B%E3%81%B6" n2="%E6%98%93%E5%88%A9%E8%96%A9%E4%BC%AF" n3="%E3%81%A1%E3%82%83%E3%81%93%E3%81%93" dan="16,16,17,16" rate="2202.00,2113.24,2170.89,2137.31" sx="M,F,F,F"/><TAIKYOKU oya="0"/><INIT seed="0,0,0,0,5,56" ten="250,250,250,250" oya="0" hai0="72,115,38,128,19,67,86,15,73,9,100,32,14" hai1="2,48,34,47,120,108,7,117,12,16,109,40,71" hai2="18,17,133,83,95,79,87,26,51,57,30,74,43" hai3="85,124,88,65,106,22,84,105,116,82,90,97,123"/><T45/><D32/><U110/><E117/><V28/><F133/><W4/><G116/><T107/><D115/><U102/><E120/><V101/><F74/><W37/><G37/><T68/><D128/><U27/><E71/><V41/><F30/><W125/><G4/><T69/><D86/><U93/><E2/><V61/><F51/><W0/><G0/><T81/><D81/><U36/><E7/><V49/><F49/><W23/><G65/><T39/><D67/><U63/><E63/><V122/><F122/><W76/><G123/><T94/><D94/><U132/><E132/><V55/><F101/><N who="3" m="62639" /><G106/><T11/><D107/><U135/><E135/><V96/><F43/><W46/><G46/><T127/><D45/><U25/><E34/><V103/><REACH who="2" step="1"/><F41/><REACH who="2" ten="250,250,240,250" step="2"/><W52/><G124/><T134/><D100/><U35/><E48/><V112/><F112/><W6/><G125/><T24/><D134/><U131/><E131/><V64/><F64/><W129/><G129/><T80/><D127/><U89/><E35/><AGARI ba="0,1" hai="17,18,26,28,35,55,57,61,79,83,87,95,96,103" machi="35" ten="30,7700,0" yaku="1,1,7,1,52,1,53,1" doraHai="56" doraHaiUra="21" who="2" fromWho="1" sc="250,0,250,-77,240,87,250,0" /><INIT seed="1,0,0,1,0,132" ten="250,173,327,250" oya="1" hai0="13,45,77,112,90,89,113,4,12,103,91,126,85" hai1="73,99,106,79,128,114,36,56,62,97,86,129,74" hai2="65,92,69,101,25,23,19,119,42,123,31,135,28" hai3="58,35,96,26,133,115,17,6,95,30,27,81,14"/><U60/><E36/><V61/><F119/><W15/><G115/><T39/><D103/><N who="1" m="62831" /><E56/><V104/><F135/><W44/><G133/><T32/><D32/><U67/><E67/><V0/><F123/><W116/><G116/><T40/><D4/><U9/><E9/><V117/><F117/><W20/><G81/><T122/><D122/><U37/><E37/><V105/><F0/><W127/><G127/><T57/><D57/><U72/><E114/><V55/><F42/><W87/><G87/><T80/><D113/><U7/><E7/><V64/><F64/><W70/><G70/><T33/><D33/><U109/><E60/><V78/><F78/><W18/><G44/><T131/><D112/><U54/><E54/><V93/><F105/><W130/><G6/><T124/><REACH who="0" step="1"/><D131/><REACH who="0" ten="240,173,327,250" step="2"/><N who="1" m="50251" /><E109/><V110/><F110/><W107/><G130/><T1/><D1/><U59/><E99/><V98/><F69/><W88/><G58/><T5/><D5/><U29/><E59/><V8/><F98/><W84/><G96/><T71/><D71/><U49/><E62/><V48/><F61/><W38/><G35/><T53/><D53/><U50/><E29/><V94/><F31/><W118/><G30/><T24/><D24/><U10/><E10/><V51/><F55/><W63/><G63/><T134/><D134/><U120/><E120/><V2/><F65/><W11/><G118/><T16/><D16/><U52/><E52/><V125/><F28/><W21/><G27/><T75/><D75/><N who="1" m="19203" /><U102/><DORA hai="76" /><E102/><V68/><F101/><W3/><G26/><T46/><D46/><RYUUKYOKU ba="0,1" sc="240,15,173,15,327,-15,250,-15" hai0="12,13,39,40,45,77,80,85,89,90,91,124,126" hai1="49,50,79,86" /><INIT seed="1,1,1,1,0,81" ten="255,188,312,235" oya="1" hai0="56,47,13,134,90,98,133,107,99,62,127,132,59" hai1="18,85,51,111,96,74,80,88,113,46,19,8,16" hai2="124,32,52,84,131,79,11,57,108,125,72,31,55" hai3="123,86,38,58,103,33,102,75,118,42,12,66,69"/><U40/><E111/><V49/><F72/><W83/><G123/><T53/><D127/><N who="2" m="48714" /><F131/><W128/><G75/><T76/><D107/><U104/><E113/><V129/><F129/><W29/><G128/><T30/><D76/><U68/><E68/><V34/><F108/><W41/><G69/><T70/><D70/><U61/><E74/><V39/><F39/><W100/><G118/><T54/><D47/><U64/><E104/><V3/><F31/><W71/><G71/><T15/><D30/><U37/><E37/><V101/><F101/><W20/><G33/><T110/><D110/><U35/><E35/><V24/><F24/><N who="3" m="16519" /><G12/><N who="0" m="4683" /><D90/><N who="1" m="51495" /><E61/><AGARI ba="1,1" hai="53,54,56,59,61,62,98,99,132,133,134" m="4683" machi="61" ten="30,1000,0" yaku="20,1" doraHai="81" who="0" fromWho="1" sc="255,23,188,-13,312,0,235,0" /><INIT seed="2,0,0,5,0,30" ten="278,175,312,235" oya="2" hai0="3,39,118,73,93,61,42,116,38,125,92,12,44" hai1="72,11,34,59,8,100,80,121,134,20,63,21,40" hai2="57,66,2,85,76,120,5,49,77,27,1,24,107" hai3="46,67,132,18,29,31,119,126,28,111,6,109,112"/><V86/><F107/><W135/><G67/><T131/><D3/><U9/><E134/><N who="3" m="51242" /><G119/><N who="0" m="45611" /><D73/><U88/><E121/><V129/><F5/><W43/><G126/><T17/><D125/><U87/><E100/><V15/><F15/><W127/><G127/><T99/><D131/><U53/><E72/><V26/><F120/><W14/><G43/><T65/><D39/><U91/><E40/><V79/><F129/><W33/><G6/><T36/><D36/><U52/><E34/><V45/><F2/><W71/><G46/><T35/><D35/><U56/><REACH who="1" step="1"/><E91/><REACH who="1" ten="278,165,312,235" step="2"/><V55/><F77/><W78/><G78/><T105/><D42/><U19/><E19/><V89/><F76/><W7/><G7/><T0/><D17/><U84/><E84/><V106/><F86/><W97/><G33/><T60/><D105/><U74/><E74/><V58/><F106/><W133/><G133/><T96/><D96/><U51/><AGARI ba="0,1" hai="8,9,11,20,21,51,52,53,56,59,63,80,87,88" machi="51" ten="30,8000,1" yaku="1,1,0,1,8,1,54,2,53,0" doraHai="30" doraHaiUra="41" who="1" fromWho="1" sc="278,-20,165,90,312,-40,235,-20" /><INIT seed="3,0,0,5,5,72" ten="258,255,272,215" oya="3" hai0="11,75,27,64,56,2,34,132,85,123,99,60,103" hai1="14,79,50,25,7,76,130,10,115,100,82,110,86" hai2="36,5,46,116,13,69,31,71,90,68,58,26,98" hai3="15,96,21,23,30,77,124,81,38,24,16,18,20"/><W65/><G38/><T12/><D75/><U37/><E37/><V1/><F1/><W48/><G124/><T106/><D2/><U80/><E115/><V101/><F90/><W47/><G65/><T61/><D132/><U17/><E110/><V120/><F116/><W0/><G0/><T97/><D123/><U57/><E130/><V118/><F118/><W70/><G70/><T67/><D97/><U54/><E100/><V104/><F58/><W126/><G126/><T122/><D85/><U109/><E109/><V19/><F5/><W74/><G96/><T92/><D122/><U51/><E51/><V43/><F120/><W8/><REACH who="3" step="1"/><G30/><REACH who="3" ten="258,255,272,205" step="2"/><T63/><D67/><U83/><E86/><V49/><F36/><W53/><AGARI ba="0,1" hai="8,15,16,18,20,21,23,24,47,48,53,74,77,81" machi="53" ten="20,18000,2" yaku="1,1,2,1,0,1,7,1,52,1,54,1,53,0" doraHai="72" doraHaiUra="84" who="3" fromWho="3" sc="258,-60,255,-60,272,-60,205,190" owari="198,-20.2,195,-30.5,212,1.2,395,49.5" /></mjloggm>