<mjloggm ver="2.3"><GO type="225" lobby="0"/><UN n0="%E3%83%B4%E3%83%A0%EF%BC%99%E3%81%A6" n1="%E6%A1%9C%E8%8A%B1%E9%96%83%E3%80%85" n2="%E3%82%8F%E3%81%8B%E3%81%B0%2A%E3%82%AC%E3%83%BC%E3%83%AB" n3="%E3%83%81%E3%83%83%E3%82%BF%E3%82%BD%E3%83%BC" dan="17,17,16,16" rate="2156.13,2172.73,2081.23,2226.76" sx="M,M,M,F"/><TAIKYOKU oya="0"/><INIT seed="0,0,0,0,0,31" ten="250,250,250,250" oya="0" hai0="116,67,77,26,128,92,87,122,8,54,14,84,135" hai1="16,59,70,12,5,38,28,37,17,129,78,107,121" hai2="39,81,51,60,75,73,132,53,62,66,99,105,11" hai3="13,15,20,124,34,0,58,64,88,96,103,120,74"/><T114/><D116/><U82/><E121/><V33/><F39/><W83/><G124/><T133/><D122/><U85/><E70/><V127/><F127/><W24/><G0/><T79/><D114/><U7/><E107/><V42/><F42/><W25/><G120/><T111/><D128/><U86/><E129/><V27/><F11/><W9/><G34/><T48/><D67/><U130/><E130/><V115/><F60/><W57/><G74/><T1/><D1/><U71/><E71/><N who="2" m="42455" /><F81/><W126/><G126/><T90/><D26/><U89/><E28/><N who="2" m="19615" /><F132/><N who="0" m="50762" /><D111/><U55/><E38/><V21/><F21/><W131/><G131/><T43/><D84/><U104/><E37/><V106/><F106/><W18/><G25/><T46/><D43/><U98/><E86/><V30/><F30/><W102/><G15/><T97/><D87/><U29/><E29/><V119/><F119/><W40/><G40/><T65/><D65/><U109/><E109/><V76/><F76/><W32/><G32/><T93/><D93/><N who="1" m="56623" /><E104/><V134/><F134/><W72/><G72/><T91/><D90/><U41/><E41/><V2/><F2/><W52/><G64/><T50/><D50/><N who="1" m="31223" /><E17/><AGARI ba="0,0" hai="8,14,17,46,48,54,77,79,91,92,97" m="50762" machi="17" ten="30,1500,0" yaku="20,1" doraHai="31" who="0" fromWho="1" sc="250,15,250,-15,250,0,250,0" /><INIT seed="0,1,0,4,2,10" ten="265,235,250,250" oya="0" hai0="130,95,82,99,128,42,110,96,123,41,23,60,48" hai1="118,113,77,111,17,45,133,47,63,12,59,19,129" hai2="7,31,29,34,69,6,92,50,72,43,124,33,79" hai3="32,85,119,44,37,27,76,21,25,94,61,90,134"/><T30/><D123/><U52/><E118/><V4/><F69/><W18/><G134/><T68/><D110/><U66/><E111/><V75/><F124/><W97/><G119/><T122/><D122/><U107/><E133/><V88/><F34/><W1/><G1/><T87/><D30/><U105/><E129/><N who="0" m="49769" /><D23/><U65/><E113/><V38/><F38/><W54/><G32/><T62/><D96/><U127/><E127/><V0/><F0/><W78/><G27/><T22/><D22/><U109/><E77/><V104/><F104/><W14/><G25/><T102/><D48/><U9/><E109/><V121/><F121/><W49/><G37/><T117/><D117/><U114/><E114/><V131/><F131/><W108/><G108/><T51/><D51/><U57/><E107/><V80/><F33/><W98/><G61/><N who="0" m="23659" /><D68/><U3/><E105/><V5/><N who="2" m="1024" /><DORA hai="120" /><V26/><F72/><W24/><G24/><T36/><D36/><U91/><E3/><V64/><F64/><W126/><G126/><T106/><D106/><U71/><E65/><V86/><REACH who="2" step="1"/><F26/><REACH who="2" ten="265,235,240,250" step="2"/><W58/><G58/><T125/><D125/><U39/><E39/><V112/><F112/><W8/><G44/><AGARI ba="1,1" hai="29,31,43,44,50,75,79,80,86,88,92" m="1024" machi="44" ten="50,3200,0" yaku="1,1,54,1,53,0" doraHai="10,120" doraHaiUra="135,116" who="2" fromWho="3" sc="265,0,235,0,240,45,250,-35" /><INIT seed="1,0,0,5,1,62" ten="265,235,285,215" oya="1" hai0="89,33,92,79,46,36,112,52,129,106,124,103,96" hai1="61,107,4,88,90,37,8,135,131,81,123,87,38" hai2="29,25,77,95,115,120,118,49,126,16,82,127,130" hai3="18,10,113,58,17,15,57,32,66,102,114,5,2"/><U125/><E123/><V63/><F120/><W122/><G122/><T44/><D112/><U60/><E131/><V45/><F118/><W91/><G32/><T84/><D129/><U104/><E125/><N who="2" m="47627" /><F130/><W0/><G0/><T100/><D124/><U134/><E8/><V94/><F63/><N who="1" m="24137" /><E4/><V14/><F115/><W128/><G128/><T11/><D33/><U98/><E98/><V65/><F65/><W73/><G73/><T105/><D36/><N who="1" m="13931" /><E81/><V27/><F49/><W28/><G28/><T108/><D79/><U1/><E1/><V110/><F45/><W43/><G43/><T93/><D11/><U24/><E24/><N who="2" m="9291" /><F110/><W116/><G116/><T26/><D26/><U69/><E69/><V68/><F68/><W55/><G113/><T132/><D108/><U97/><E97/><V99/><F99/><W119/><G119/><T109/><D109/><U35/><E35/><V34/><F29/><W56/><G114/><T121/><D96/><U85/><E85/><N who="2" m="48335" /><F34/><W71/><G71/><T23/><D84/><U133/><E87/><V86/><F86/><W78/><G102/><T53/><D121/><U54/><E54/><V83/><F83/><W74/><G55/><T72/><D72/><U39/><E39/><V31/><F31/><W9/><G91/><AGARI ba="0,0" hai="88,90,91,104,107,133,134,135" m="13931,24137" machi="91" ten="40,12000,1" yaku="28,2,20,1,54,1" doraHai="62" who="1" fromWho="3" sc="265,0,235,120,285,0,215,-120" /><INIT seed="1,1,0,5,4,38" ten="265,355,285,95" oya="1" hai0="96,46,134,105,113,57,54,0,122,28,81,76,61" hai1="93,29,35,77,100,12,9,78,21,80,75,3,39" hai2="95,120,99,106,116,60,18,86,85,51,58,79,83" hai3="103,117,50,24,88,25,73,31,114,4,131,15,101"/><U74/><E35/><V125/><F116/><W130/><G73/><T33/><D113/><U89/><E39/><V48/><F120/><W128/><G114/><T110/><D122/><U132/><E132/><V123/><F123/><W67/><G117/><T69/><D134/><U107/><E3/><V44/><F106/><W40/><G67/><T7/><D110/><U133/><E133/><V71/><F71/><W16/><G4/><T111/><D111/><U64/><E64/><V43/><F125/><W6/><G6/><T55/><D69/><U91/><E21/><V41/><F18/><W8/><G88/><N who="1" m="33866" /><E29/><V70/><F70/><W5/><G5/><T118/><D28/><U37/><E37/><V92/><F86/><W112/><G112/><T27/><D27/><N who="3" m="10313" /><G31/><T30/><D30/><U11/><E107/><V45/><F99/><W68/><G68/><T84/><D33/><U49/><E77/><V52/><AGARI ba="1,0" hai="41,43,44,45,48,51,52,58,60,79,83,85,92,95" machi="52" ten="20,12000,2" yaku="0,1,7,1,9,1,8,1,52,2,54,1" doraHai="38" who="2" fromWho="2" sc="265,-31,355,-61,285,123,95,-31" /><INIT seed="2,0,0,4,2,19" ten="234,294,408,64" oya="2" hai0="82,88,108,80,100,0,117,96,60,77,125,102,31" hai1="73,30,75,101,67,68,76,6,111,58,99,94,64" hai2="46,26,22,123,118,112,1,120,107,14,81,47,3" hai3="20,4,91,79,5,132,42,103,63,27,135,55,49"/><V128/><F107/><W124/><G124/><T13/><D0/><U133/><E68/><V62/><F112/><W29/><G79/><T84/><D31/><U33/><E111/><V2/><F118/><W119/><G119/><T92/><D117/><U8/><E133/><V98/><F128/><W113/><G113/><T9/><D125/><U110/><E110/><V34/><F34/><W89/><G42/><T7/><D108/><U126/><E126/><V56/><F14/><W24/><G103/><T48/><D60/><U43/><E43/><V131/><F131/><W52/><G63/><T70/><D70/><U32/><E58/><V12/><F12/><W57/><G55/><T106/><D106/><U129/><E75/><V23/><F98/><W17/><G132/><T66/><D66/><U53/><E53/><V15/><F15/><W35/><REACH who="3" step="1"/><G135/><REACH who="3" ten="234,294,408,54" step="2"/><T134/><D134/><U28/><E76/><V104/><F62/><W44/><G44/><T130/><D130/><U37/><E101/><V16/><F46/><W39/><G39/><T116/><D116/><U93/><E37/><V25/><F47/><W95/><G95/><T71/><D102/><U86/><E94/><V109/><F104/><W90/><AGARI ba="0,1" hai="4,5,17,20,24,27,29,35,49,52,57,89,90,91" machi="90" ten="30,7900,0" yaku="1,1,0,1,52,1,54,1,53,0" doraHai="19" doraHaiUra="105" who="3" fromWho="3" sc="234,-20,294,-20,408,-39,54,89" /><INIT seed="3,0,0,5,0,87" ten="214,274,369,143" oya="3" hai0="90,38,61,118,58,14,69,116,120,103,123,96,106" hai1="9,78,18,32,49,126,66,45,127,0,83,35,52" hai2="44,40,36,135,51,27,121,17,115,5,19,72,29" hai3="132,99,12,7,79,117,53,56,48,110,122,20,11"/><W80/><G117/><N who="0" m="45163" /><D58/><U113/><E113/><V4/><F135/><W59/><G132/><T95/><D90/><U101/><E101/><V124/><F124/><N who="1" m="47657" /><E66/><V62/><F72/><W82/><G122/><N who="0" m="46635" /><D95/><U24/><E24/><V15/><F121/><W71/><G71/><T67/><D14/><N who="1" m="7503" /><E0/><V97/><F115/><W86/><G110/><T102/><D102/><U74/><AGARI ba="0,0" hai="32,35,45,49,52,74,78,83" m="7503,47657" machi="74" ten="30,2000,0" yaku="18,1,54,1" doraHai="87" who="1" fromWho="1" sc="214,-5,274,20,369,-5,143,-10" owari="209,-19.1,294,9.4,364,46.4,133,-36.7" /></mjloggm>