<mjloggm ver="2.3"><GO type="225" lobby="0"/><UN n0="%E3%82%B3%E3%83%90%E3%83%AC%E3%82%A4" n1="%E3%81%95%E3%81%8D%E3%81%9F%E3%81%BE%E6%9E%97%E6%AA%8E" n2="%E3%81%8B%E3%82%8F%E3%81%A1%E3%82%83%E3%82%93%35%38" n3="%E6%9C%88%E5%B3%B6%E5%9F%BA" dan="16,16,16,17" rate="2139.05,2104.13,2201.18,2203.54" sx="M,M,M,M"/><TAIKYOKU oya="0"/><INIT seed="0,0,0,1,1,83" ten="250,250,250,250" oya="0" hai0="105,118,16,54,129,127,20,115,111,14,122,88,59" hai1="31,42,67,125,7,90,77,19,33,60,12,119,103" hai2="107,23,1,45,25,27,48,89,73,117,13,135,74" hai3="47,15,134,87,36,69,38,5,30,40,61,51,80"/><T86/><D118/><U132/><E119/><V128/><F117/><W11/><G134/><T68/><D115/><U81/><E132/><V56/><F1/><W6/><G6/><T17/><D122/><U2/><E125/><V35/><F135/><W34/><G34/><T8/><D105/><U28/><E42/><V106/><F128/><W133/><G30/><T110/><D129/><U85/><E103/><V10/><F35/><W78/><G133/><T126/><D68/><U130/><E130/><V100/><F74/><W123/><G123/><T26/><D127/><U70/><E33/><V29/><F73/><W24/><G24/><T0/><D0/><U82/><E7/><V102/><F27/><W98/><G98/><T4/><D126/><U114/><E2/><V99/><F56/><W93/><G93/><N who="0" m="54423" /><D111/><U121/><E114/><V41/><F107/><W97/><G97/><T50/><D110/><U62/><E121/><V9/><F106/><W84/><G84/><T95/><D95/><U75/><REACH who="1" step="1"/><E62/><REACH who="1" ten="250,240,250,250" step="2"/><V21/><F102/><W55/><G55/><T53/><D54/><U108/><E108/><V44/><F100/><W65/><AGARI ba="0,1" hai="5,11,15,36,38,40,47,51,61,65,69,78,80,87" machi="65" ten="30,7900,0" yaku="0,1,25,2,52,1" doraHai="83" who="3" fromWho="3" sc="250,-39,240,-20,250,-20,250,89" /><INIT seed="1,0,0,2,0,97" ten="211,220,230,339" oya="1" hai0="25,121,116,28,135,72,15,21,67,88,27,37,39" hai1="94,12,66,10,115,91,35,110,38,42,107,58,87" hai2="3,23,105,9,86,16,106,74,117,77,102,45,48" hai3="84,55,17,14,22,13,19,63,92,120,30,44,64"/><U18/><E115/><V70/><F117/><W124/><G120/><T50/><D72/><U54/><E107/><V60/><F74/><W103/><G124/><T108/><D116/><U2/><E35/><V127/><F127/><W40/><G30/><T82/><D121/><U119/><E119/><V11/><F70/><W100/><G55/><T34/><D135/><U101/><E2/><V111/><F111/><W132/><G132/><T52/><D67/><U75/><E75/><V118/><F118/><W4/><G4/><T71/><D15/><U5/><E110/><V20/><F60/><W56/><G92/><T78/><D71/><U114/><E114/><V62/><F62/><W128/><G84/><T47/><D108/><U89/><E66/><V57/><F57/><W98/><G98/><T90/><D39/><U36/><E91/><V122/><F122/><W134/><G128/><T123/><D37/><U31/><E31/><V61/><F61/><W99/><G99/><T83/><D123/><U59/><E59/><V26/><F20/><N who="3" m="11311" /><G134/><T81/><REACH who="0" step="1"/><D78/><REACH who="0" ten="201,220,230,339" step="2"/><U49/><E38/><V96/><F3/><W79/><G79/><T109/><D109/><U113/><E113/><V104/><F104/><W32/><G32/><T131/><D131/><U51/><E36/><V65/><F106/><W130/><G130/><T43/><D43/><U80/><E42/><N who="2" m="24631" /><F65/><W76/><G76/><T41/><D41/><U29/><E5/><V95/><F105/><W33/><G33/><T7/><D7/><U126/><E126/><V69/><F69/><W1/><G1/><T8/><D8/><RYUUKYOKU ba="0,1" sc="201,10,220,-30,230,10,339,10" hai0="21,25,27,28,34,47,50,52,81,82,83,88,90" hai2="9,11,16,23,26,77,86,95,96,102" hai3="14,19,22,40,44,56,63,64,100,103" /><INIT seed="2,1,1,1,4,39" ten="211,190,240,349" oya="2" hai0="92,103,61,109,88,63,56,26,121,48,55,96,65" hai1="53,104,93,12,9,15,49,59,32,37,54,115,34" hai2="40,58,102,35,57,23,87,16,123,134,68,20,44" hai3="0,124,89,84,6,94,100,132,14,43,47,71,46"/><V105/><F123/><W76/><G71/><T130/><D121/><U21/><E115/><V5/><F35/><W27/><G0/><T67/><D130/><U29/><E104/><V4/><F68/><W2/><G2/><T83/><D109/><U81/><E37/><V31/><F105/><W129/><G129/><T127/><D127/><U72/><E34/><V18/><F102/><W60/><G132/><T110/><D110/><U119/><E119/><V126/><F31/><W13/><G124/><T74/><D74/><U45/><E32/><V62/><F126/><W117/><G117/><T80/><D26/><U50/><E93/><V99/><F99/><W78/><G60/><T90/><D90/><U73/><E81/><V3/><F3/><W91/><G47/><T101/><D103/><U28/><E21/><N who="2" m="8267" /><F87/><N who="3" m="52543" /><G27/><T107/><D63/><U128/><E128/><V7/><F134/><W64/><G14/><T22/><D22/><U131/><E131/><V41/><F44/><W30/><G30/><T98/><REACH who="0" step="1"/><D65/><REACH who="0" ten="201,190,240,349" step="2"/><U82/><E73/><V25/><F25/><W112/><G64/><T70/><AGARI ba="1,2" hai="48,55,56,61,67,70,80,83,88,92,96,98,101,107" machi="70" ten="20,12000,2" yaku="1,1,2,1,0,1,7,1,54,1,53,1" doraHai="39" doraHaiUra="51" who="0" fromWho="0" sc="201,143,190,-31,240,-61,349,-31" /><INIT seed="3,0,0,3,4,93" ten="344,159,179,318" oya="3" hai0="35,134,114,123,66,106,59,1,3,80,54,63,119" hai1="73,40,86,26,56,91,58,61,57,25,124,22,82" hai2="89,43,47,2,7,112,87,130,115,8,9,113,71" hai3="79,117,23,51,20,76,37,12,88,102,131,83,116"/><W81/><G37/><T19/><D123/><U90/><E124/><V100/><F71/><W32/><G32/><T70/><D119/><U45/><E73/><V103/><F8/><W107/><G131/><T27/><D114/><U52/><E91/><V118/><F118/><W110/><G110/><T109/><D109/><U105/><E105/><V18/><F18/><N who="3" m="10311" /><G107/><T75/><D106/><U33/><E33/><V50/><REACH who="2" step="1"/><F130/><REACH who="2" ten="344,159,169,318" step="2"/><W78/><G116/><T42/><D134/><U29/><E26/><V96/><F96/><W13/><G117/><T68/><D70/><U133/><E133/><V125/><F125/><W16/><G102/><T67/><D68/><U34/><E34/><V135/><F135/><W97/><G51/><AGARI ba="0,1" hai="22,25,29,40,45,51,52,56,57,58,61,82,86,90" machi="51" ten="30,3900,0" yaku="7,1,8,1,54,1" doraHai="93" who="1" fromWho="3" sc="344,0,159,49,169,0,318,-39" owari="344,44.4,208,-19.2,169,-33.1,279,7.9" /></mjloggm>