<mjloggm ver="2.3"><GO type="225" lobby="0"/><UN n0="%E5%B8%86%E7%AB%8B%E5%A4%8F%E8%A1%A3" n1="%E3%82%A4%E3%83%BC%E3%82%B1%E3%83%97%E3%83%A9" n2="%E6%98%93%E5%88%A9%E8%96%A9%E4%BC%AF" n3="%EF%BC%AE%EF%BC%A1%EF%BC%AF%33%33%39" dan="17,17,17,16" rate="2160.51,2224.81,2131.70,2114.65" sx="M,M,F,M"/><TAIKYOKU oya="0"/><INIT seed="0,0,0,2,2,45" ten="250,250,250,250" oya="0" hai0="20,48,101,71,73,25,14,108,90,43,132,82,127" hai1="35,69,94,135,57,84,55,19,44,1,70,62,89" hai2="47,78,128,54,52,39,64,86,92,116,129,131,87" hai3="93,0,9,85,107,31,28,49,11,26,5,105,75"/><T103/><D71/><U114/><E35/><V117/><F64/><W37/><G37/><T88/><D127/><U119/><E119/><N who="2" m="45643" /><F78/><W34/><G75/><T24/><D132/><U66/><E1/><V134/><F134/><W6/><G31/><T21/><D73/><U17/><E135/><V53/><F92/><W67/><G67/><T97/><D14/><U41/><E114/><V111/><F111/><W120/><G120/><T104/><D108/><U95/><E95/><V22/><F22/><N who="0" m="8810" /><D104/><U102/><E102/><N who="0" m="38921" /><D97/><U130/><E130/><V59/><F59/><W2/><G93/><T96/><D96/><U115/><E115/><V16/><F16/><W123/><G85/><N who="2" m="32265" /><F39/><W112/><G112/><T10/><D10/><U124/><E124/><V50/><AGARI ba="0,0" hai="47,50,52,53,54,128,129,131" m="32265,45643" machi="50" ten="40,8000,1" yaku="19,1,12,1,52,1,54,1" doraHai="45" who="2" fromWho="2" sc="250,-40,250,-20,250,80,250,-20" /><INIT seed="1,0,0,0,1,86" ten="210,230,330,230" oya="1" hai0="133,51,4,66,37,98,74,11,104,19,71,42,84" hai1="85,33,45,70,39,80,81,129,100,94,82,28,128" hai2="0,38,119,60,69,130,20,67,73,103,92,135,63" hai3="48,101,29,117,31,46,76,118,18,102,52,44,109"/><U25/><E70/><V23/><F119/><N who="3" m="45579" /><G76/><T125/><D125/><U68/><E68/><V59/><F130/><N who="1" m="50281" /><E100/><N who="3" m="38506" /><G109/><T30/><D133/><U17/><E17/><V34/><F73/><W132/><G132/><T57/><D74/><U134/><E134/><V35/><F38/><W10/><G46/><T96/><D104/><U58/><E58/><V77/><F0/><W50/><G50/><T122/><D122/><U114/><E114/><V88/><F77/><W24/><G10/><T78/><D37/><U22/><E33/><V113/><F103/><W8/><G8/><T120/><D120/><U40/><E94/><V116/><F113/><W107/><G107/><T110/><D71/><U106/><E106/><V131/><F135/><W79/><G79/><AGARI ba="0,0" hai="22,25,28,39,40,45,79,80,81,82,85" m="50281" machi="79" ten="30,1500,0" yaku="19,1" doraHai="86" who="1" fromWho="3" sc="210,0,230,15,330,0,230,-15" /><INIT seed="1,1,0,2,4,118" ten="210,245,330,215" oya="1" hai0="115,34,126,31,86,20,18,39,102,61,41,65,15" hai1="26,133,75,47,67,11,114,113,110,81,40,28,78" hai2="116,73,74,112,57,87,7,45,103,101,46,49,38" hai3="44,135,130,96,82,33,95,6,123,42,51,14,121"/><U72/><E133/><V132/><F116/><W109/><G33/><T8/><D115/><U68/><E75/><V48/><F38/><W24/><G24/><T4/><D126/><U10/><E110/><V22/><F132/><W88/><G135/><T89/><D102/><N who="2" m="38922" /><F57/><W1/><G1/><T37/><D41/><U58/><E68/><V83/><F7/><W77/><G109/><T125/><D125/><U56/><E114/><V53/><F73/><W36/><G36/><T106/><D106/><U13/><E113/><V29/><F74/><W98/><G98/><T30/><D34/><U111/><E67/><V5/><F5/><W52/><G130/><T127/><D37/><U43/><E40/><N who="2" m="24615" /><F112/><W117/><G117/><T85/><D39/><U0/><E0/><V120/><F120/><W122/><G42/><T9/><D127/><U69/><E69/><V105/><F105/><W21/><G6/><T64/><D64/><U129/><E129/><V50/><F50/><W91/><G91/><T107/><D107/><U55/><E111/><V99/><F99/><W12/><REACH who="3" step="1"/><G21/><REACH who="3" ten="210,245,330,205" step="2"/><T131/><D20/><U124/><E124/><V2/><F2/><W62/><G62/><T66/><D61/><U19/><E43/><V63/><F63/><W119/><G119/><T84/><D89/><U54/><E26/><V93/><F22/><W16/><G16/><T59/><D131/><U17/><E19/><V70/><F29/><N who="0" m="10762" /><D4/><U35/><E28/><V128/><F128/><W25/><G25/><T104/><D18/><N who="1" m="8503" /><E35/><V134/><F134/><W60/><G60/><T100/><D100/><RYUUKYOKU ba="1,1" sc="210,-10,245,-10,330,-10,205,30" hai3="12,14,44,51,52,77,82,88,95,96,121,122,123" /><INIT seed="2,2,1,0,0,26" ten="200,235,320,235" oya="2" hai0="31,126,22,124,34,29,23,71,49,67,38,106,69" hai1="25,5,82,104,48,129,84,57,107,94,15,58,135" hai2="99,109,100,118,11,133,110,45,83,42,54,35,75" hai3="77,60,3,111,86,44,131,8,17,125,78,21,4"/><V33/><F118/><W108/><G131/><T127/><D38/><U87/><E129/><V102/><F54/><W59/><G44/><T56/><D106/><U55/><E135/><V91/><F133/><W81/><G125/><T7/><D7/><U89/><E25/><V18/><F18/><W16/><G78/><T28/><D34/><U61/><E15/><V52/><F42/><W73/><G73/><T98/><D98/><U68/><E5/><V37/><F37/><W13/><REACH who="3" step="1"/><G17/><REACH who="3" ten="200,235,320,225" step="2"/><T30/><N who="0" m="7168" /><DORA hai="40" /><T105/><D105/><U66/><E68/><N who="0" m="26185" /><D67/><AGARI ba="2,2" hai="3,4,8,13,16,21,59,60,67,77,81,86,108,111" machi="67" ten="40,2600,0" yaku="1,1,54,1,53,0" doraHai="26,40" doraHaiUra="130,128" who="3" fromWho="0" sc="200,-32,235,0,320,0,225,52" /><INIT seed="3,0,0,2,0,88" ten="168,235,320,277" oya="3" hai0="8,29,134,48,112,100,121,117,36,69,19,97,38" hai1="85,10,55,115,94,96,122,65,118,133,68,124,75" hai2="126,90,129,50,105,35,46,120,79,98,32,127,81" hai3="106,27,31,6,77,21,40,59,93,16,0,108,13"/><W84/><G106/><T101/><D117/><U1/><E115/><V91/><F129/><W15/><G40/><T92/><D112/><U14/><E75/><N who="2" m="43263" /><F120/><W2/><G6/><T87/><D121/><U103/><E122/><V49/><F49/><W44/><G44/><T76/><D69/><U135/><E118/><V74/><F74/><W12/><G108/><T47/><D134/><N who="1" m="51211" /><E124/><N who="2" m="47659" /><F105/><W113/><G113/><T72/><D72/><U107/><E1/><V5/><F5/><W114/><G114/><T80/><D29/><U17/><E55/><N who="2" m="30167" /><F98/><W9/><G2/><T82/><D82/><U52/><E52/><V41/><F41/><W28/><G0/><T56/><D56/><U30/><E30/><N who="3" m="11306" /><G59/><T62/><D62/><N who="1" m="39991" /><E85/><V20/><F35/><W18/><G77/><T25/><D38/><U4/><E4/><V131/><F32/><W63/><G63/><T54/><D36/><U33/><E33/><V128/><F131/><W89/><AGARI ba="0,0" hai="9,12,13,15,16,18,21,27,84,89,93" m="11306" machi="89" ten="30,6000,0" yaku="8,1,52,1,54,1" doraHai="88" who="3" fromWho="3" sc="168,-20,235,-20,320,-20,277,60" owari="148,-35.2,215,-18.5,300,10.0,337,43.7" /></mjloggm>