<mjloggm ver="2.3"><GO type="225" lobby="0"/><UN n0="%E3%83%94%E3%83%B3%E3%82%B5%E3%83%AD%E5%BA%97%E5%93%A1" n1="%79%75%72%69%6D%6F%67" n2="%E9%A6%AC%E5%BC%95%E7%81%AB%33" n3="%E3%82%A4%E3%83%BC%E3%82%B1%E3%83%97%E3%83%A9" dan="17,16,16,16" rate="2189.00,2160.78,2140.42,2118.70" sx="M,F,M,M"/><TAIKYOKU oya="0"/><INIT seed="0,0,0,4,1,77" ten="250,250,250,250" oya="0" hai0="46,112,96,121,91,65,88,87,98,116,40,8,130" hai1="117,125,14,129,79,124,72,52,29,19,16,10,24" hai2="31,41,30,126,21,33,17,62,59,48,120,78,13" hai3="58,103,123,34,84,23,122,67,100,1,32,27,119"/><T110/><D112/><U66/><E117/><V104/><F120/><N who="3" m="46123" /><G1/><T7/><D116/><U133/><E66/><V113/><F113/><W36/><G36/><T4/><D121/><U86/><E72/><V69/><F104/><W20/><G119/><T105/><D130/><U83/><E129/><V131/><F131/><W93/><G84/><T90/><D110/><U64/><E64/><V18/><F126/><N who="1" m="48745" /><E133/><V89/><F69/><W28/><G23/><T12/><D65/><U44/><E44/><V25/><F78/><W102/><G93/><T15/><D105/><U71/><E71/><V37/><F37/><W82/><G82/><N who="0" m="49271" /><D46/><U101/><E101/><V114/><F114/><W6/><G6/><N who="0" m="2091" /><D40/><U106/><E106/><V49/><F41/><W54/><G67/><T57/><D57/><U94/><E94/><V56/><F56/><W132/><G132/><T60/><D60/><AGARI ba="0,0" hai="20,27,28,32,34,54,58,60,100,102,103" m="46123" machi="60" ten="30,1000,0" yaku="13,1" doraHai="77" who="3" fromWho="0" sc="250,-10,250,0,250,0,250,10" /><INIT seed="1,0,0,5,3,114" ten="240,250,250,260" oya="1" hai0="21,78,2,109,131,132,10,85,84,45,72,39,40" hai1="48,38,105,117,3,104,108,42,54,8,133,125,66" hai2="15,120,59,77,28,135,129,69,5,75,25,81,53" hai3="9,0,80,41,18,17,13,32,76,91,52,90,99"/><U31/><E117/><V70/><F120/><W126/><G0/><T64/><D109/><U56/><E125/><V127/><F127/><W128/><G126/><T29/><D131/><U98/><E133/><V111/><F111/><W55/><G32/><T83/><D132/><U116/><E116/><V67/><F135/><W74/><G128/><T50/><D64/><U134/><E134/><V43/><F129/><W82/><G41/><T35/><D35/><U11/><E108/><V119/><F119/><W1/><G1/><T112/><D50/><U22/><E66/><V20/><F43/><W88/><G82/><T51/><D51/><U118/><E118/><V26/><F26/><W4/><G99/><T6/><REACH who="0" step="1"/><D112/><REACH who="0" ten="230,250,250,260" step="2"/><U100/><E38/><V123/><F67/><W130/><REACH who="3" step="1"/><G130/><REACH who="3" ten="230,250,250,250" step="2"/><T24/><AGARI ba="0,2" hai="2,6,10,21,24,29,39,40,45,72,78,83,84,85" machi="24" ten="30,8000,1" yaku="1,1,2,1,0,1,25,2,53,0" doraHai="114" doraHaiUra="110" who="0" fromWho="0" sc="230,100,250,-40,250,-20,250,-20" /><INIT seed="2,0,0,4,0,83" ten="330,210,230,230" oya="2" hai0="8,72,18,12,122,118,50,23,0,117,96,125,27" hai1="107,88,1,70,13,45,69,32,35,120,40,77,79" hai2="105,62,84,123,57,44,31,49,68,101,78,80,132" hai3="95,90,126,104,102,64,100,39,73,36,2,115,16"/><V91/><F123/><W85/><G2/><T20/><D72/><U65/><E1/><V56/><F132/><W99/><G126/><T48/><D122/><U14/><E107/><V108/><F31/><W43/><G115/><T46/><D125/><U17/><E14/><V11/><F68/><W3/><G3/><T109/><D109/><U94/><E35/><V29/><F29/><W37/><G102/><T133/><D133/><U76/><E32/><V24/><F24/><W86/><G73/><T89/><D0/><U98/><E65/><V93/><F11/><W67/><G43/><T51/><D46/><U54/><E54/><N who="2" m="29991" /><F62/><W71/><G71/><T10/><D23/><U21/><REACH who="1" step="1"/><E120/><REACH who="1" ten="330,200,230,230" step="2"/><V52/><F108/><W103/><G104/><T33/><D33/><U124/><E124/><V26/><F52/><W30/><G67/><T19/><D10/><U121/><E121/><V112/><F112/><W58/><G64/><T53/><D53/><U4/><E4/><V97/><F26/><W87/><G58/><T34/><D34/><U111/><E111/><V82/><F105/><W113/><G113/><T81/><D8/><U9/><E9/><V15/><F15/><W74/><G30/><T116/><D12/><U25/><E25/><V130/><F130/><W114/><G114/><T134/><D134/><U41/><E41/><V28/><F28/><W22/><REACH who="3" step="1"/><G74/><REACH who="3" ten="330,200,230,220" step="2"/><T129/><D129/><U106/><E106/><V92/><F56/><W60/><G60/><T128/><D128/><U119/><E119/><V59/><F59/><W42/><G42/><T110/><D118/><RYUUKYOKU ba="0,2" sc="330,-15,200,15,230,-15,220,15" hai1="13,17,21,40,45,69,70,76,77,79,88,94,98" hai3="16,22,36,37,39,85,86,87,90,95,99,100,103" /><INIT seed="3,1,2,1,0,53" ten="315,215,215,235" oya="3" hai0="93,4,86,29,18,109,133,11,3,22,7,85,83" hai1="119,30,72,60,89,21,131,47,103,24,52,8,78" hai2="39,92,84,132,66,37,74,118,28,10,128,36,91" hai3="27,112,129,100,34,40,90,110,95,43,77,33,62"/><W134/><G112/><T32/><D109/><U113/><E113/><V101/><F118/><W99/><G129/><T124/><D133/><U25/><E131/><V59/><F128/><W125/><G134/><T9/><D124/><U56/><E103/><V96/><F132/><W2/><G2/><T58/><D58/><U87/><E72/><V1/><F74/><W94/><G125/><T98/><D29/><U76/><E119/><V123/><F123/><W45/><G110/><T135/><D32/><U121/><E121/><V75/><F75/><W51/><G77/><T107/><D107/><U50/><E8/><N who="0" m="3145" /><D3/><U41/><E25/><V114/><F114/><W19/><G43/><T13/><D135/><U102/><E102/><V20/><F10/><W16/><G62/><T35/><D35/><U116/><E116/><V46/><F1/><W42/><G42/><T68/><D68/><U17/><E30/><V108/><F108/><W70/><G70/><T122/><D122/><U127/><E127/><V44/><F28/><W73/><G73/><T57/><D57/><U64/><E64/><V97/><F20/><W80/><G34/><T88/><D85/><U67/><E67/><V65/><F65/><W79/><G27/><T111/><D111/><U120/><E120/><V14/><F14/><W26/><G26/><T106/><D106/><U31/><E31/><V69/><F69/><W82/><G33/><T6/><D6/><U0/><E0/><V5/><F5/><W23/><G23/><T55/><D55/><U61/><E61/><N who="2" m="38207" /><F84/><N who="3" m="48159" /><G82/><AGARI ba="1,2" hai="17,21,24,41,47,50,52,56,60,76,78,82,87,89" machi="82" ten="30,7700,0" yaku="7,1,8,1,52,1,54,1" doraHai="53" who="1" fromWho="3" sc="315,0,215,100,215,0,235,-80" owari="315,41.5,315,11.5,215,-18.5,155,-34.5" /></mjloggm>