<mjloggm ver="2.3"><GO type="225" lobby="0"/><UN n0="%E3%83%A9%E3%82%B9%E7%8E%87%EF%BC%93%E5%89%B2" n1="%E5%91%A8%E6%9D%B1" n2="%E3%81%90%E3%81%A1%E3%82%84%E3%81%BE" n3="%E3%81%BF%E3%81%BF%E3%81%9A" dan="16,17,16,18" rate="2188.66,2198.70,2121.63,2243.24" sx="F,M,M,M"/><TAIKYOKU oya="0"/><INIT seed="0,0,0,4,2,128" ten="250,250,250,250" oya="0" hai0="35,95,19,26,48,21,103,129,55,116,118,47,14" hai1="52,24,97,125,53,63,22,121,84,109,123,58,74" hai2="37,7,88,96,124,50,65,17,120,57,119,115,135" hai3="133,78,25,9,18,39,5,27,46,4,44,45,3"/><T29/><REACH who="0" step="1"/><D129/><REACH who="0" ten="240,250,250,250" step="2"/><U15/><E125/><V110/><F124/><W105/><G133/><T101/><D101/><U81/><E109/><V6/><F135/><W30/><G45/><T64/><D64/><U100/><E123/><V130/><F65/><W93/><G44/><T36/><D36/><U127/><E127/><V108/><F37/><W76/><G39/><T75/><D75/><U20/><E74/><V33/><F130/><W90/><G46/><T31/><D31/><U83/><E121/><V0/><F120/><W41/><G30/><T99/><AGARI ba="0,1" hai="14,19,21,26,29,35,47,48,55,95,99,103,116,118" machi="99" ten="30,6000,0" yaku="21,2,0,1,53,0" doraHai="128" doraHaiUra="67" who="0" fromWho="0" sc="240,70,250,-20,250,-20,250,-20" /><INIT seed="0,1,0,4,4,54" ten="310,230,230,230" oya="0" hai0="110,134,119,129,72,103,88,31,86,33,47,39,114" hai1="101,116,73,79,4,35,6,125,10,21,7,24,55" hai2="74,132,106,53,40,15,51,20,29,63,22,100,104" hai3="70,112,95,128,43,69,83,108,5,92,46,36,61"/><T2/><RYUUKYOKU type="yao9" ba="1,0" sc="310,0,230,0,230,0,230,0" hai0="2,31,33,39,47,72,86,88,103,110,114,119,129,134" /><INIT seed="0,2,0,4,3,76" ten="310,230,230,230" oya="0" hai0="118,23,94,107,17,92,113,95,48,41,7,5,103" hai1="124,52,24,100,43,63,36,28,71,79,25,72,67" hai2="75,106,19,30,35,65,125,121,34,14,60,133,70" hai3="108,58,6,10,74,49,89,126,56,4,42,88,2"/><T8/><D113/><U44/><E124/><V119/><F121/><W104/><G74/><T73/><D118/><U55/><E25/><V122/><F122/><W16/><G104/><T98/><D73/><U54/><E100/><V131/><F125/><W40/><G126/><T51/><D41/><N who="3" m="15977" /><G2/><T105/><D105/><U93/><E93/><V12/><F133/><W77/><G77/><T33/><D33/><U134/><E134/><V59/><F131/><W111/><G111/><T80/><D80/><U135/><E135/><V21/><F119/><W45/><G108/><T78/><D78/><U15/><E15/><V68/><F106/><W96/><G45/><T109/><D109/><U120/><E120/><V57/><F75/><W22/><G10/><T132/><D132/><U1/><E1/><V69/><F30/><W117/><G117/><T127/><D127/><U116/><E116/><V62/><REACH who="2" step="1"/><F14/><REACH who="2" ten="310,230,220,230" step="2"/><N who="3" m="9495" /><G96/><T9/><D107/><U130/><E130/><V32/><F32/><W97/><G97/><T83/><D98/><U90/><E72/><V84/><F84/><W0/><G0/><T128/><D128/><U26/><E28/><V38/><F38/><W66/><G49/><T112/><D103/><U53/><N who="1" m="13312" /><DORA hai="31" /><U64/><E36/><V87/><F87/><W102/><G102/><T61/><D51/><U11/><E44/><V20/><F20/><W3/><G3/><T115/><D48/><U29/><E29/><V101/><F101/><W39/><G39/><T13/><D115/><U47/><E47/><V86/><F86/><W85/><G85/><T91/><D112/><RYUUKYOKU ba="2,1" sc="310,-10,230,-10,220,30,230,-10" hai2="12,19,21,34,35,57,59,60,62,65,68,69,70" /><INIT seed="1,3,1,1,2,81" ten="300,220,250,220" oya="1" hai0="64,123,8,119,35,83,128,87,17,65,52,82,76" hai1="54,9,10,28,96,16,107,77,134,29,63,7,80" hai2="22,117,98,118,111,106,67,36,91,120,112,43,66" hai3="42,59,135,47,108,68,3,113,114,48,38,110,93"/><U101/><E134/><V122/><F22/><W129/><G3/><T60/><D119/><N who="2" m="45578" /><F91/><W73/><G73/><T44/><D128/><U33/><E33/><V61/><F98/><W0/><G0/><T34/><D123/><N who="2" m="47146" /><F106/><W21/><G129/><T97/><D97/><U62/><E10/><V71/><F111/><N who="3" m="42539" /><G135/><T31/><D83/><U46/><E16/><V4/><F4/><W1/><G1/><T84/><D84/><U20/><E20/><V89/><F89/><W55/><G93/><T104/><D104/><U85/><E29/><V37/><F112/><N who="3" m="43115" /><G21/><T26/><D34/><U116/><E116/><V58/><F43/><W121/><G121/><T45/><D8/><U13/><REACH who="1" step="1"/><E28/><REACH who="1" ten="300,210,250,220" step="2"/><V5/><F5/><W40/><G40/><T115/><D115/><U41/><E41/><V127/><F127/><W23/><G23/><N who="0" m="15839" /><D17/><U94/><E94/><V78/><F78/><W11/><G11/><T90/><D35/><U49/><AGARI ba="3,2" hai="7,9,13,46,49,54,62,63,77,80,85,96,101,107" machi="49" ten="30,6000,0" yaku="1,1,0,1,52,1,53,0" doraHai="81" doraHaiUra="133" who="1" fromWho="1" sc="300,-23,210,89,250,-23,220,-23" /><INIT seed="1,4,0,5,5,60" ten="277,299,227,197" oya="1" hai0="124,117,79,98,72,121,38,2,16,41,34,29,110" hai1="47,80,99,93,84,78,128,28,92,23,59,51,48" hai2="30,104,87,18,69,25,119,1,129,39,4,73,55" hai3="95,101,132,102,135,105,91,49,44,109,42,21,86"/><U111/><E128/><V40/><F119/><W54/><G109/><T64/><D117/><U3/><E3/><V56/><F73/><W116/><G116/><T65/><D2/><U115/><E115/><V68/><F104/><W22/><G105/><T76/><D34/><U58/><E111/><V11/><F18/><W57/><G132/><T81/><D29/><U107/><E107/><V134/><F129/><W126/><G135/><T13/><D110/><U96/><E28/><V106/><F106/><W66/><G126/><T127/><D121/><U14/><E23/><V108/><F134/><W33/><G33/><T100/><D79/><U67/><E14/><V0/><F0/><W118/><G118/><T50/><D38/><U6/><E6/><V7/><F7/><W83/><G66/><N who="0" m="25707" /><D50/><U43/><E51/><V120/><F120/><W94/><G102/><T125/><D41/><U46/><E67/><V131/><F131/><W89/><G101/><T26/><D26/><U9/><E47/><V45/><F108/><W103/><G103/><T15/><D16/><U112/><E112/><V53/><F25/><W133/><G133/><T8/><D8/><U10/><E9/><V75/><F30/><W82/><G21/><T70/><D70/><U74/><E74/><V113/><F75/><W71/><G22/><T122/><D122/><U61/><E10/><V77/><F113/><W90/><G71/><N who="2" m="27209" /><F56/><N who="1" m="21545" /><E61/><V12/><F1/><W19/><G19/><T97/><D100/><U52/><E43/><V37/><F39/><N who="3" m="21599" /><G90/><T31/><D31/><U62/><E62/><V85/><F77/><RYUUKYOKU ba="4,0" sc="277,0,299,0,227,0,197,0" hai0="13,15,72,76,81,97,98,124,125,127" hai1="46,48,52,78,80,84,92,93,96,99" hai2="4,11,12,37,40,45,53,55,85,87" hai3="49,54,57,82,83,86,89,91,94,95" /><INIT seed="1,5,0,5,4,52" ten="277,299,227,197" oya="1" hai0="92,101,106,16,9,134,11,37,94,36,121,20,10" hai1="98,87,135,34,110,53,17,18,116,43,109,21,1" hai2="26,82,35,61,4,28,89,112,126,42,105,80,68" hai3="118,73,29,25,75,2,114,57,58,65,84,128,63"/><U39/><E34/><V129/><F126/><W123/><G123/><T93/><D121/><U103/><E116/><V51/><F129/><W131/><G114/><T99/><REACH who="0" step="1"/><D134/><REACH who="0" ten="267,299,227,197" step="2"/><U45/><E135/><V86/><F112/><W49/><G118/><T12/><AGARI ba="5,1" hai="9,10,11,12,16,20,36,37,92,93,94,99,101,106" machi="12" ten="30,7900,0" yaku="1,1,2,1,0,1,54,1,53,0" doraHai="52" doraHaiUra="111" who="0" fromWho="0" sc="267,104,299,-44,227,-25,197,-25" /><INIT seed="2,0,0,1,1,79" ten="371,255,202,172" oya="2" hai0="119,87,83,121,32,25,98,124,66,28,17,34,39" hai1="81,26,106,123,7,37,91,93,120,101,118,131,112" hai2="88,59,51,38,8,97,102,55,58,113,13,15,22" hai3="72,115,129,33,109,48,19,16,27,68,105,31,114"/><V53/><F113/><N who="3" m="43019" /><G105/><T135/><D39/><U133/><E37/><V77/><F38/><W20/><G68/><T75/><D75/><U63/><E112/><V0/><F77/><W99/><G72/><T61/><D121/><U62/><E118/><V54/><F0/><W67/><G67/><T76/><D119/><U64/><E131/><V10/><F22/><W128/><G99/><T89/><D135/><U108/><E133/><V41/><F41/><W127/><G48/><T40/><D40/><U50/><E106/><V95/><F102/><W36/><G36/><T56/><D124/><U117/><E50/><V126/><F126/><W43/><G43/><T1/><D1/><U86/><E117/><V9/><F55/><W122/><G127/><T47/><D47/><U18/><E101/><V46/><F46/><W57/><G57/><T90/><D32/><U35/><E35/><V111/><F111/><W12/><G109/><T103/><D17/><U4/><E108/><V80/><F80/><W65/><G65/><T3/><D3/><U71/><E81/><V44/><F44/><W100/><G100/><T130/><D130/><N who="3" m="50281" /><G19/><T107/><AGARI ba="0,0" hai="25,28,34,56,61,66,76,83,87,89,90,98,103,107" machi="107" ten="20,2700,0" yaku="0,1,7,1,52,1" doraHai="79" who="0" fromWho="0" sc="371,27,255,-7,202,-13,172,-7" /><INIT seed="3,0,0,0,5,62" ten="398,248,189,165" oya="3" hai0="134,80,133,68,32,4,1,120,37,119,127,73,61" hai1="16,6,65,132,124,106,58,69,105,17,27,96,10" hai2="104,113,9,11,100,112,5,0,36,64,46,31,92" hai3="50,82,41,71,18,44,85,12,42,103,15,108,19"/><W22/><G71/><T24/><RYUUKYOKU type="yao9" ba="0,0" sc="398,0,248,0,189,0,165,0" hai0="1,4,24,32,37,61,68,73,80,119,120,127,133,134" /><INIT seed="3,1,0,1,0,107" ten="398,248,189,165" oya="3" hai0="81,13,84,45,62,53,37,83,7,28,42,112,103" hai1="50,18,52,115,20,128,44,16,95,5,78,131,0" hai2="36,105,126,3,38,117,120,88,33,12,129,101,110" hai3="14,30,74,127,24,60,104,55,26,94,58,98,4"/><W47/><G104/><T64/><D103/><U43/><E115/><V123/><RYUUKYOKU type="yao9" ba="1,0" sc="398,0,248,0,189,0,165,0" hai2="3,12,33,36,38,88,101,105,110,117,120,123,126,129" /><INIT seed="3,2,0,4,4,65" ten="398,248,189,165" oya="3" hai0="9,11,85,120,101,109,76,100,74,115,21,28,103" hai1="111,5,125,127,59,57,113,55,26,88,24,48,86" hai2="25,124,135,106,38,95,46,96,69,131,40,99,82" hai3="62,15,1,20,83,73,72,98,108,53,134,94,16"/><W51/><G1/><T81/><D120/><U3/><E113/><V80/><F124/><N who="1" m="47689" /><E111/><V89/><F69/><W37/><G37/><T60/><D109/><U87/><E87/><V39/><F131/><W64/><G108/><T50/><D60/><U75/><E75/><V43/><F135/><W23/><G134/><T92/><D74/><U44/><E5/><V70/><F70/><W67/><G83/><T63/><D92/><N who="1" m="54295" /><E3/><V110/><F110/><W52/><G73/><T121/><D21/><U27/><AGARI ba="2,0" hai="24,26,27,44,48,55,57,59" m="54295,47689" machi="27" ten="30,2000,0" yaku="18,1,54,1" doraHai="65" who="1" fromWho="1" sc="398,-7,248,26,189,-7,165,-12" owari="391,49.1,274,7.4,182,-21.8,153,-34.7" /></mjloggm>