<mjloggm ver="2.3"><GO type="225" lobby="0"/><UN n0="%E3%83%96%E3%83%83%E3%83%91%E3%82%AA%E3%83%96%E3%83%81%E3%82%AD%E3%83%B3" n1="%E3%81%95%E3%81%8D%E3%81%9F%E3%81%BE%E6%9E%97%E6%AA%8E" n2="%E6%9C%88%E5%B3%B6%E5%9F%BA" n3="%E3%81%BF%E3%81%BF%E3%81%9A" dan="16,16,18,17" rate="2125.12,2121.49,2204.34,2277.39" sx="M,M,M,M"/><TAIKYOKU oya="0"/><INIT seed="0,0,0,1,1,16" ten="250,250,250,250" oya="0" hai0="68,123,69,67,4,29,54,66,124,62,51,53,13" hai1="82,120,108,41,3,6,93,34,59,48,118,25,88" hai2="74,97,44,38,109,112,76,134,45,17,72,100,116" hai3="71,121,1,131,90,58,106,114,79,30,135,63,80"/><T14/><D123/><U26/><E118/><V64/><F112/><W52/><G114/><T105/><D124/><U49/><E120/><V2/><F116/><W111/><G121/><T75/><D75/><U39/><E39/><V33/><F2/><W89/><G1/><T11/><D105/><U57/><E108/><V127/><F33/><W5/><G5/><T95/><D29/><U65/><E82/><V43/><F64/><W130/><G111/><T0/><D95/><U12/><E3/><V15/><F134/><W28/><G106/><T101/><D101/><U91/><E34/><V99/><F99/><W10/><G10/><T129/><D129/><N who="3" m="49161" /><G71/><T77/><D77/><U24/><E91/><N who="3" m="34826" /><G135/><T60/><REACH who="0" step="1"/><D54/><REACH who="0" ten="240,250,250,250" step="2"/><U42/><E42/><V110/><F76/><W122/><G122/><T46/><AGARI ba="0,1" hai="0,4,11,13,14,46,51,53,60,62,66,67,68,69" machi="46" ten="20,12000,1" yaku="1,1,2,1,0,1,7,1,9,1,53,0" doraHai="16" doraHaiUra="113" who="0" fromWho="0" sc="240,130,250,-40,250,-40,250,-40" /><INIT seed="0,1,0,5,5,53" ten="370,210,210,210" oya="0" hai0="125,60,85,116,126,132,124,122,84,133,95,86,46" hai1="101,35,63,75,102,93,33,114,5,91,73,57,127" hai2="59,119,100,81,64,128,9,130,121,109,13,62,66" hai3="71,113,77,123,74,134,58,52,92,7,107,78,29"/><T89/><D116/><U131/><E5/><N who="2" m="3247" /><F121/><W117/><G107/><T2/><D2/><U36/><E36/><V94/><F119/><W65/><G117/><T68/><D122/><U32/><E131/><N who="2" m="50219" /><F109/><W105/><G105/><T51/><D60/><U49/><E49/><V106/><F81/><W88/><G123/><T28/><D28/><U79/><E127/><V37/><F106/><W98/><G113/><T118/><D68/><U112/><E102/><V16/><F37/><W11/><G29/><T6/><D6/><U70/><E70/><V40/><F40/><W54/><G134/><N who="0" m="51819" /><D118/><U108/><E101/><V120/><F120/><W110/><G110/><T44/><D51/><U135/><E135/><V104/><F104/><W45/><G74/><T22/><D22/><U30/><E108/><V17/><F66/><W8/><G71/><T26/><D26/><U48/><E48/><V83/><F83/><W99/><G45/><AGARI ba="1,0" hai="44,45,46,84,85,86,89,95,124,125,126" m="51819" machi="45" ten="40,3900,0" yaku="18,1,20,1" doraHai="53" who="0" fromWho="3" sc="370,42,210,0,210,0,210,-42" /><INIT seed="0,2,0,1,0,82" ten="412,210,210,168" oya="0" hai0="40,58,83,120,31,9,89,118,75,4,73,117,52" hai1="26,14,101,11,104,63,103,68,35,113,125,128,20" hai2="46,61,84,21,25,38,93,86,36,100,102,29,95" hai3="85,62,106,44,49,64,5,17,92,97,74,47,60"/><T111/><D120/><U81/><E128/><V122/><F122/><W12/><G74/><T130/><D130/><U88/><E125/><V132/><F132/><W23/><G106/><T53/><D40/><U127/><E127/><V108/><F108/><W13/><G64/><T10/><D31/><U3/><E3/><V65/><F93/><W51/><G5/><T105/><D105/><U24/><E35/><V18/><F18/><W121/><G121/><T116/><D111/><U39/><E39/><V43/><F38/><W22/><G92/><T33/><D33/><U42/><E42/><V67/><F67/><W90/><G17/><T133/><D133/><U6/><E104/><V19/><F19/><W124/><G124/><T0/><D10/><U76/><E76/><V131/><F131/><W32/><G32/><T78/><D75/><U57/><E68/><V94/><F94/><W98/><REACH who="3" step="1"/><G90/><REACH who="3" ten="412,210,210,158" step="2"/><T55/><REACH who="0" step="1"/><D89/><REACH who="0" ten="402,210,210,158" step="2"/><U96/><E88/><V107/><F107/><W15/><G15/><T37/><D37/><U129/><E14/><V80/><F36/><W48/><G48/><AGARI ba="2,2" hai="0,4,9,48,52,53,55,58,73,78,83,116,117,118" machi="48" ten="40,3900,0" yaku="1,1,54,1,53,0" doraHai="82" doraHaiUra="99" who="0" fromWho="3" sc="402,65,210,0,210,0,158,-45" /><INIT seed="0,3,0,2,4,123" ten="467,210,210,113" oya="0" hai0="96,117,122,105,53,111,35,83,11,120,43,81,25" hai1="61,88,67,50,47,0,108,32,112,129,42,109,100" hai2="49,72,128,130,97,65,24,18,78,30,127,118,68" hai3="46,93,102,54,1,60,40,104,107,99,20,21,4"/><T126/><D117/><U22/><E129/><N who="2" m="49771" /><F118/><W116/><G116/><T58/><D43/><U51/><E32/><N who="2" m="20551" /><F127/><W26/><G1/><T134/><D126/><U44/><E0/><V2/><F2/><W66/><G4/><T92/><D105/><U12/><E100/><V98/><F18/><W28/><G54/><T41/><D41/><U106/><E106/><V69/><F49/><W59/><REACH who="3" step="1"/><G20/><REACH who="3" ten="467,210,210,103" step="2"/><T73/><D53/><U15/><E22/><V110/><F65/><W64/><G64/><T76/><D120/><U87/><E112/><V82/><F110/><N who="1" m="42601" /><E67/><V48/><F48/><AGARI ba="3,1" hai="21,26,28,40,46,48,59,60,66,93,99,102,104,107" machi="48" ten="30,8000,1" yaku="1,1,7,1,25,2,53,1" doraHai="123" doraHaiUra="56" who="3" fromWho="2" sc="467,0,210,0,210,-89,103,99" /><INIT seed="1,0,0,3,3,36" ten="467,210,121,202" oya="1" hai0="15,54,57,11,121,112,82,49,126,10,30,47,118" hai1="6,40,81,99,110,17,101,102,7,70,77,111,13" hai2="78,97,100,85,42,2,120,5,133,20,96,12,90" hai3="51,44,45,32,128,53,39,33,127,1,92,93,98"/><U116/><E70/><V84/><F120/><W55/><G1/><T74/><D112/><U29/><E29/><V21/><F133/><W23/><G127/><T124/><D118/><U109/><E116/><V134/><F134/><W80/><G128/><T115/><D115/><U35/><E35/><V79/><F2/><W103/><G80/><T3/><D121/><U73/><E40/><V19/><F5/><W18/><G93/><T71/><D71/><U132/><E132/><V68/><F68/><W66/><G66/><T50/><D30/><U37/><E37/><V65/><F65/><W43/><REACH who="3" step="1"/><G55/><REACH who="3" ten="467,210,121,192" step="2"/><N who="0" m="31991" /><D3/><U26/><E26/><AGARI ba="0,1" hai="18,23,26,32,33,39,43,44,45,51,53,92,98,103" machi="26" ten="30,3900,0" yaku="1,1,7,1,52,1,53,0" doraHai="36" doraHaiUra="34" who="3" fromWho="1" sc="467,0,210,-39,121,0,192,49" /><INIT seed="2,0,0,4,5,81" ten="467,171,121,241" oya="2" hai0="113,86,56,60,89,37,55,133,51,21,11,45,78" hai1="132,115,62,31,48,76,69,107,42,28,32,57,92" hai2="105,119,23,82,121,118,38,123,116,1,130,50,96" hai3="9,30,39,120,20,104,3,35,97,80,52,53,124"/><V34/><F50/><W15/><G120/><N who="2" m="46153" /><F23/><W14/><G124/><T8/><D133/><U18/><E132/><V85/><F1/><W61/><G39/><T24/><D113/><U5/><E115/><V29/><F29/><W101/><G61/><T71/><D78/><U111/><E69/><V41/><F41/><W4/><G80/><N who="0" m="49351" /><D71/><U64/><E32/><V77/><F34/><W74/><G74/><T99/><D99/><U70/><E31/><V91/><F38/><W54/><REACH who="3" step="1"/><G35/><REACH who="3" ten="467,171,121,231" step="2"/><T98/><D37/><U135/><E62/><V88/><F130/><W27/><AGARI ba="0,1" hai="3,4,9,14,15,20,27,30,52,53,54,97,101,104" machi="27" ten="30,7900,0" yaku="1,1,2,1,0,1,54,1,53,0" doraHai="81" doraHaiUra="13" who="3" fromWho="3" sc="467,-20,171,-20,121,-39,231,89" /><INIT seed="3,0,0,5,4,11" ten="447,151,82,320" oya="3" hai0="61,114,14,24,108,89,3,57,37,15,9,110,22" hai1="121,47,90,84,131,80,83,6,111,115,52,1,88" hai2="82,65,127,109,40,98,20,36,34,92,19,100,103" hai3="59,74,46,13,97,101,7,39,116,38,87,53,102"/><W49/><G116/><T0/><D37/><U91/><E121/><V4/><F109/><N who="0" m="42090" /><D114/><U106/><E106/><V25/><F127/><W129/><G74/><T27/><D89/><U77/><E111/><V69/><F4/><W118/><G118/><T43/><D43/><U78/><E115/><V71/><F34/><W75/><G75/><T72/><D72/><U5/><E1/><N who="0" m="585" /><D9/><U96/><E96/><V86/><F100/><W105/><G129/><T66/><D24/><U120/><E120/><V54/><F65/><W79/><G102/><T124/><D124/><U45/><E131/><V17/><F17/><AGARI ba="0,0" hai="14,15,17,22,27,57,61,66" m="585,42090" machi="17" ten="30,3900,0" yaku="14,1,52,2" doraHai="11" who="0" fromWho="2" sc="447,39,151,0,82,-39,320,0" owari="486,58.6,151,-24.9,43,-45.7,320,12.0" /></mjloggm>