<mjloggm ver="2.3"><GO type="225" lobby="0"/><UN n0="%E3%83%A9%E3%82%B9%E7%8E%87%EF%BC%93%E5%89%B2" n1="%E7%99%BD%E9%9B%AA%E4%B9%83%E6%84%9B" n2="%E7%99%BD%E5%80%89%E5%AF%9B%E4%B9%8B" n3="%E9%B3%B3%E6%9D%B1%E3%81%AE%E3%81%BF%E3%81%91%E3%81%AB%E3%82%83%E3%82%93" dan="17,16,16,16" rate="2213.98,2016.15,2152.72,2147.15" sx="F,F,M,F"/><TAIKYOKU oya="0"/><INIT seed="0,0,0,3,0,79" ten="250,250,250,250" oya="0" hai0="31,34,53,122,91,16,99,27,8,4,96,45,66" hai1="32,17,75,61,29,35,102,114,60,26,130,63,128" hai2="119,125,121,56,87,86,51,47,103,132,116,39,107" hai3="123,108,52,109,36,58,80,84,24,44,9,69,37"/><T77/><D122/><U1/><E1/><V28/><F121/><W74/><G69/><T95/><D66/><U81/><E114/><V101/><F39/><W94/><G123/><T54/><D45/><U30/><E102/><N who="2" m="38923" /><F107/><W23/><G94/><T72/><D99/><U38/><E38/><V42/><F125/><W21/><G9/><T73/><D73/><U85/><E75/><V100/><F132/><W41/><G74/><T113/><D113/><U46/><E46/><V15/><F28/><N who="1" m="10857" /><E17/><V49/><N who="2" m="38931" /><V3/><DORA hai="11" /><F3/><W48/><G36/><T50/><D50/><U10/><E26/><V93/><F93/><W25/><G25/><T68/><D68/><U117/><E10/><V67/><F15/><W55/><G55/><T90/><D90/><N who="1" m="51503" /><E117/><N who="2" m="45131" /><F51/><W129/><G129/><AGARI ba="0,0" hai="32,35,60,61,63,128,129,130" m="51503,10857" machi="129" ten="30,2000,0" yaku="19,1,52,1" doraHai="79,11" who="1" fromWho="3" sc="250,0,250,20,250,0,250,-20" /><INIT seed="1,0,0,0,3,47" ten="250,270,250,230" oya="1" hai0="7,74,44,39,59,83,122,73,103,18,20,131,15" hai1="119,34,16,63,22,127,56,14,12,96,72,64,92" hai2="104,121,62,118,17,70,124,86,50,57,45,60,58" hai3="1,37,98,132,76,5,101,52,81,97,8,48,40"/><U134/><E119/><V41/><F104/><W115/><G115/><T2/><D131/><U123/><E123/><V120/><F86/><W19/><G132/><T112/><D112/><U78/><E134/><V31/><F31/><W95/><G19/><T61/><D122/><N who="2" m="47210" /><F17/><W90/><G37/><T0/><D103/><U67/><E127/><V28/><F28/><W113/><G40/><T108/><D108/><U105/><E105/><V38/><F118/><W106/><G113/><T46/><D39/><U33/><E67/><N who="2" m="41319" /><F124/><W77/><REACH who="3" step="1"/><G81/><REACH who="3" ten="250,270,250,220" step="2"/><T10/><D83/><U109/><E109/><V71/><F38/><W91/><G91/><T25/><D74/><U24/><E72/><V68/><F58/><AGARI ba="0,1" hai="1,5,8,48,52,58,76,77,90,95,97,98,101,106" machi="58" ten="30,8000,1" yaku="1,1,7,1,52,1,54,1,53,1" doraHai="47" doraHaiUra="88" who="3" fromWho="2" sc="250,0,270,0,250,-80,220,90" /><INIT seed="2,0,0,2,0,31" ten="250,270,170,310" oya="2" hai0="81,97,71,95,18,105,11,130,85,24,116,60,19" hai1="45,118,77,21,111,30,109,4,32,78,128,113,99" hai2="112,55,16,54,69,101,36,68,35,10,84,80,125" hai3="82,127,100,134,26,58,117,57,42,74,66,61,27"/><V104/><F36/><W47/><G117/><T52/><D130/><U53/><E118/><V39/><F39/><W70/><G134/><T51/><D105/><U96/><E113/><V44/><F112/><W91/><G127/><T46/><D116/><U124/><E128/><V2/><F125/><W88/><G100/><T34/><D11/><U129/><E129/><V40/><F35/><W8/><G8/><T1/><D1/><U86/><E4/><V72/><F72/><W110/><G110/><N who="1" m="41994" /><E21/><V119/><F119/><W89/><G58/><T87/><D71/><U115/><E115/><V33/><F33/><W108/><G108/><T133/><D133/><U107/><E124/><V49/><F2/><W92/><G92/><T20/><D60/><U123/><E86/><V14/><F69/><W25/><G70/><T63/><D63/><U114/><E123/><V67/><F68/><W17/><G74/><T28/><D34/><U22/><E22/><V106/><F67/><W29/><G17/><T59/><D59/><U48/><E114/><V3/><F3/><W64/><G64/><T131/><D87/><U83/><E107/><V12/><F106/><W90/><N who="3" m="22528" /><DORA hai="98" /><W43/><G82/><T9/><D9/><U121/><E121/><V13/><F104/><W120/><G120/><T102/><REACH who="0" step="1"/><D131/><REACH who="0" ten="240,270,170,310" step="2"/><U93/><E83/><V37/><F101/><W62/><G62/><T50/><D50/><U79/><E93/><V15/><REACH who="2" step="1"/><F37/><REACH who="2" ten="240,270,160,310" step="2"/><W38/><G38/><T94/><D94/><U75/><E75/><V76/><AGARI ba="0,2" hai="10,12,13,14,15,16,40,44,49,54,55,76,80,84" machi="76" ten="30,18000,2" yaku="1,1,2,1,0,1,8,1,54,1,53,1" doraHai="31,98" doraHaiUra="132,41" who="2" fromWho="2" sc="240,-60,270,-60,160,200,310,-60" /><INIT seed="2,1,0,0,4,76" ten="180,210,360,250" oya="2" hai0="63,50,94,107,39,25,90,24,130,12,101,38,7" hai1="35,118,66,103,75,54,60,48,4,85,96,40,117" hai2="132,71,131,23,21,10,105,2,44,37,114,98,80" hai3="70,77,59,72,119,120,74,28,126,5,99,67,79"/><V81/><F71/><W82/><G119/><T16/><D130/><U95/><E75/><V33/><F33/><W93/><G120/><T84/><D7/><U127/><E35/><V78/><F114/><W125/><G70/><T49/><D39/><U129/><E40/><V104/><F131/><W29/><G5/><T46/><D107/><U6/><E129/><V108/><F2/><W57/><G67/><T9/><D38/><U17/><E127/><N who="3" m="48650" /><G57/><T73/><D73/><N who="3" m="28265" /><G59/><T58/><D101/><U14/><E118/><V87/><F10/><W0/><G0/><T69/><D69/><U113/><E113/><V11/><F11/><W36/><G36/><T92/><D92/><U116/><E116/><V124/><F37/><W83/><G28/><T19/><D19/><U65/><E65/><V64/><F64/><W8/><G8/><T3/><D3/><U32/><E32/><V41/><F44/><W51/><G51/><T26/><REACH who="0" step="1"/><D46/><REACH who="0" ten="170,210,360,250" step="2"/><N who="1" m="27927" /><E117/><V18/><F18/><W31/><G31/><T97/><D97/><U34/><E6/><V45/><F98/><W111/><G29/><T134/><D134/><U27/><E4/><V22/><F132/><W106/><G106/><T61/><D61/><U135/><E135/><V121/><F124/><W133/><G133/><T56/><D56/><N who="1" m="37127" /><E17/><V55/><F105/><W53/><G99/><T52/><AGARI ba="1,1" hai="9,12,16,24,25,26,49,50,52,58,63,84,90,94" machi="52" ten="30,12000,2" yaku="1,1,0,1,8,1,54,2,53,1" doraHai="76" doraHaiUra="15" who="0" fromWho="0" sc="170,133,210,-31,360,-61,250,-31" /><INIT seed="3,0,0,0,3,47" ten="303,179,299,219" oya="3" hai0="72,12,65,134,51,38,90,122,20,69,71,84,53" hai1="41,57,50,95,77,40,91,46,117,125,6,121,107" hai2="129,24,61,8,113,115,92,89,4,49,18,103,44" hai3="76,19,105,80,81,110,60,36,119,75,124,3,100"/><W27/><G119/><T54/><D72/><U63/><E121/><V131/><F103/><W118/><G118/><T66/><D38/><U1/><E117/><V82/><F82/><W32/><G36/><T112/><D122/><U98/><E125/><V108/><F61/><W128/><G3/><T62/><D134/><U13/><E1/><N who="2" m="15" /><F18/><W43/><G43/><T45/><D112/><U35/><E35/><V7/><F24/><W9/><G60/><T48/><D62/><U59/><E107/><V135/><F7/><W116/><G81/><N who="0" m="49423" /><D71/><U83/><E40/><N who="2" m="24711" /><F108/><W11/><G11/><T17/><D69/><U85/><E63/><V39/><F39/><W127/><G128/><N who="2" m="49225" /><F135/><W88/><G110/><T33/><D33/><U130/><E130/><V133/><F133/><W55/><G100/><T126/><D126/><U14/><E14/><V0/><F0/><W68/><G68/><T31/><D31/><U73/><E73/><V42/><F42/><W23/><G105/><T78/><D78/><U58/><E58/><AGARI ba="0,0" hai="12,17,20,45,48,51,53,54,58,65,66" m="49423" machi="58" ten="30,3900,0" yaku="8,1,52,2" doraHai="47" who="0" fromWho="1" sc="303,39,179,-39,299,0,219,0" owari="342,44.2,140,-36.0,299,9.9,219,-18.1" /></mjloggm>