<mjloggm ver="2.3"><GO type="225" lobby="0"/><UN n0="%43%68%65" n1="%E8%A8%88%E7%AE%97%E6%A9%9F%E8%87%AA%E7%84%B6" n2="%E6%97%A5%E6%9B%9C%E6%97%A5%E3%82%88%E3%82%8A%E3%81%AE%E4%BD%BF%E8%80%85" n3="%E6%98%93%E5%88%A9%E8%96%A9%E4%BC%AF" dan="16,17,16,17" rate="2192.92,2148.14,2131.29,2200.67" sx="M,M,M,F"/><TAIKYOKU oya="0"/><INIT seed="0,0,0,0,0,125" ten="250,250,250,250" oya="0" hai0="98,118,96,39,61,111,46,3,84,13,117,23,29" hai1="2,5,95,16,129,85,88,59,9,106,105,57,48" hai2="86,63,45,81,126,41,6,4,100,121,77,107,80" hai3="90,1,21,89,47,50,58,113,69,30,22,78,91"/><T24/><D3/><U56/><E129/><V128/><F121/><W27/><G69/><T94/><D111/><U123/><E123/><V65/><F126/><W53/><G1/><T0/><D0/><U35/><E35/><V8/><F128/><W19/><G113/><T31/><D31/><U112/><E112/><V97/><F81/><W18/><G78/><T51/><D39/><U115/><E115/><V34/><F34/><W127/><G127/><T62/><D84/><U114/><E114/><V32/><F32/><W55/><REACH who="3" step="1"/><G22/><REACH who="3" ten="250,250,250,240" step="2"/><T75/><D118/><U17/><REACH who="1" step="1"/><E48/><AGARI ba="0,1" hai="18,19,21,27,30,47,48,50,53,55,58,89,90,91" machi="48" ten="40,5200,0" yaku="1,1,2,1,8,1,53,0" doraHai="125" doraHaiUra="7" who="3" fromWho="1" sc="250,0,250,-52,250,0,240,62" /><INIT seed="1,0,0,0,5,44" ten="250,198,250,302" oya="1" hai0="4,131,110,105,25,76,93,117,100,47,11,24,9" hai1="83,30,103,56,7,66,88,41,89,29,114,132,128" hai2="74,16,33,20,62,65,31,6,40,120,67,106,10" hai3="64,69,38,129,107,39,5,45,111,104,79,122,12"/><U59/><E114/><V126/><F120/><W119/><G122/><T51/><D117/><U63/><E128/><V14/><F74/><W109/><G119/><T80/><D105/><N who="3" m="40521" /><G79/><T34/><D131/><U134/><E103/><V36/><F106/><W3/><G12/><T13/><D110/><N who="3" m="41993" /><G45/><T95/><D11/><U70/><E41/><V22/><F126/><W0/><G129/><T8/><D8/><U97/><E7/><V73/><F73/><W86/><G86/><N who="0" m="48391" /><D34/><U72/><E72/><V46/><F22/><W123/><G123/><T81/><D81/><U124/><E124/><V35/><F31/><N who="1" m="11785" /><E83/><V130/><F130/><W58/><G58/><N who="1" m="22058" /><E97/><V28/><F28/><W52/><G52/><N who="0" m="29823" /><D100/><U78/><E78/><V94/><F35/><W26/><G3/><T112/><D112/><U15/><E15/><V32/><F94/><AGARI ba="0,0" hai="4,9,13,24,25,93,94,95" m="29823,48391" machi="94" ten="30,3900,0" yaku="8,1,52,1,54,1" doraHai="44" who="0" fromWho="2" sc="250,39,198,0,250,-39,302,0" /><INIT seed="2,0,0,2,4,42" ten="289,198,211,302" oya="2" hai0="117,18,32,19,114,78,20,129,124,111,38,107,95" hai1="91,92,7,96,75,3,23,82,64,97,102,48,94" hai2="123,104,113,8,58,120,1,9,46,35,36,99,81" hai3="39,135,16,51,74,15,131,106,26,45,100,6,76"/><V105/><F113/><W22/><G39/><T2/><RYUUKYOKU type="yao9" ba="0,0" sc="289,0,198,0,211,0,302,0" hai0="2,18,19,20,32,38,78,95,107,111,114,117,124,129" /><INIT seed="2,1,0,0,3,104" ten="289,198,211,302" oya="2" hai0="108,14,48,20,57,118,78,66,132,52,86,7,45" hai1="120,87,26,51,62,24,134,91,41,69,19,12,36" hai2="32,68,95,84,117,80,114,83,50,35,110,18,81" hai3="13,112,131,115,6,0,119,23,75,38,113,5,107"/><V124/><F114/><W59/><G119/><T33/><D33/><U61/><E36/><V8/><F117/><W92/><G107/><T37/><D118/><U97/><E134/><V56/><F68/><W15/><G38/><T10/><D132/><U105/><E120/><V3/><F124/><W109/><G109/><T98/><D108/><U11/><E105/><V54/><F110/><W76/><G131/><T63/><D37/><U125/><E97/><V17/><F3/><W58/><G92/><T127/><D127/><U130/><E130/><V55/><F55/><W133/><G133/><T4/><D98/><U2/><E2/><V39/><F39/><W44/><G44/><T64/><D20/><U53/><E41/><V128/><F128/><W70/><G70/><T101/><D101/><U46/><E125/><V85/><F8/><N who="3" m="2087" /><G23/><T43/><D7/><U100/><E100/><V21/><F17/><W1/><G1/><T99/><D99/><U72/><E72/><V34/><REACH who="2" step="1"/><F95/><REACH who="2" ten="289,198,201,302" step="2"/><W111/><G111/><T88/><D78/><U25/><E69/><V29/><F29/><W47/><G76/><T116/><D116/><U30/><E30/><V106/><F106/><W42/><G115/><T123/><D123/><U49/><E49/><V96/><F96/><W103/><G113/><T27/><D27/><AGARI ba="1,1" hai="18,21,27,32,34,35,50,54,56,80,81,83,84,85" machi="27" ten="50,2400,0" yaku="1,1,53,0" doraHai="104" doraHaiUra="135" who="2" fromWho="0" sc="289,-27,198,0,201,37,302,0" /><INIT seed="2,2,0,4,3,36" ten="262,198,238,302" oya="2" hai0="8,50,101,114,118,38,12,84,131,26,31,11,6" hai1="3,115,1,76,96,55,77,81,23,107,15,25,51" hai2="17,111,78,112,30,10,94,37,106,90,47,73,13" hai3="21,43,99,122,22,4,59,88,9,33,40,45,72"/><V125/><F112/><W67/><G72/><T85/><D114/><U110/><E115/><V46/><F106/><W70/><G70/><T42/><D38/><U34/><E110/><V79/><F73/><W98/><G33/><T71/><D71/><U18/><E107/><V130/><F111/><W133/><G133/><T119/><D131/><U57/><E96/><V49/><F130/><W82/><G67/><T53/><D101/><U108/><E108/><V134/><F134/><W58/><G82/><T54/><D11/><U64/><E64/><V105/><F105/><W74/><G74/><T7/><D7/><U0/><REACH who="1" step="1"/><E81/><REACH who="1" ten="262,188,238,302" step="2"/><V19/><F125/><W14/><G99/><T75/><D119/><U92/><E92/><V68/><F68/><W124/><G98/><T52/><D118/><U44/><E44/><V109/><F109/><W28/><G45/><N who="0" m="25911" /><D75/><U80/><E80/><V113/><F113/><W66/><G66/><T32/><D85/><U87/><E87/><V102/><F46/><W2/><G124/><T27/><D84/><U100/><E100/><V35/><F37/><W29/><G122/><T103/><D103/><U48/><E48/><V63/><F102/><W93/><G93/><T61/><D61/><U56/><E56/><V104/><F104/><W89/><G58/><T69/><D69/><U83/><E83/><V20/><F63/><W123/><G59/><T127/><D127/><U86/><E86/><N who="2" m="52567" /><F47/><W39/><G39/><T60/><D60/><U91/><E91/><V129/><F49/><W126/><G126/><T128/><D128/><U16/><E16/><RYUUKYOKU ba="2,1" sc="262,15,188,15,238,-15,302,-15" hai0="6,8,12,26,27,31,32,52,53,54" hai1="0,1,3,15,18,23,25,34,51,55,57,76,77" /><INIT seed="3,3,1,0,5,99" ten="277,203,223,287" oya="3" hai0="66,54,98,10,79,47,96,84,70,49,72,101,35" hai1="122,61,77,17,91,94,59,112,89,18,13,43,108" hai2="126,81,78,2,109,29,117,6,8,116,69,41,97" hai3="100,107,20,114,65,27,67,46,26,131,82,19,30"/><W34/><G114/><T105/><D72/><U38/><E112/><V93/><F69/><W125/><G131/><T40/><D35/><U90/><E122/><V118/><F109/><W9/><G125/><T22/><D10/><U80/><E108/><V62/><F126/><W71/><G46/><T124/><D124/><U113/><E113/><V24/><F41/><W110/><G110/><T88/><D79/><U134/><E134/><V5/><F62/><N who="3" m="40375" /><G9/><T53/><D98/><U132/><E132/><V25/><F6/><W12/><G82/><T4/><D4/><U104/><E104/><V133/><F133/><W74/><G67/><T130/><D130/><U120/><E120/><V128/><F128/><W0/><G27/><T50/><D22/><U57/><E38/><V37/><F37/><W63/><G63/><T1/><D1/><U16/><E43/><V129/><F129/><W56/><G56/><T58/><D70/><U14/><E94/><V45/><F45/><W95/><G95/><T111/><D111/><U86/><REACH who="1" step="1"/><E57/><REACH who="1" ten="277,193,223,287" step="2"/><V121/><F121/><W52/><G107/><T31/><D40/><U135/><E135/><V44/><F44/><W15/><G0/><T127/><D127/><U87/><E87/><V28/><F93/><W92/><G92/><N who="0" m="54279" /><D47/><U83/><E83/><V33/><F117/><W60/><G74/><T76/><D58/><U68/><E68/><V39/><F39/><W106/><G106/><T55/><D105/><U75/><E75/><N who="2" m="43231" /><F97/><W102/><G15/><T42/><D96/><U73/><E73/><V32/><AGARI ba="3,2" hai="2,5,8,24,25,28,29,32,33,116,118" m="43231" machi="32" ten="30,1100,0" yaku="23,1" doraHai="99" who="2" fromWho="2" sc="277,-6,193,-6,223,40,287,-8" /><INIT seed="4,0,0,4,5,57" ten="271,187,263,279" oya="0" hai0="92,68,113,45,69,51,23,111,90,81,40,37,132" hai1="33,2,28,48,99,118,114,91,36,100,112,75,4" hai2="19,55,95,30,108,125,60,46,106,39,14,122,71" hai3="128,10,77,126,64,104,78,25,93,89,42,27,116"/><T43/><D113/><N who="1" m="43627" /><E118/><V120/><F108/><W35/><G104/><T86/><D111/><U18/><E36/><V117/><F106/><W11/><G116/><T52/><D132/><U76/><E91/><V96/><F117/><W54/><G42/><T83/><D43/><U107/><E18/><V124/><F30/><W17/><G128/><T80/><REACH who="0" step="1"/><D23/><REACH who="0" ten="261,187,263,279" step="2"/><U41/><E41/><V123/><F123/><W20/><G20/><T1/><D1/><U94/><E48/><V79/><F120/><W61/><G35/><T119/><D119/><U63/><E107/><V49/><F122/><W59/><G126/><T131/><D131/><U44/><E44/><AGARI ba="0,1" hai="37,40,44,45,51,52,68,69,80,81,83,86,90,92" machi="44" ten="40,3900,0" yaku="1,1,54,1,53,0" doraHai="57" doraHaiUra="121" who="0" fromWho="1" sc="261,49,187,-39,263,0,279,0" owari="310,41.0,148,-35.2,263,-13.7,279,7.9" /></mjloggm>